Quarters,Year,Quarter,FillingDate,Date,NetIncome,Revenue,OperatingIncome,EPSDiluted,GrossProfit,GrossProfitRatio,TotalAssets,CommonStockEquity,CurrentAssets,CurrentLiability,TotalLiability,Inventory,RetainedEarnings,MarketCap,EnterpriseValue,bookValuePerShare,currentRatio,debtToAssets,debtToEquity,roic,shareholdersEquityPerShare,roe,priceToSalesRatio,peRatio,pbRatio,payoutRatio,inventoryTurnover,dividendYield,assetTurnover,quickRatio,returnOnAssets,priceToFreeCashFlowsRatio,grossProfitMargin,epsdilutedGrowth,fiveYNetIncomeGrowthPerShare,fiveYRevenueGrowthPerShare,fiveYShareholdersEquityGrowthPerShare,grossProfitGrowth,netIncomeGrowth,operatingIncomeGrowth,threeYNetIncomeGrowthPerShare,threeYRevenueGrowthPerShare,threeYShareholdersEquityGrowthPerShare,Industry,Sector,Symbol
2023Q1,2023,Q1,2023-05-15,2023-03-31,-5267000.0,0.0,-5111000.0,-0.65,0.0,0.0,37841000.0,34669000.0,37236000.0,3145000.0,3172000.0,75000.0,-303119000.0,16204570.0,-17541430.0,4.257521797863196,11.839745627980921,0.006210195290822124,0.006778389916063342,-0.147637312380925,4.257521797863196,-0.1519224667570452,0.0,-0.7691555914182646,0.46740805907294697,0.0,0.0,0.0,0.0,11.108744038155804,-0.1391876536032346,-5.1345278833967045,0.0,-0.18181818181818177,0.15368676725805677,0.0,-0.9169232129786239,0.0,-0.1696646679991117,-0.13527321190581965,-0.1284560103106717,-1.0,-0.6344041780801669,Biotechnology,Healthcare,COCP
2022Q4,2022,Q4,2023-03-29,2022-12-31,-4503000.0,0.0,-4502000.0,-0.55,0.0,0.0,40840000.0,39567000.0,40178000.0,1216000.0,1273000.0,75000.0,-297930000.0,15878850.0,-20968150.0,4.859020017192681,33.04111842105263,0.007272282076395691,0.007506255212677231,-0.11214861294155276,4.859020017192681,-0.11380696034574267,0.0,-0.881570619586942,0.4013154901812116,0.0,0.0,0.0,0.0,31.13486842105263,-0.11025954946131244,-3.237278287461774,0.0,0.21428571428571416,-1.2162163337273313,0.0,-0.9063232573535528,0.0,0.21083070452155625,0.20934316824727783,0.9598727146677838,-1.0,-0.34379547054029413,Biotechnology,Healthcare,COCP
2022Q3,2022,Q3,2022-11-14,2022-09-30,-5706000.0,0.0,-5694000.0,-0.7,0.0,0.0,45647000.0,43909000.0,44896000.0,1619000.0,1738000.0,0.0,-293429000.0,28435352.508,-13260647.491999999,5.392239394847033,27.730697961704756,0.007886608101299099,0.008198774738664056,-0.12771950265994145,5.392239394847033,-0.12995057960782527,0.0,-1.2458531593059936,0.6475973606322166,0.0,0.0,0.0,0.0,25.976528721432985,-0.12500273840559073,-3.1700504468227426,0.0,0.8738738738738738,0.37297826445923354,0.0,-0.8909510470404949,0.0,0.8735372340425532,0.7669068282299001,-0.037341332975559985,-1.0,-0.7991519066889291,Biotechnology,Healthcare,COCP
2022Q2,2022,Q2,2022-08-15,2022-06-30,-45120000.0,0.0,-24428000.0,-5.55,0.0,0.0,52383000.0,49393000.0,51596000.0,2813000.0,2990000.0,0.0,-287729000.0,39962286.72,-10651713.280000001,6.081072429681021,18.341983647351583,0.007998778229578299,0.008482983418703054,-0.8982500846091059,6.081072429681021,-0.9134897657562813,0.0,-0.2214222446808511,0.8090678177069625,0.0,0.0,0.0,0.0,18.141841450408815,-0.8613481472996964,-10.731011471535982,0.0,-9.673076923076922,-10.15905291481251,0.0,-0.8800395883902641,0.0,-9.71479458560912,-4.809274673008323,-8.661966528770808,-1.0,-0.7787272421052617,Biotechnology,Healthcare,COCP
2022Q1,2022,Q1,2022-05-11,2022-03-31,-4211000.0,0.0,-4205000.0,-0.52,0.0,0.0,75372000.0,73580000.0,55399000.0,1558000.0,1792000.0,0.0,-263301000.0,53607945.599999994,-704054.400000006,9.05888100289372,35.557766367137354,0.006328610093934087,0.006482739874966024,-0.05645742696241622,9.05888100289372,-0.057230225604783906,0.0,-3.18261372595583,0.7285668061973362,0.0,0.0,0.0,0.0,35.16623876765083,-0.055869553680411826,-13.710472020460356,0.0,-1039.0000000000002,0.5964370054983787,0.0,-0.8202954232329355,-1.0,-1143.6045120956783,-1138.2576537523707,-1.4411524436131165,-1.0,-0.6897642500346984,Biotechnology,Healthcare,COCP
2021Q4,2021,Q4,2022-03-23,2021-12-31,-3679.0,5427.0,-3691.0,-0.0005,5427.0,1.0,79392000.0,77549000.0,59323000.0,1545000.0,298000.0,0.0,-259093000.0,56594850.0,-1583150.0,10.687937153292216,38.39676375404531,0.00663794840790004,0.0067957033617454775,-4.719747721021642e-05,10.687937153292216,-4.744097280429148e-05,10428.385848535103,-3845.8038869257944,0.7297947104411404,0.0,0.0,0.0,6.835701330108827e-05,37.996763754045304,-4.633968158000806e-05,-19.31564846416382,1.0,0.9989694980123488,0.9999847054731289,0.0,-0.7928197507235792,0.0,0.9990664805886831,0.9990662787756135,0.9999710550802469,0.0,-0.5960412596832549,Biotechnology,Healthcare,COCP
2021Q3,2021,Q3,2021-11-15,2021-09-30,-3941000.0,0.0,-3953000.0,-0.485200422698499,0.0,0.0,82598000.0,81012000.0,62441000.0,1228000.0,358000.0,0.0,-255408000.0,102342454.2,41508454.2,9.973878464993856,50.84771986970684,0.009806532845831618,0.009998518737964746,-0.04831218987558358,9.973878464993856,-0.04864711400780131,0.0,-6.492162788632327,1.2632999333432084,0.0,0.0,0.0,0.0,50.19869706840391,-0.047713019685706674,-18.927770334751248,0.0,0.07864617456303745,0.4930811398432525,0.0,-0.8832058011597375,0.0,-0.031405391258832765,-0.03265412748171369,0.3523086317015016,0.0,-0.7757396796748923,Biotechnology,Healthcare,COCP
2021Q2,2021,Q2,2021-08-16,2021-06-30,-3821000.0,0.0,-3828000.0,-0.526616821141853,0.0,0.0,87417000.0,84748000.0,67337000.0,2379000.0,2669000.0,0.0,-251467000.0,108836250.0,42254250.0,11.68011577025118,28.30474989491383,0.005490922818216137,0.005663850474347477,-0.044663275306855835,11.68011577025118,-0.04508660971350356,0.0,-7.12092711332112,1.2842338462264595,0.0,0.0,0.0,0.0,28.189155107187894,-0.04371003351750804,-41.24147404319818,0.0,-0.1419647940319802,0.6807584206667845,0.0,-0.8630415359358966,0.0,-0.3955441928414901,-0.3981008035062089,0.09433395872208472,0.0,-0.7605136627068096,Biotechnology,Healthcare,COCP
2021Q1,2021,Q1,2021-05-17,2021-03-31,-2738000.0,0.0,-2738000.0,-0.46114978666067824,0.0,0.0,53851000.0,52058000.0,33691000.0,1457000.0,1793000.0,0.0,-247646000.0,99034714.44,66295714.44,8.767909766893654,23.123541523678792,0.010009099181073703,0.0103538361058819,-0.05152815417043059,8.767909766893654,-0.0525951822966691,0.0,-9.04261453981008,1.902391840639287,0.0,0.0,0.0,0.0,22.840082361015785,-0.05084399546897922,-55.17254286350975,0.0,-0.4814398287148547,0.7777322271376653,0.0,-0.8998792237192224,-1.0,-0.8338914936369726,-0.8676671214188267,0.396615312876593,0.0,-0.8289122623652925,Biotechnology,Healthcare,COCP
2020Q4,2020,Q4,2021-03-17,2020-12-31,-1493000.0,510000.0,-1466000.0,-0.31128485796194943,510000.0,1.0,54242000.0,52505000.0,34015000.0,1358000.0,1737000.0,0.0,-244908000.0,78274800.0,45860800.0,10.94709408391973,25.047864506627395,0.004000589948748202,0.004132939720026664,-0.027495404928917062,10.94709408391973,-0.028435387105989907,153.48,-13.106965840589417,1.4908065898485858,0.0,0.0,0.0,0.009402308174477342,24.717231222385863,-0.027524796283322887,-32.86095717884131,1.0,0.4408239700374532,0.9802311982062779,0.0,-0.8736905715675387,0.04294478527607362,0.44082397003745316,0.4588409007013658,-1.1217107622433484,0.0,-0.7889516586477714,Biotechnology,Healthcare,COCP
2020Q3,2020,Q3,2020-11-13,2020-09-30,-2670000.0,489000.0,-2709000.0,-0.5566849100860047,489000.0,1.0,53216000.0,50177000.0,32899000.0,2614000.0,3039000.0,0.0,-243415000.0,53503128.0,22375128.0,10.461714881417775,12.585692425401684,0.0042844257366205655,0.004543914542519481,-0.05305730737592542,10.461714881417775,-0.05321163082687287,109.41334969325153,-5.0096561797752805,1.066287900831058,0.0,0.0,0.0,0.009188965724594107,12.380260137719969,-0.05017288033674083,-17.371145454545456,1.0,0.307913497930511,-1.1136493200273345,7.19375553818087,-0.8974421957313047,0.0,0.23605150214592274,0.21478260869565216,0.501867750662506,0.0,-0.7884294500964296,Biotechnology,Healthcare,COCP
2020Q2,2020,Q2,2020-08-06,2020-06-30,-3495000.0,554000.0,-3450000.0,-0.8043574154695922,0.0,0.0,40478000.0,37055000.0,20102000.0,2943000.0,3423000.0,0.0,-240745000.0,79254313.91999999,60645313.91999999,8.528030419672076,6.830445124023106,0.005583279806314541,0.006099041964647146,-0.09082054387027141,8.528030419672076,-0.0943192551612468,143.05832837545125,-5.669121167381974,2.1388291437053026,0.0,0.0,0.0,0.01368644695884184,6.764186204553177,-0.08634319877464301,-34.058579252256116,0.0,-0.40331401353828106,0.4103719304652865,8.079778649073413,-0.9165622291027875,0.0,-0.7562814070351759,-0.7593064762876084,-0.6158185065629578,0.0,-0.8317688119663009,Biotechnology,Healthcare,COCP
2020Q1,2020,Q1,2020-05-13,2020-03-31,-1990000.0,461000.0,-1961000.0,-0.5731841966300225,0.0,0.0,42841000.0,40431000.0,22582000.0,1925000.0,2410000.0,0.0,-237250000.0,29580017.16,8611017.16,11.645433406503136,11.73090909090909,0.00541537312387666,0.005738171205263288,-0.04739004349927501,11.645433406503136,-0.049219658183077344,64.16489622559654,-3.716082557788945,0.7316172530978704,0.0,0.0,0.0,0.010760719871151467,11.6,-0.04645082981256273,-12.968004015782551,0.0,0.9584073570906051,0.9338553620339052,8.38786304056206,-0.8821914610931638,0.0,0.9584073570906051,0.9590818988002087,0.5538246502689699,0.0,-0.7689849683513683,Biotechnology,Healthcare,COCP
2019Q4,2019,Q4,2020-03-27,2019-12-31,-47845000.0,402000.0,-47925000.0,-13.780903461187652,0.0,0.0,28531000.0,25708000.0,8281000.0,2286000.0,2823000.0,0.0,-235260000.0,20643519.018,14042519.018,7.4047340410670675,3.6224846894138234,0.009813886649609197,0.010891551268087754,-1.7879127028539452,7.4047340410670675,-1.861093822934495,51.35203735820895,-0.10786664760163027,0.8029998062081842,0.0,0.0,0.0,0.014089937261224632,3.52668416447944,-1.6769478812519716,-16.76971488058489,0.0,-19.401027544298447,-12.794801312829295,23.55913845318405,1.1252544158586482,0.0,-25.879213483146067,-25.507190265486727,0.5843131351553436,0.0,-0.8564629804188811,Biotechnology,Healthcare,COCP
2019Q3,2019,Q3,2019-11-12,2019-09-30,-1780000.0,492000.0,-1808000.0,-0.6755004585560228,0.0,0.0,73437000.0,70745000.0,7013000.0,2105000.0,2692000.0,0.0,-187415000.0,64823041.800000004,59741041.800000004,26.847351677347543,3.3315914489311163,0.0044255620463798905,0.004593964237755319,-0.025117390458725793,26.847351677347543,-0.025160788748321436,131.75415,-9.104359803370787,0.9162914948052867,0.0,0.0,0.0,0.0066996200825197106,3.212351543942993,-0.02423846290017294,-45.07861043115438,0.0,-0.17491749174917492,0.9098295550795334,0.0,1.29638667346177,0.0,-0.17491749174917492,-0.1664516129032258,0.2942628162795101,0.0,-0.6856172910925363,Biotechnology,Healthcare,COCP
2019Q2,2019,Q2,2019-08-09,2019-06-30,-1515000.0,592000.0,-1550000.0,-0.5749343790518958,0.0,0.0,74907000.0,72418000.0,8533000.0,1854000.0,2489000.0,0.0,-185635000.0,68617561.32,62148561.31999999,27.48224628977531,4.602481121898598,0.00493945826157769,0.005109226987765472,-0.02100470234304067,27.48224628977531,-0.020920213206661327,115.90804277027026,-11.323029920792079,0.9475208003535033,0.0,0.0,0.0,0.007903133218524304,4.524271844660194,-0.020225079098081623,-66.48988499999999,0.0,-1.489771458156208,-1.0411529085837998,0.0,0.5364191210938024,0.0,-1.5099293167283743,-1.5387556482446993,0.6514676800460428,0.0,-0.6777492351175481,Biotechnology,Healthcare,COCP
2019Q1,2019,Q1,2019-05-10,2019-03-31,2971000.0,5078000.0,2877000.0,1.173882980474795,0.0,0.0,76291000.0,73820000.0,9868000.0,1753000.0,2471000.0,0.0,-184120000.0,83426739.0,75952739.0,29.199990664863456,5.629207073588135,0.004967820581719993,0.005134109997290707,0.0382092010199745,29.199990664863456,0.04024654565158493,16.429054549035055,7.0200891114103,1.1301373476022758,0.0,0.0,0.0,0.06656093117143569,5.5042783799201365,0.03894299458651741,41.85987907676869,0.0,1.0670115611755857,2.066900400868576,0.0,5.7547693574479375,0.0,1.0670866639570067,1.051098520505124,1.5664293974560066,0.0,-0.6665652577999381,Biotechnology,Healthcare,COCP
2018Q4,2018,Q4,2019-04-01,2018-12-31,-44286000.0,0.0,-56303000.0,-17.517618749381942,0.0,0.0,68562000.0,66888000.0,2943000.0,1557000.0,1674000.0,0.0,-187091000.0,109213185.60000001,106821185.60000001,26.457992083329543,1.8901734104046244,0.003121262506928036,0.0031993780648247815,-0.6555066618195812,26.457992083329543,-0.662091855041263,0.0,-0.6165220701801924,1.6327769644779333,0.0,0.0,0.0,0.0,1.7488760436737316,-0.6459263148682944,-55.019237078085645,0.0,-22.384176741513024,0.5107340208161392,1.0,2.482757511869036,0.0,-22.707708779443255,-22.275320380322448,-0.11249349191787905,0.0,-0.6947231994265148,Biotechnology,Healthcare,COCP
2018Q3,2018,Q3,2018-11-09,2018-09-30,-1868000.0,0.0,-2419000.0,-0.7491227483875279,0.0,0.0,124171000.0,110901000.0,4991000.0,1137000.0,13270000.0,0.0,-142805000.0,74807490.0,70123490.0,44.47455729366137,4.3896218117854,0.0,0.0,-0.017331040969549558,44.47455729366137,-0.016843851723609346,0.0,-10.011709047109207,0.6745429707577029,0.0,0.0,0.0,0.0,4.119613016710642,-0.015043770284526983,-34.681265646731575,0.0,-0.28832750647237043,0.9725173642437807,-1.0,1.8284854887943656,0.0,-0.39091586001489204,-0.1346153846153846,-1.844307382362276,-1.0,-0.5640090564920787,Biotechnology,Healthcare,COCP
2018Q2,2018,Q2,2018-08-09,2018-06-30,-1343000.0,0.0,-2132000.0,-0.5814691874729399,0.0,0.0,126325000.0,112646000.0,7099000.0,1053000.0,13679000.0,0.0,-140940000.0,101440574.64,94599574.64,48.77153286599324,6.7416904083570754,0.0,0.0,-0.013399238189855146,48.77153286599324,-0.011922305274932089,0.0,-18.88320451228593,0.9005253150577917,0.0,0.0,0.0,0.0,6.49667616334283,-0.010631308133781912,-48.466590845676066,0.0,0.23918519707339742,0.8495995237594768,-1.0,2.7726650485890074,0.0,0.13522215067611076,-0.031446540880503145,0.5737585405101121,-1.0,-0.5228220602741368,Biotechnology,Healthcare,COCP
2018Q1,2018,Q1,2018-05-10,2018-03-31,-1553000.0,0.0,-2067000.0,-0.7642716535433071,0.0,0.0,120721000.0,104136000.0,1481000.0,1358000.0,16585000.0,0.0,-139596000.0,145084800.0,145874800.0,51.24803149606299,1.0905743740795286,0.016890184806288882,0.019580164400399478,-0.015331433093685985,51.24803149606299,-0.014913190443266498,0.0,-23.355569864777852,1.3932242452177923,0.0,0.0,0.0,0.0,0.9197349042709867,-0.012864373224211198,-69.65184829572732,0.0,-1.2988262459111026,0.9091660201040218,-1.0,2.7777871912537853,0.0,-1.2988262459111026,-0.12827510917030568,0.9118041507860687,-1.0,-0.4815602389661838,Biotechnology,Healthcare,COCP
2017Q4,2017,Q4,2018-03-21,2017-12-31,5197000.0,0.0,-1832000.0,2.55757874015748,0.0,0.0,121426000.0,105400000.0,2176000.0,1406000.0,16026000.0,0.0,-138043000.0,146304000.0,146563000.0,51.87007874015748,1.5476529160739687,0.008293116795414491,0.009554079696394687,0.0531647616475627,51.87007874015748,0.04930740037950664,0.0,7.0379064845102945,1.3880834914611004,0.0,0.0,0.0,0.0,1.4530583214793742,0.042799729876632685,-92.59746835443038,0.0,3.2885699299772955,1.1279702114082115,-1.0,3.5410409559550935,0.0,3.299557522123894,0.13175355450236967,3.5601577773453785,-1.0,13.887383298586322,Biotechnology,Healthcare,COCP
2017Q3,2017,Q3,2017-11-08,2017-09-30,-2260000.0,0.0,-2110000.0,-1.1175445008939944,0.0,0.0,122253000.0,99998000.0,2879000.0,1756000.0,22255000.0,0.0,-143240000.0,196566685.20000002,195221685.20000002,49.44787866830244,1.6395216400911161,0.0,0.0,-0.02110042200844017,49.44787866830244,-0.022600452009040182,0.0,-21.74410234513274,1.9657061661233224,0.0,0.0,0.0,0.0,1.5028473804100229,-0.01848625391605932,-89.92071601097896,0.0,-1.244958693079941,-1.182658292904966,-1.0,128.25633680584332,0.0,-1.255489021956088,-0.7583333333333333,0.8508225086517521,0.0,3.2295214429158494,Biotechnology,Healthcare,COCP
2017Q2,2017,Q2,2017-08-08,2017-06-30,-1002000.0,0.0,-1200000.0,-0.4978018100461324,0.0,0.0,124340000.0,102036000.0,4941000.0,1800000.0,22304000.0,0.0,-140981000.0,159417640.8,155966640.8,50.69232714426169,2.745,0.0,0.0,-0.011760555098200636,50.69232714426169,-0.00982006350699753,0.0,-39.77486047904192,1.5623666235446314,0.0,0.0,0.0,0.0,2.636111111111111,-0.00805854913945633,-145.98685054945057,0.0,0.6125034255953471,0.9558854565021153,-1.0,3.1168682748216727,0.0,0.6067503924646782,0.6155078500480615,-1.0356318791866685,0.0,1.8339990805687092,Biotechnology,Healthcare,COCP
2017Q1,2017,Q1,2017-05-10,2017-03-31,-2548000.0,0.0,-3121000.0,-1.2846611890981272,0.0,0.0,122518000.0,99983000.0,3100000.0,2026000.0,22535000.0,0.0,-139978000.0,192786674.4,191231674.4,50.40985135640682,1.5301085883514314,0.0,0.0,-0.03121530660212236,50.40985135640682,-0.025484332336497204,0.0,-18.915490031397177,1.9281945370713023,0.0,0.0,0.0,0.0,1.4062191510365252,-0.020796944122496285,-92.4636328057554,0.0,0.9612495057334915,0.9448326880196259,-1.0,2.369046111041015,0.0,0.9612495057334915,0.966933655414998,-0.1662757124602886,0.0,9.208468944182428,Biotechnology,Healthcare,COCP
2016Q4,2016,Q4,2017-03-31,2016-12-31,-65754000.0,0.0,-94386000.0,-33.152123951317996,0.0,0.0,124883000.0,102319000.0,5472000.0,2039000.0,22564000.0,0.0,-137430000.0,274899517.2,271259517.2,51.58762570573187,2.683668464933791,0.0,0.0,-0.6374906330814962,51.58762570573187,-0.6426372423499057,0.0,-1.0451817273473858,2.68669081206814,0.0,0.0,0.0,0.0,2.430112800392349,-0.5265248272382951,-119.36583465045592,0.0,-33.63607364846266,-1.8118639476647127,-1.0,3.916870033674121,0.0,-33.95693779904306,-48.83421330517424,0.07406324989467063,1.0,3.8910712231582223,Biotechnology,Healthcare,COCP
2016Q3,2016,Q3,2016-11-09,2016-09-30,-1881000.0,0.0,-1894000.0,-0.9571559492508893,0.0,0.0,220901000.0,167822000.0,6755000.0,3150000.0,53079000.0,0.0,-71676000.0,346660750.8,340754750.8,85.39703653119764,2.1444444444444444,0.0,0.0,-0.011285767062721216,85.39703653119764,-0.01120830403641954,0.0,-46.07399665071771,2.0656454505368784,0.0,0.0,0.0,0.0,1.946031746031746,-0.008515126685709888,-109.7374962962963,0.0,0.41864803561701414,0.9282131985065193,-1.0,91.08995236560206,0.0,0.41710567090176637,0.549476688867745,0.9648853744524503,-1.0,2.5908017944952784,Biotechnology,Healthcare,COCP
2016Q2,2016,Q2,2016-08-09,2016-06-30,-3227000.0,0.0,-4204000.0,-1.6464310914761604,0.0,0.0,220148000.0,166833000.0,5936000.0,3383000.0,53315000.0,0.0,-69795000.0,334518237.0,329496237.0,85.28217551260143,1.7546556310966597,0.0,0.0,-0.025198851546156937,85.28217551260143,-0.019342695989402577,0.0,-25.91557460489619,2.005108323892755,0.0,0.0,0.0,0.0,1.5512858409695536,-0.014658320766030125,-64.52898090277777,0.0,0.20516312765700412,0.6663486564756482,-1.0,25.769898301071514,0.0,0.1956630109670987,0.2118485189351331,0.5733243639266273,-1.0,4.099692031706313,Biotechnology,Healthcare,COCP
2016Q1,2016,Q1,2016-05-10,2016-03-31,-4012000.0,0.0,-5334000.0,-2.0714075413019795,0.0,0.0,225168000.0,169343000.0,10916000.0,5891000.0,55825000.0,0.0,-66568000.0,480338035.2,470096035.2,87.57332985818067,1.8529960957392633,0.0,0.0,-0.03149820187430245,87.57332985818067,-0.023691560914829664,0.0,-29.931333200398804,2.8364800151172473,0.0,0.0,0.0,0.0,1.7704973688677643,-0.017817807148440275,-118.30986088669951,0.0,0.8684509042401325,-48.70473658147115,0.0,1503.8127353838606,0.0,0.8682386942099904,0.8797917652626597,0.7534152979808963,-1.0,4.037906814611533,Biotechnology,Healthcare,COCP
2015Q4,2015,Q4,2016-03-15,2015-12-31,-30449000.0,0.0,-44373000.0,-15.746269705138616,0.0,0.0,224230000.0,167594000.0,9919000.0,6700000.0,56636000.0,0.0,-62556000.0,619566451.1999999,610290451.1999999,86.66885932251071,1.4804477611940299,0.0,0.0,-0.17621860299530143,86.66885932251071,-0.1816831151473203,0.0,-5.086919531019081,3.696829547597169,0.0,0.0,0.0,0.0,1.4146268656716419,-0.13579360478080543,-195.94131916508536,0.0,-59.00760025381503,-189.1390955174042,0.0,866.235190904542,0.0,-58.938976377952756,-11.360167130919221,0.21212463266832757,-1.0,5.245783436104757,Biotechnology,Healthcare,COCP
2015Q3,2015,Q3,2015-11-16,2015-09-30,-508000.0,24000.0,-3590000.0,-0.2624045893942832,0.0,0.0,266160000.0,196753000.0,13225000.0,4151000.0,69407000.0,0.0,-32107000.0,444395520.0,431982520.0,102.00798423890502,3.1859792821006985,0.0,0.0,-0.018246227503519643,102.00798423890502,-0.0025819174294674035,18516.48,-218.69858267716535,2.2586467296559647,0.0,0.0,0.0,9.017132551848512e-05,3.0337268128161887,-0.0019086263901412683,-131.24498523331366,0.0,0.8063808771623374,-0.7104751531088234,0.0,570.6202749270177,0.0,0.8063286313381625,0.05947078857741682,0.48560412804626224,-0.99950971156204,263.52212933681557,Biotechnology,Healthcare,COCP
2015Q2,2015,Q2,2015-08-14,2015-06-30,-2623000.0,27000.0,-3817000.0,-1.3552617404133833,0.0,0.0,269129000.0,196523000.0,16329000.0,7349000.0,72606000.0,0.0,-31599000.0,789104808.0,773323808.0,102.20827244028146,2.2219349571370253,0.0,0.0,-0.01981549787592496,102.20827244028146,-0.013347038260152756,29226.104,-75.21014182234083,4.0153305618171915,0.0,0.0,0.0,0.00010032363662035678,2.172404408763097,-0.0097462555131554,-310.1827075471698,0.0,0.8436047860195703,-6.030426419460256,0.0,310.4822460596756,0.0,0.8414339257647201,-0.7606088560885609,0.8791083744559384,-0.9995306707165101,5.268130140039427,Biotechnology,Healthcare,COCP
2015Q1,2015,Q1,2015-05-14,2015-03-31,-16542000.0,27000.0,-2168000.0,-8.665621574474605,0.0,0.0,268603000.0,188698000.0,15754000.0,14648000.0,79905000.0,0.0,-28976000.0,1017074174.3999999,1002817174.3999999,98.85050366096485,1.0755051884216276,0.0,0.0,-0.011489257967758005,98.85050366096485,-0.08766388620971076,37669.41386666666,-15.371088356909684,5.389957362558161,0.0,0.0,0.0,0.00010052009843523714,1.062397596941562,-0.06158531364132195,-650.3031805626598,0.0,-7.674357629785002,-268.827234942534,0.0,189.8764400029798,0.0,-7.6743576297850025,-0.3060240963855422,0.6278716540986842,-0.9993690758670997,3.6846121139035994,Biotechnology,Healthcare,COCP
2014Q4,2014,Q4,2015-03-31,2014-12-31,-1907000.0,9000.0,-1660000.0,-0.998992887348753,0.0,0.0,259283000.0,6651000.0,6376000.0,9157000.0,252632000.0,0.0,-12434000.0,288629157.59999996,284659157.59999996,3.4841635833399254,0.6962979141640275,0.0,0.0,-0.24296146480216257,3.4841635833399254,-0.28672380093219063,32069.906399999996,-37.83811714735186,43.396355074424896,0.0,0.0,0.0,3.4711107168614986e-05,0.6805722398165338,-0.007354897930060976,-164.64869229891613,0.0,0.8666477093503794,-8.77302987585984,0.0,5.384818329332091,0.0,0.2518634758728913,-0.36177194421657094,0.9152684491593643,-0.9997987117409648,1.1970017462450047,Biotechnology,Healthcare,COCP
2014Q3,2014,Q3,2014-11-14,2014-09-30,-2549000.0,0.0,-1219000.0,-7.491381531447246,0.0,0.0,11635000.0,3978000.0,5803000.0,7657000.0,7657000.0,0.0,-10527000.0,43484972.4,40478972.4,11.691128496611395,0.7578686169518088,0.0,0.0,-0.3064353946706888,11.691128496611395,-0.6407742584213173,0.0,-4.264905100039231,10.931365610859729,0.0,0.0,0.0,0.0,0.7427190805798616,-0.21908036097980232,-38.04459527559055,0.0,-1.536221369889211,-126.95086281918043,0.0,17.16472857324746,0.0,-1.5389006342494715,0.12112472963229992,0.4381461114115927,-1.0,13.333603742503103,Biotechnology,Healthcare,COCP
2014Q2,2014,Q2,2014-08-14,2014-06-30,4730000.0,0.0,-1387000.0,13.970688137615708,0.0,0.0,12967000.0,6056000.0,10097000.0,6911000.0,6911000.0,0.0,-7978000.0,39600033.624,35526033.624,17.88720663031728,1.4610041962089422,0.0,0.0,-0.22902906208718626,17.88720663031728,0.7810435931307794,0.0,2.0930250329809725,6.5389751690885065,0.0,0.0,0.0,0.0,1.438431486036753,0.36477211382740804,-29.596437686098653,0.0,13.683237899729612,201.76225868238868,0.0,24.631198575498843,0.0,13.71505376344086,0.09464751958224543,3.825760822652392,-1.0,4.614757122525464,Biotechnology,Healthcare,COCP
2014Q1,2014,Q1,2014-05-15,2014-03-31,-372000.0,0.0,-1532000.0,-1.1015080098681695,0.0,0.0,10481000.0,-2074000.0,10037000.0,12555000.0,12555000.0,0.0,-12707000.0,69299938.8,66700938.8,-6.141200228592409,0.799442453205894,0.0,0.0,0.7386692381870781,-6.141200228592409,0.17936354869816779,0.0,-46.572539516129034,-33.413663837994214,0.0,0.0,0.0,0.0,0.7872560732775786,-0.03549279648888465,-38.93254988764045,0.0,0.9692349704767363,-5.687468450692568,0.0,-9.047074055399897,0.0,0.9692349704767363,-0.5799156828288329,-25.388802525176253,0.0,-106.52706319942284,Biotechnology,Healthcare,COCP
2013Q4,2013,Q4,2014-03-31,2013-12-31,-12091651.0,-5764116.0,-969672.0,-35.80389900277006,0.0,0.0,6456269.0,-6026182.0,6456269.0,12482451.0,12482451.0,0.0,-33749980.0,77810457.60000001,77220986.60000001,-17.843775446451044,0.5172276662652231,0.0,0.0,0.1609098430814071,-17.843775446451044,2.0065193849107112,-13.499113758293554,-1.6087641298942552,-12.912065649527346,0.0,0.0,0.0,-0.8927936552829505,0.04722397868815988,-1.872854275433691,-21.5763831916499,0.0,-0.31351745301039446,-434.14847234187704,0.0,-20.32034772626811,-1.0,-1.27777722311502,-1.3895317890586496,-431.3384729817358,0.0,-179.55029045872598,Biotechnology,Healthcare,COCP
2013Q3,2013,Q3,2013-11-18,2013-09-30,-5308531.0,2086986.0,-405800.0,-27.25803065708235,1109821.0,0.5317817177499035,7596690.0,-10454576.0,2826001.0,15287185.0,18051266.0,1726450.0,-21658329.0,41365112.4,46020301.4,-53.681757731667616,0.18486078372179052,0.682545161116223,-0.49596310744692085,0.07700932082257644,-53.681757731667616,0.5077710468602457,19.82050306039427,-1.9480489235157523,-3.956651364914273,0.0,0.5659966984274089,0.0,0.27472307017924913,0.05834233052062888,-0.6987952647797923,-123.60413437001357,0.5317817177499035,-6.050459445552446,-324.69068457954694,0.0,-54.59832704954572,1.0116458642228177,-6.116413032404056,0.46379492600422834,-176.02512773847369,0.0,-301.81548363189955,Biotechnology,Healthcare,COCP
2013Q2,2013,Q2,2013-08-15,2013-06-30,-745956.0,1955982.0,-756800.0,-3.86613537281988,551698.0,0.2820567878436509,7701036.0,-5308545.0,3234830.0,10108082.0,13009581.0,1524847.0,-16349798.0,34730280.0,40770807.0,-27.513112477066123,0.3200241153564049,0.8304074932255868,-1.2046611642173137,-0.6965786831091635,-27.513112477066123,0.1405198599616279,17.755930269296957,-11.639520293422132,-6.542335046608816,0.0,0.9209343625950669,0.0,0.25398946323585553,0.14913373278926703,-0.09686436993672021,-50.880445833931546,0.2820567878436509,0.5405074511100131,-27.05784055764062,0.0,-26.45266126128344,-0.06820834241145245,0.4945285930057875,0.2579861107706728,-18.924532772587064,0.0,-84.8468928770541,Biotechnology,Healthcare,COCP
2013Q1,2013,Q1,2013-05-10,2013-03-31,-1475763.0,2028897.0,-1019927.0,-8.413923973651903,592083.0,0.29182506554053755,7113406.0,-5056088.0,2522631.0,9212929.0,12169494.0,1678316.0,-15603842.0,66299310.0,72286069.0,-28.82686507597138,0.27381422346791123,0.8545669964571121,-1.2022895962253821,-0.9971968939982049,-28.82686507597138,0.29187842458438223,32.67751393984022,-11.231361336474759,-13.112768211312778,0.0,0.8561045714871335,0.0,0.28522159426862465,0.07113709440287665,-0.20746221992671302,1207.7917038602372,0.29182506554053755,0.5790027266518666,-40.74124205413652,0.0,-24.736624440092307,-0.6564302654110334,0.5790027266518666,0.6180311918579394,-260.9905255066053,0.0,-56.66354422451445,Biotechnology,Healthcare,COCP
2012Q4,2012,Q4,2013-04-01,2012-12-31,-3505398.0,3874776.0,-2670184.0,-19.985697072898176,1723327.0,0.44475525811040434,7239767.0,-3580325.0,2670293.0,7925513.0,10820092.0,1651087.0,-14128079.0,205212150.0,210798052.0,-20.412925111890306,0.33692367926214994,0.7801629527580101,-1.5775657237820588,-1.2912707888733979,-20.412925111890306,0.9790725702275631,52.96103568309497,-14.635438686277563,-57.31662628392674,0.0,1.3030500512692547,0.0,0.5352072794607893,0.11321588899040352,-0.48418657672270393,1847.3767363142874,0.44475525811040434,-38.03381603435464,-53.08518496023416,0.0,-15.45958104590885,-0.14791900289346016,-34.50489213005166,-8.369724937761855,-194.51814574329794,0.0,-38.407204137282,Biotechnology,Healthcare,COCP
2012Q3,2012,Q3,2012-11-14,2012-09-30,-98730.0,4893758.0,362318.0,-0.5120098187507023,2022492.0,0.4132799374223245,8259909.0,-74927.0,3643566.0,5421344.0,8334836.0,2151779.0,-10622681.0,112804380.0,117057241.0,-0.3885690874769224,0.6720779939439372,0.5248825380521747,-57.86274640650233,0.08504009454167356,-0.3885690874769224,1.3176825443431606,23.05066576647231,-285.6385597082953,-1505.5237764757699,0.0,1.3343684458301712,0.0,0.5924711761352335,0.18484789011728456,-0.011952916188301832,314.444308165757,0.4132799374223245,0.9546265052263063,-2.579153061633987,0.0,0.0,-0.004028223169472963,0.9467079918580305,0.3792712267023998,-7.745019224152197,0.0,-1.603727177236871,Biotechnology,Healthcare,COCP
2012Q2,2012,Q2,2012-08-14,2012-06-30,-1852623.0,4912144.0,262688.0,-11.28433728335054,2030672.0,0.41339830428423924,9071342.0,-3931522.0,4368821.0,10048851.0,13002864.0,2371318.0,-17412136.0,236414880.0,241770484.0,-23.946850045986952,0.4347582624122897,0.6095918332700939,-1.4065331441614723,0.16435524377867902,-23.946850045986952,0.4712228495732696,48.12865420883427,-31.902723867727,-60.133169800397916,0.0,1.2151352117261371,0.0,0.5415013566901127,0.142846381143476,-0.20422810649185094,-1718.7809346555384,0.41339830428423924,0.5154173971512845,-80.89389869386815,0.0,-23.153475474769376,0.17585420990216424,0.49188022279538657,1.4441926805471244,-161.15823579714882,0.0,-35.31427172905074,Biotechnology,Healthcare,COCP
2012Q1,2012,Q1,2012-05-21,2012-03-31,-3646036.0,3510042.0,-591383.0,-23.286715653870594,1726976.0,0.49201006711600603,8004206.0,-5765161.0,3236205.0,10773625.0,13769367.0,1741737.0,-9809513.0,198408038.4,203763594.4,-36.82114937536724,0.30038218334126165,0.6786980495004751,-0.9422874747123281,1.777408767679925,-36.82114937536724,0.6324257032891188,56.52583028921022,-13.604366385850279,-34.41500391749684,0.0,1.0237286111508224,0.0,0.4385246956412666,0.10333021615287334,-0.45551501298192476,-91.09605993363664,0.49201006711600603,-0.975102898269662,-114.52415810521742,0.0,-31.319280014397478,6.680580499582256,-0.9751028982696622,0.243072390162986,-140.37777883145463,0.0,-49.248307301394675,Biotechnology,Healthcare,COCP
2011Q4,2011,Q4,2012-04-16,2011-12-31,-1845998.0,3667328.0,-781294.0,-11.79012783297088,-304014.0,-0.08289795731388085,7546636.0,-2769125.0,2904436.0,7278170.0,10315761.0,1819751.0,-6163477.0,207426585.6,213458299.6,-17.685952788493474,0.39906130249774324,0.8544266610977395,-2.328550354353812,-0.21274745407721224,-17.685952788493474,0.6666358506748522,56.56068549090782,-28.091388181352308,-74.90690582765313,0.0,2.1823546188462046,0.0,0.4859553316206055,0.12906705943939203,-0.24461203640933524,-259.9887765423418,-0.08289795731388085,0.1157399015609417,-30.906217431562055,0.0,-13.52791877291404,-1.1702634088861086,0.261513067752449,0.6474769570074701,-142.29283699098113,0.0,-20.14946524458845,Biotechnology,Healthcare,COCP
2011Q3,2011,Q3,2011-11-21,2011-09-30,-2499703.0,3930503.0,-2216292.0,-13.333325628718772,1785551.0,0.4542805335602085,10705593.0,-177712.0,6055880.0,7796043.0,10883305.0,3387618.0,-4372907.0,313163251.2,319603079.2,-0.9479085546037401,0.7767889428008542,0.674558896457207,-40.636271045286755,-0.3146425366501033,-0.9479085546037401,14.066033807508779,79.67510804596765,-31.320045941457845,-1762.1953002610967,0.0,0.6331741064075112,0.0,0.36714481860089393,0.33453471203275814,-0.23349505253935957,473.70385678306445,0.4542805335602085,-1.6968378068955334,-92.20502572186093,0.0,0.0,0.4141208466583984,-3.397773054985732,-3.8210025319980163,-158.31210466835657,0.0,-1.9464353417165041,Biotechnology,Healthcare,COCP
2011Q2,2011,Q2,2011-08-22,2011-06-30,-568402.0,2570936.0,-459716.0,-4.944059147579008,1262658.0,0.4911277449146925,11120154.0,366256.0,6443588.0,7542532.0,10753898.0,2838159.0,-2032544.0,206526718.8,213639597.8,3.1857489540476833,0.8543003861302809,0.8050755412200227,24.44346031191298,-0.049331996969573404,3.1857489540476833,-1.5519254292079856,80.3313341133346,-90.83655529009398,563.8862402254161,0.0,0.4609600801082674,0.0,0.23119607875934092,0.465499781770896,-0.051114579888012344,-240.24540108811854,0.4911277449146925,-117.44430054295093,-34.88055974935054,0.0,1.9471688838714165,0.0,-129.0393502630977,-181.28231562252182,-34.88055974935054,0.0,1.9471688838714165,Biotechnology,Healthcare,COCP
2011Q1,2011,Q1,2011-05-23,2011-03-31,-4371.0,0.0,-2522.0,-0.04174163826300925,0.0,0.0,2336851.0,6094.0,2122414.0,2334292.0,2334292.0,0.0,-208706.0,3958304.2674604002,4135890.2674604002,0.05819550021009206,0.9092324353594152,0.0,0.0,,0.05819550021009206,-0.7172628815228094,0.0,-226.39580573440864,649.5412319429604,0.0,0.0,0.0,0.0,0.9092324353594152,-0.0018704658534069993,0.0,0.0,0.4959640221402214,0.7929221148379761,0.0,-0.9520806466832322,0.0,0.4959640221402214,0.7127562642369021,0.7929221148379761,0.0,-0.9520806466832322,Biotechnology,Healthcare,COCP
2010Q4,2010,Q4,2011-02-18,2010-12-31,-8672.0,0.0,-8780.0,-0.08281479913448095,0.0,0.0,89373.0,10465.0,22778.0,82443.0,82443.0,0.0,-204335.0,3958304.2674604002,10835526.2674604,0.09993697238244395,0.2762878594907997,0.0,0.0,,0.09993697238244395,-0.8286669851887243,0.0,-114.11163132669512,378.2421660258385,0.0,0.0,0.0,0.0,0.2762878594907997,-0.09703154196457543,-2429.898261178883,0.0,0.4621681964773009,0.7758883576689495,0.0,-0.9292092268145843,0.0,0.4621681964773009,0.46062169799729696,0.7758883576689495,0.0,-0.9292092268145843,Biotechnology,Healthcare,COCP
2010Q3,2010,Q3,2010-11-12,2010-09-30,-16124.0,0.0,-16278.0,-0.15397899230216452,0.0,0.0,91187.0,18687.0,24508.0,75934.0,75934.0,0.0,-195663.0,3958304.2674604002,3933796.2674604002,0.17845410443485235,0.3227539705533753,0.0,0.0,,0.17845410443485235,-0.8628458286509338,0.0,-61.372864479353765,211.82128043347785,0.0,0.0,0.0,0.0,0.3227539705533753,-0.17682345071117594,-1590.9583068570741,0.0,0.20645701067965938,-0.07636849132176238,0.0,0.0,0.0,0.20645701067965944,0.21744146916013654,-0.07636849132176238,0.0,0.0,Biotechnology,Healthcare,COCP
2010Q2,2010,Q2,2010-08-11,2010-06-30,-20319.0,0.0,-20801.0,-0.19403988740930792,0.0,0.0,94462.0,34361.0,27699.0,63400.0,63400.0,0.0,-179539.0,3958304.2674604002,3931173.2674604002,0.32813514649146264,0.4368927444794953,0.0,0.0,,0.32813514649146264,-0.5913390180728151,0.0,-48.70200634209853,115.19758643405024,0.0,0.0,0.0,0.0,0.42793375394321764,-0.21510236920666512,-445.0032903271951,0.0,-5.04192685102587,-0.40820569686048935,0.0,-0.6964388257224386,0.0,-5.0419268510258695,-4.72399559713814,-0.40820569686048935,0.0,-0.6964388257224386,Biotechnology,Healthcare,COCP
2010Q1,2010,Q1,2010-05-17,2010-03-31,-3363.0,0.0,-3634.0,-0.03211556382486847,0.0,0.0,104701.0,54230.0,37854.0,53310.0,53310.0,0.0,-159220.0,3958304.2674604002,3921818.2674604002,0.5178769242522633,0.7100731570061902,0.0,0.0,,0.5178769242522633,-0.0620136455836253,0.0,-294.2539598171573,72.99104310271805,0.0,0.0,0.0,0.0,0.684411930219471,-0.03212003705790776,-625.02830687832,0.0,0.6858183856502241,0.8406765207504264,0.0,-0.5735696536973548,0.0,0.6858183856502242,0.6650999907842595,0.8406765207504264,0.0,-0.5735696536973548,Biotechnology,Healthcare,COCP
2009Q4,2009,Q4,2010-04-15,2009-12-31,-10704.0,0.0,-10851.0,-0.10221974284311393,0.0,0.0,112554.0,57143.0,45623.0,58014.0,58014.0,0.0,-155857.0,3958304.2674604002,3915249.2674604002,0.5456950227281409,0.7864136242975833,0.0,0.0,,0.5456950227281409,-0.18731953170117074,0.0,-92.44918412416854,69.27015150517825,0.0,0.0,0.0,0.0,0.742148446926604,-0.09510101817794125,-1288.510503730599,0.0,-0.7458815853857445,0.7233751130637034,0.0,-0.6134546438476628,0.0,-0.7458815853857446,-0.5660268437003897,0.7233751130637034,0.0,-0.6134546438476628,Biotechnology,Healthcare,COCP
2009Q3,2009,Q3,2009-11-16,2009-09-30,-6131.0,0.0,-6929.0,-0.05854906982166774,0.0,0.0,117011.0,67397.0,49996.0,52115.0,52115.0,0.0,-145153.0,3958304.2674604002,3912075.2674604002,0.6436170212765957,0.9593399213278326,0.0,0.0,,0.6436170212765957,-0.09096844073178331,0.0,-161.40532814632198,58.73116410909092,0.0,0.0,0.0,0.0,0.8870574690588122,-0.0523967832084163,-2210.1084687104412,0.0,0.15863867160697134,0.5907209612817089,0.0,0.0,0.0,0.15863867160697132,0.07871293710942694,0.5907209612817089,0.0,0.0,Biotechnology,Healthcare,COCP
2009Q2,2009,Q2,2009-08-14,2009-06-30,-7287.0,0.0,-7521.0,-0.06958849645905935,0.0,0.0,120814.0,73078.0,53715.0,49510.0,49510.0,0.0,-139022.0,3807511.771908,3758764.771908,0.6978685205699224,1.084932336901636,0.0,0.0,,0.6978685205699224,-0.09971537261556146,0.0,-130.62686194277478,52.10202484890117,0.0,0.0,0.0,0.0,0.9845889719248636,-0.06031585743374112,-289.43457027046753,0.0,0.5775162337662337,0.49497539677039293,0.0,-0.35439470638643733,0.0,0.5775162337662337,0.5713797230295777,0.49497539677039293,0.0,-0.35439470638643733,Biotechnology,Healthcare,COCP
2009Q1,2009,Q1,2009-05-15,2009-03-31,-17248.0,0.0,-17547.0,-0.16471282927485323,0.0,0.0,124620.0,79915.0,62637.0,46310.0,46310.0,0.0,-131735.0,3807511.771908,3745440.771908,0.7631594025745827,1.3525588425825956,0.0,0.0,,0.7631594025745827,-0.21582931865106675,0.0,-55.18772860488173,47.64451945076644,0.0,0.0,0.0,0.0,1.3403368602893544,-0.13840475044134168,-310.0327149180034,0.0,-1.001857010213556,0.18286905438696227,0.0,-0.3715990941402196,0.0,-1.0018570102135562,-0.9446968857364513,0.18286905438696227,0.0,-0.3715990941402196,Biotechnology,Healthcare,COCP
2008Q4,2008,Q4,2009-03-31,2008-12-31,-8616.0,0.0,-9023.0,-0.0822800172212509,0.0,0.0,137203.0,96713.0,75136.0,41859.0,41859.0,0.0,-114487.0,3807511.771908,3732923.771908,0.9235742388937698,1.7949783797988486,0.0,0.0,,0.9235742388937698,-0.08908833352289765,0.0,-110.47794138544567,39.36918275627889,0.0,0.0,0.0,0.0,1.7818868104828114,-0.06279746069692353,-815.6623333136247,0.0,0.016887266088544076,0.7773355730714563,0.0,-0.345782317526889,0.0,0.016887266088544045,0.025383452149492333,0.7773355730714563,0.0,-0.345782317526889,Biotechnology,Healthcare,COCP
2008Q3,2008,Q3,2008-11-14,2008-09-30,-8764.0,0.0,-9258.0,-0.08369336942050173,0.0,0.0,141970.0,104879.0,79819.0,38359.0,38359.0,0.0,-105871.0,3807511.771908,3728154.771908,1.0015565911608542,2.0808415235016553,0.0,0.0,,1.0015565911608542,-0.08356296303359109,0.0,-108.61227099235509,36.30385274371418,0.0,0.0,0.0,0.0,2.068797413905472,-0.061731351694019866,-669.9827154509942,0.0,0.39261210063067437,0.4149532710280374,0.0,0.0,0.0,0.3926121006306743,0.3971086220369888,0.4149532710280374,0.0,0.0,Biotechnology,Healthcare,COCP
2008Q2,2008,Q2,2008-08-14,2008-06-30,-14429.0,0.0,-15356.0,-0.13779228974993377,0.0,0.0,147730.0,113193.0,85495.0,35703.0,35703.0,0.0,-97107.0,3807511.771908,3722369.771908,1.0809522900034378,2.394616698876845,0.0,0.0,,1.0809522900034378,-0.12747254688894188,0.0,-65.9697791237785,33.63734305043598,0.0,0.0,0.0,0.0,2.3847295745455566,-0.09767142760441345,-409.18987339150993,0.0,0.28015420382292217,0.0,0.0,0.0,0.0,0.3164203145726739,0.30881757212945044,0.0,0.0,0.0,Biotechnology,Healthcare,COCP
2008Q1,2008,Q1,2008-05-13,2008-03-31,-21108.0,0.0,-22217.0,-0.19141917683164142,0.0,0.0,162269.0,127172.0,99950.0,36160.0,36160.0,0.0,-82678.0,3807511.771908,3712961.771908,1.21444669391497,2.764103982300885,0.0,0.0,,1.21444669391497,-0.16597993268958575,0.0,-45.09560086114269,29.93985918211556,0.0,0.0,0.0,0.0,2.614767699115044,-0.13008029876316488,-254.97299751610527,0.0,0.4819855081247754,0.0,0.0,0.0,0.0,0.454503165783693,0.10436991050552286,0.0,0.0,0.0,Biotechnology,Healthcare,COCP
2007Q4,2007,Q4,2008-03-28,2007-12-31,-38695.0,0.0,-24806.0,-0.36952475236493776,0.0,0.0,171181.0,147830.0,109846.0,24051.0,24051.0,0.0,-61570.0,3807511.771908,3697665.771908,1.4117231368654264,4.567211342563719,0.0,0.0,,1.4117231368654264,-0.26175336535209365,0.0,-24.599507506835508,25.75601550367314,0.0,0.0,0.0,0.0,4.567211342563719,-0.226047283284944,-115.73687676782784,0.0,-1.583110814419226,0.0,0.0,0.0,0.0,-1.5831108144192256,0.16696890321714017,0.0,0.0,0.0,Biotechnology,Healthcare,COCP
2007Q3,2007,Q3,2007-09-30,2007-09-30,-14980.0,0.0,-29778.0,-0.1430541617890365,0.0,0.0,,,,,,,,3807511.771908,,,0.0,0.0,0.0,0.0,,0.0,0.0,-63.543253870293725,0.0,,0.0,,0.0,0.0,0.0,0.0,0.0,0.0,0.0,0.0,0.0,0.0,0.0,0.0,0.0,0.0,0.0,Biotechnology,Healthcare,COCP
