Quarters,Year,Quarter,FillingDate,Date,NetIncome,Revenue,OperatingIncome,EPSDiluted,GrossProfit,GrossProfitRatio,TotalAssets,CommonStockEquity,CurrentAssets,CurrentLiability,TotalLiability,Inventory,RetainedEarnings,MarketCap,EnterpriseValue,bookValuePerShare,currentRatio,debtToAssets,debtToEquity,roic,shareholdersEquityPerShare,roe,priceToSalesRatio,peRatio,pbRatio,payoutRatio,inventoryTurnover,dividendYield,assetTurnover,quickRatio,returnOnAssets,priceToFreeCashFlowsRatio,grossProfitMargin,epsdilutedGrowth,fiveYNetIncomeGrowthPerShare,fiveYRevenueGrowthPerShare,fiveYShareholdersEquityGrowthPerShare,grossProfitGrowth,netIncomeGrowth,operatingIncomeGrowth,threeYNetIncomeGrowthPerShare,threeYRevenueGrowthPerShare,threeYShareholdersEquityGrowthPerShare,Industry,Sector,Symbol
2023Q1,2023,Q1,2023-05-08,2023-03-31,49273000.0,201320000.0,74565000.0,0.71,106064000.0,0.5268428373,2528263000.0,1048554000.0,135264000.0,296623000.0,1479709000.0,0.0,635871000.0,1969519760.0,2917624760.0,15.583075734157651,0.4560131884580764,0.39016510544986815,0.9407622306528801,0.029181040833307678,15.583075734157651,0.04699138051068424,9.783030796741507,9.99289550057841,1.878319819484738,0.4487244535546851,0.0,0.011226086911664192,0.07962779188715731,0.4170377887082256,0.019488874377388745,30.975084297936586,0.5268428372739916,-0.04054054054054058,3.2861227989699846,0.7558321340555887,1.406820945434084,0.00979673442185938,-0.05731886969331726,-0.06328907201989875,-0.1316411912472798,-0.007822378790966682,0.817953989155619,Asset Management,Financial Services,VCTR
2022Q4,2022,Q4,2023-03-06,2022-12-31,52269000.0,201515000.0,79603000.0,0.74,105035000.0,0.5212267077,2540899000.0,1065410000.0,157887000.0,281262000.0,1475489000.0,0.0,609122000.0,1825888820.0,2773231820.0,15.655361918476505,0.5613520489792435,0.38786035966010457,0.9250091514065008,0.02933894115632328,15.655361918476505,0.04905998629635539,9.060808475795847,8.73313445828311,1.7137898273903942,0.32663720369626353,0.0,0.009350514561998358,0.07930854394448579,0.5313337742034118,0.020571065595287336,27.60934510758623,0.5212267076892539,-0.26732673267326734,3.2208287219293563,0.7265323795571702,3.171394657789991,-0.056899400208310885,-0.28166400967511407,-0.1929947283049473,0.38193753956905324,-0.08366639347525505,0.9685372377992519,Asset Management,Financial Services,VCTR
2022Q3,2022,Q3,2022-11-07,2022-09-30,72764000.0,207260000.0,98640000.0,1.01,111372000.0,0.5373540481,2589125000.0,1067009000.0,161524000.0,318045000.0,1522116000.0,28908000.0,573744000.0,1599275790.0,2532449790.0,15.552026702036176,0.5078652391957112,0.38617023125573313,0.9370520773489258,0.04068900575872118,15.552026702036176,0.06819436387134505,7.716278056547332,5.494735686603264,1.4988400191563518,0.23896432301687648,3.3170056731700566,0.010872421197597197,0.08005021001303529,0.5757392821770504,0.028103702988461352,15.727281390134529,0.5373540480555824,-0.0733944954128441,7.993453233694899,0.9640204534782689,3.721697376777289,-0.05260471605022287,-0.08132062369799886,0.06204980781032979,1.7633658009175077,-0.04834628583249093,1.0786987109717043,Asset Management,Financial Services,VCTR
2022Q2,2022,Q2,2022-08-08,2022-06-30,79205000.0,216006000.0,92877000.0,1.09,117556000.0,0.5442256234,2567570000.0,1038181000.0,141378000.0,324137000.0,1529389000.0,29498000.0,518380000.0,1651356100.0,2626134100.0,15.151282088702734,0.43616742303408745,0.3962875403591723,0.9800757286060908,0.03408295824669138,15.151282088702734,0.07629209164875875,7.644954769774913,5.212284893630453,1.5906244672171808,0.21915283126065274,3.337514407756458,0.010511360935415444,0.08412857293082565,0.5032316582185927,0.03084823393325206,18.65770438830388,0.5442256233623141,0.12371134020618568,31.687605576412476,1.0790517483997808,0.0,-0.0327315812858953,0.11129039047044463,-0.08530712337131545,4.431463827045704,1.3319728910878075,1.10281752661109,Asset Management,Financial Services,VCTR
2022Q1,2022,Q1,2022-05-09,2022-03-31,71273000.0,230019000.0,101539000.0,0.97,121534000.0,0.5283650481,2572592000.0,986274000.0,140177000.0,353140000.0,1586318000.0,0.0,456466000.0,1984725890.0,3006704890.0,14.346429662385267,0.3969445545675936,0.4122414281005305,1.0752884086977859,0.039050104453981174,14.346429662385267,0.07226490812897836,8.628530208374091,6.961703204579575,2.012347370000629,0.24386513827115458,0.0,0.00875738059727734,0.08941137965133997,0.3745341790791188,0.02770474292075852,26.952834716243192,0.5283650481047217,0.03191489361702131,14.638605434879103,1.2126329782577416,0.0,0.0011532695190866105,0.021952338619483237,0.13042171357320984,3.8187396755161096,1.5825233877790628,1.0603056346211333,Asset Management,Financial Services,VCTR
2021Q4,2021,Q4,2022-03-14,2021-12-31,69742000.0,229122000.0,89824000.0,0.94,121394000.0,0.52982254,2579746000.0,929927000.0,180492000.0,371482000.0,1649819000.0,0.0,402811000.0,2497848340.0,3556239340.0,13.599798180701395,0.4858701094534863,0.43722288938523407,1.2129167128172427,0.03559507689914435,13.599798180701395,0.0749972847331027,10.901826712406491,8.953888402970952,2.6860692721041546,0.16847810501562904,0.0,0.004704048605288822,0.08881572061745614,0.6850183858168094,0.02703444447631666,23.179951001772473,0.5298225399568789,-0.06000000000000005,26.258607296752622,1.2742333826587449,1.7350656518857583,-0.03344108795006131,-0.05976407145264577,-0.09265937351636919,3.9634544809676315,1.3643824630540187,1.0215643472669311,Asset Management,Financial Services,VCTR
2021Q3,2021,Q3,2021-11-08,2021-09-30,74175000.0,226290000.0,98997000.0,1.0,125594000.0,0.5550134783,1791030000.0,867667000.0,173489000.0,157158000.0,923363000.0,0.0,344748000.0,2379979800.0,2949136800.0,12.763562812591939,1.1039145318723833,0.35392874491214554,0.7305763616687047,0.052950568391773666,12.763562812591939,0.08548786573650952,10.517388307039639,8.021502527805863,2.7429645244085576,0.14521065048870913,0.0,0.004525668663238234,0.12634629235691194,1.2581033100446684,0.04141471667141254,24.495973568826034,0.5550134782800831,0.07526881720430102,20.40516005664236,1.571483434189022,0.0,0.04471007078747952,0.07080987440450412,0.03914220934626527,2.602069571911489,1.0934513769235685,0.9632963708325064,Asset Management,Financial Services,VCTR
2021Q2,2021,Q2,2021-08-06,2021-06-30,69270000.0,221904000.0,95268000.0,0.93,120219000.0,0.5417613022,1756075000.0,816156000.0,136536000.0,151853000.0,939919000.0,0.0,281344000.0,2188487040.0,2824404040.0,12.041961756373938,0.8991327138746024,0.38013125863075325,0.8179061355917251,0.04947579047414057,12.041961756373938,0.08487348006998661,9.862314514384598,7.898394110004332,2.681456780321409,0.11902699581348347,0.0,0.0037674429180078674,0.1263636234215509,0.8581061948068197,0.039445923437210824,27.575311728239505,0.5417613021847285,0.05681818181818187,27.90170451781339,1.1592969617806517,0.0,0.07491952789699571,0.062390724210913774,0.06141093631623513,2.7186902043490293,1.1309546860517994,0.9447591788213168,Asset Management,Financial Services,VCTR
2021Q1,2021,Q1,2021-05-07,2021-03-31,65202000.0,212949000.0,89756000.0,0.88,111840000.0,0.5251961737,1749670000.0,765376000.0,129086000.0,151428000.0,984294000.0,0.0,220302000.0,1731971160.0,2424237160.0,11.295228818937147,0.8524579338035237,0.41302188412672103,0.9441790701563676,0.047462150303886994,11.295228818937147,0.08518950163057112,8.133267402054013,6.64079000644152,2.262902364328121,0.09804913959694488,0.0,0.003691170007703824,0.1217080935262078,0.8077105951343213,0.037265312887573086,21.857007862091596,0.5251961737317385,0.17333333333333334,13.514692682345338,1.0782377031809645,0.0,0.043215461676942735,0.18775844794607888,0.1554136683701711,4.632151587610132,0.8442911810660758,0.7445588899564021,Asset Management,Financial Services,VCTR
2020Q4,2020,Q4,2021-03-15,2020-12-31,54895000.0,200388000.0,77683000.0,0.75,107207000.0,0.5349971056,1730729000.0,707541000.0,117930000.0,134644000.0,1023188000.0,0.0,161581000.0,1674402090.0,2420667090.0,10.483797359569708,0.8758652446451383,0.44432663923699206,1.0868755308879627,0.03979399966515025,10.483797359569708,0.07758560987985148,8.355800197616624,7.625476318426085,2.36650892315781,0.08594589671190454,0.0,0.002817722235404042,0.11578242463147033,0.830694275274056,0.03171784837487556,25.034793445270097,0.5349971056151067,-0.013157894736842117,21.14332655916392,1.0152241082354139,1.10840438060169,0.04942344211907046,-0.015177338045603775,-0.03610735423672031,3.4699945214255705,0.7312497473862656,1.7934235265075025,Asset Management,Financial Services,VCTR
2020Q3,2020,Q3,2020-11-06,2020-09-30,55741000.0,188656000.0,80593000.0,0.76,102158000.0,0.5415041133,1753991000.0,659557000.0,140815000.0,176813000.0,1094434000.0,0.0,111404000.0,1144179270.0,1903772270.0,9.736164622174984,0.7964063728345766,0.46515461025740723,1.2370075672004088,0.04184194383745679,9.736164622174984,0.08451278661283255,6.064897326350606,5.131677176584561,1.7347693527625363,0.0809099226781005,0.0,0.003941690011566107,0.10755813456283413,0.766233252079881,0.031779524524356166,19.055997701647154,0.5415041133067594,0.24590163934426235,15.633599495944285,1.1513235197250895,0.0,0.12075566916435365,0.24644454382826475,0.22455708511866776,5.977523938002479,0.8105803318575485,1.955963479047821,Asset Management,Financial Services,VCTR
2020Q2,2020,Q2,2020-08-07,2020-06-30,44720000.0,181886000.0,65814000.0,0.61,91151000.0,0.5011435734,1747840000.0,614840000.0,136241000.0,196765000.0,1133000000.0,0.0,60141000.0,1165842990.0,1967891990.0,9.065628640096726,0.6924046451350596,0.490452787440498,1.3942375252098107,0.03376895944397696,9.065628640096726,0.07273436991737688,6.409745609887512,6.517458575581395,1.8961729718300695,0.07866726296958855,0.0,0.0030175589939430863,0.10406330098864884,0.6606307015983534,0.025585865983156354,18.09837449741528,0.5011435734471043,-0.20779220779220783,17.646263146314848,0.7687166335692265,0.0,-0.1062751250122561,-0.21771682468600217,-0.273760524370193,17.646263146314848,0.7687166335692265,0.0,Asset Management,Financial Services,VCTR
2020Q1,2020,Q1,2020-05-11,2020-03-31,57166000.0,204421000.0,90623000.0,0.77,101990000.0,0.4989213437,1731763000.0,581080000.0,121449000.0,192311000.0,1150683000.0,0.0,18860000.0,1109044400.0,1960561400.0,8.571765747160349,0.6315239377882701,0.5131458519439438,1.529302333585737,0.04764007206874562,8.571765747160349,0.09837888070489434,5.425295835555056,4.850104957492215,1.908591588077373,0.061050274638771294,0.0,0.00314685327296184,0.11804213394096075,0.5966377378309093,0.03301029066910426,21.655102120513924,0.4989213436975653,0.5098039215686274,11.720345434566909,0.9941567626390503,0.0,-0.04568974390164027,0.5208172603687249,0.0385161926153423,11.720345434566909,0.9941567626390503,0.0,Asset Management,Financial Services,VCTR
2019Q4,2019,Q4,2020-03-13,2019-12-31,37589000.0,218554000.0,87262000.0,0.51,106873000.0,0.4890004301,1753309000.0,537871000.0,137837000.0,207903000.0,1215438000.0,0.0,-34705000.0,1418264010.0,2305682010.0,7.952789318823651,0.6629870660837025,0.5273109303608206,1.7188861269709652,0.04630050800309081,7.952789318823651,0.06988478650085243,6.489307036247335,9.432706443374391,2.636810703681738,0.0918353773710394,0.0,0.002433961501991438,0.12465230030758982,0.6396492595104448,0.021438890691828992,24.717044440571627,0.489000430099655,0.45714285714285724,14.763646740568012,1.193232839174582,0.5993914478425518,0.045499011954373815,0.4461757463835026,0.1098929052936837,14.763646740568012,1.193232839174582,0.5993914478425518,Asset Management,Financial Services,VCTR
2019Q3,2019,Q3,2019-11-13,2019-09-30,25992000.0,214980000.0,78622000.0,0.35,102222000.0,0.4754953949,1791642000.0,506685000.0,170015000.0,204878000.0,1284957000.0,0.0,-68853000.0,1041595120.0,1968560120.0,7.4816165613371926,0.8298353166274564,0.5614559158581904,1.98531237356543,0.0396770012167089,7.4816165613371926,0.05129814381716451,4.845079170155364,10.018420283164051,2.05570545802619,0.150777162203755,0.0,0.0037624984264519206,0.1199904891713858,0.8073536446080106,0.014507362519967718,8.950026379329604,0.4754953949204577,0.7499999999999998,7.825554390813475,1.4521949075909664,0.0,1.5790190735694822,0.8071334214002642,2.45971397139714,7.825554390813475,1.4521949075909664,0.0,Asset Management,Financial Services,VCTR
2019Q2,2019,Q2,2019-08-13,2019-06-30,14383000.0,91360000.0,22725000.0,0.2,39636000.0,0.4338441331,841095000.0,486951000.0,143249000.0,35896000.0,354144000.0,0.0,-90926000.0,1192164120.0,1438541120.0,7.205229125667698,3.990667483842211,0.32075687050808765,0.5540331573402663,0.02290040243775198,7.205229125667698,0.029536852783955674,13.049081873905429,20.721756935270808,2.4482219360880255,0.001668636584857123,0.0,2.01314563971276e-05,0.10862031042866739,1.8830510363271673,0.01710032754920669,38.54144963144963,0.4338441330998249,0.0,5.018194471561456,-0.1084580115208995,0.0,0.06516890166886136,-0.009912576581537826,0.02711864406779661,5.018194471561456,-0.1084580115208995,0.0,Asset Management,Financial Services,VCTR
2019Q1,2019,Q1,2019-05-15,2019-03-31,14527000.0,87479000.0,22125000.0,0.2,37211000.0,0.4253706604,813928000.0,470165000.0,112876000.0,30331000.0,343763000.0,0.0,-105285000.0,1043197642.3499999,1246256642.35,6.96325313162744,3.72147308034684,0.33088921870239135,0.572820180149522,0.02248061213265323,6.96325313162744,0.030897663586187826,11.925120798705974,17.952737012975838,2.2187905147129197,0.002822330832243409,0.0,3.930223606299545e-05,0.10747756558319654,3.595133691602651,0.017848016040730875,59.7683993554486,0.42537066038706434,0.05263157894736847,2.2453725430195886,-0.14322829031160186,0.0,-0.09095128743831533,0.043981315127560185,-0.14101021081647708,2.2453725430195886,-0.14322829031160186,0.0,Asset Management,Financial Services,VCTR
2018Q4,2018,Q4,2019-03-15,2018-12-31,13915000.0,95967000.0,25757000.0,0.19,40934000.0,0.4265424573,801511000.0,455548000.0,98876000.0,26188000.0,345963000.0,0.0,-119709000.0,692054259.82,909420259.82,6.727363489115616,3.7756224224835804,0.3354376920591233,0.590183690851458,0.026469228131768132,6.727363489115616,0.030545628561644438,7.211377450790376,12.433601505928854,1.5191686931344228,0.009845490477901545,0.0,0.00019796135643415161,0.11973260504222649,3.6738964411180692,0.017360959487767478,20.56991617584116,0.42654245730303125,-0.3448275862068965,6.08891688109698,-0.03812796017731848,0.3529451365638945,-0.10597125758965623,-0.3241864983001457,-0.19028607356177302,6.08891688109698,-0.03812796017731848,0.3529451365638945,Asset Management,Financial Services,VCTR
2018Q3,2018,Q3,2018-11-13,2018-09-30,20590000.0,108082000.0,31810000.0,0.29,45786000.0,0.4236228049,786201000.0,441894000.0,78054000.0,22642000.0,344307000.0,0.0,-133487000.0,649135589.1500001,892379589.1500001,6.501088171002802,3.447310308276654,0.3413669023570308,0.6073470108215997,0.03396177958637166,6.501088171002802,0.04659488474611558,6.0059546376825015,7.881685152379797,1.4689848451212282,0.02413793103448276,0.0,0.000765633572256897,0.13747375035137324,3.337161028177723,0.0261892315069556,16.2808956171152,0.42362280490738513,0.11538461538461527,6.387225224066047,0.2283463865150504,0.0,0.06153204117592507,0.10254350736278448,0.07162107532677536,6.387225224066047,0.2283463865150504,0.0,Asset Management,Financial Services,VCTR
2018Q2,2018,Q2,2018-08-13,2018-06-30,18675000.0,104399000.0,29684000.0,0.26,43132000.0,0.4131457198,781244000.0,420739000.0,69830000.0,27489000.0,360505000.0,0.0,-153580000.0,718897584.5600001,991642584.5600001,6.19200664406806,2.540288842809851,0.3685237902627092,0.6842888346457067,0.031308117689969855,6.19200664406806,0.04438618716116167,6.886058147683408,9.623796312717536,1.7086544973487126,0.0077108433734939755,0.0,0.00020030669610349985,0.13363174629181152,2.436429117101386,0.023904183584129927,21.709122287784993,0.413145719786588,0.625,6.772011899246859,0.013300271429686894,0.0,0.003069767441860465,0.7745153933865451,0.08860202435088749,6.772011899246859,0.013300271429686894,0.0,Asset Management,Financial Services,VCTR
2018Q1,2018,Q1,2018-05-14,2018-03-31,10524000.0,104964000.0,27268000.0,0.16,43000000.0,0.4096642658,785145000.0,398826000.0,71161000.0,35393000.0,386319000.0,0.0,-172111000.0,757668401.1,1055807401.1,6.474547167174978,2.010595315457859,0.3953855657235288,0.7783720218842303,0.028733898029751206,6.474547167174978,0.026387447157406988,7.218364402080714,17.998584214652226,1.8997467594891007,0.005036107943747624,0.0,6.995144567604167e-05,0.1336874080583841,1.8946966914361596,0.013403893548325468,30.10323815407843,0.40966426584352733,-0.058823529411764754,1.5771132854938477,0.12684901631403894,0.0,-0.002181278136167448,-0.06111160674458025,0.012701478125232118,1.5771132854938477,0.12684901631403894,0.0,Asset Management,Financial Services,VCTR
2017Q4,2017,Q4,2018-03-29,2017-12-31,11209000.0,105646000.0,26926000.0,0.17,43094000.0,0.4079094334,792622000.0,231183000.0,74956000.0,31852000.0,561439000.0,0.0,-183888000.0,714549061.1999999,1184853061.1999998,3.7530282322341395,2.3532588220519903,0.6096537820045368,2.0902272225898963,0.029093493651568828,3.7530282322341395,0.0484853990129032,6.763616807072676,15.936949353198322,3.090837393753001,1.2527433312516727,0.0,0.01965155475317277,0.13328673693134938,2.182437523546402,0.014141671566017597,20.8432723061665,0.4079094333907578,0.5454545454545455,5.506342560961308,0.16402853561588981,-0.24522566642884347,0.038659918052542784,0.4278980891719745,0.11076275731199207,5.506342560961308,0.16402853561588981,-0.24522566642884347,Asset Management,Financial Services,VCTR
2017Q3,2017,Q3,2017-09-30,2017-09-30,7850000.0,102388000.0,24241000.0,0.11,41490000.0,0.4052232684,799510000.0,219255000.0,78039000.0,44708000.0,580255000.0,0.0,-193677000.0,772180181.1999999,1260663181.1999998,3.2937364386217687,1.7455265276907936,0.6254055609060549,2.280531800871132,0.02038851492024838,3.2937364386217687,0.03580306036350368,7.541705875688557,24.591725515923564,3.5218361323573006,0.15019108280254778,0.0,0.001526845713869249,0.12806343885629948,1.599243983179744,0.009818513839726832,24.509766106967145,0.40522326835176,2.323262839879154,3.0972481966337164,0.18819556463311324,0.0,0.05398196367331386,2.334749362786746,0.24702916816708678,3.0972481966337164,0.18819556463311324,0.0,Asset Management,Financial Services,VCTR
2017Q2,2017,Q2,2017-06-30,2017-06-30,2354000.0,100934000.0,19439000.0,0.0331,39365000.0,0.3900073315,,,,,,,,772180181.1999999,,,0.0,0.0,0.0,0.0,,0.0,7.650347565736025,82.00724099405268,0.0,0.0356839422259983,0.0,0.00010878290073368695,0.0,0.0,0.0,47.46328484848485,0.39000733152356987,-0.46612903225806457,0.0,0.0,0.0,0.03238919485969053,-0.4665760253795604,-0.00628770064410592,0.0,0.0,0.0,Asset Management,Financial Services,VCTR
2017Q1,2017,Q1,2017-03-31,2017-03-31,4413000.0,100661000.0,19562000.0,0.062,38130000.0,0.3787961574,,,,,,,,772180181.1999999,,,0.0,0.0,0.0,0.0,,0.0,7.671095868310467,43.74462843870383,0.0,27.16202130070247,0.0,0.1552306092779062,0.0,0.0,0.0,85.72160093250443,0.3787961573995887,2.6445623342175066,0.0,0.0,0.0,0.4229204761727059,2.6417410714285716,0.8707086162379267,0.0,0.0,0.0,Asset Management,Financial Services,VCTR
2016Q4,2016,Q4,2016-12-31,2016-12-31,-2688000.0,98079000.0,10457000.0,-0.0377,26797000.0,0.2732185279,850951000.0,330998000.0,105044000.0,48514000.0,519953000.0,0.0,-74532000.0,772180181.1999999,1174267181.1999998,4.972384546354373,2.16523065506864,0.49183560510534685,1.2644426854542927,0.009148960479202413,4.972384546354373,-0.008120894990302056,7.873042967403827,-71.81735316220238,2.3328847340467314,-0.03236607142857143,0.0,0.00011266800433131861,0.11525810534331589,2.078492806200272,-0.0031588187803998115,47.99727630532073,0.2732185279213695,0.28326996197718635,0.0,0.0,0.0,-0.05277483209614705,0.28185947101255676,-0.24026445800639348,0.0,0.0,0.0,Asset Management,Financial Services,VCTR
2016Q3,2016,Q3,2016-09-30,2016-09-30,-3743000.0,86171000.0,13764000.0,-0.0526,28290000.0,0.3283007044,,,,,,,,772180181.1999999,,,0.0,0.0,0.0,0.0,,0.0,8.961021471260633,-51.57495199038204,0.0,,0.0,,0.0,0.0,0.0,0.0,0.3283007044133177,0.0,0.0,0.0,0.0,0.0,0.0,0.0,0.0,0.0,0.0,Asset Management,Financial Services,VCTR
