Year,Date,FillingDate,NetIncome,Revenue,OperatingIncome,EPSDiluted,GrossProfit,GrossProfitRatio,TotalAssets,CommonStockEquity,CurrentAssets,CurrentLiability,TotalLiability,Inventory,RetainedEarnings,EnterpriseValue,bookValuePerShare,currentRatio,debtToAssets,debtToEquity,roic,shareholdersEquityPerShare,roe,priceToSalesRatio,peRatio,pbRatio,payoutRatio,inventoryTurnover,dividendYield,assetTurnover,quickRatio,returnOnAssets,priceToFreeCashFlowsRatio,grossProfitMargin,epsdilutedGrowth,fiveYNetIncomeGrowthPerShare,fiveYRevenueGrowthPerShare,fiveYShareholdersEquityGrowthPerShare,grossProfitGrowth,netIncomeGrowth,operatingIncomeGrowth,threeYNetIncomeGrowthPerShare,threeYRevenueGrowthPerShare,threeYShareholdersEquityGrowthPerShare,Industry,Sector,Price,MarketCap,AvgVolume,Symbol
2022,2022-12-31,2023-03-06,275511000.0,854800000.0,399108000.0,3.81,455497000.0,0.5328696771,2540899000.0,1065410000.0,157887000.0,281262000.0,1475489000.0,0.0,609122000.0,2784688230.0,15.557745944130488,0.5613520489792435,0.38786035966010457,0.9250091514065008,0.15316897949566508,15.557745944130488,0.2585962211730695,2.149444583528311,6.668863421061228,1.7245428802057423,0.25116964476917436,0.0,0.037663036249317175,0.3364163628699921,0.5313337742034118,0.10843052006396162,5.568286520429377,0.5328696771174544,0.016000000000000014,7.586386946363258,0.6795868970813318,2.7092792779382773,-0.04916010328840385,-0.010338052150049033,0.06757613449424227,1.9411613478163152,0.37824955603765725,0.9557710859264156,Asset Management,Financial Services,33.23,2222738085,342260,VCTR
2021,2021-12-31,2022-03-14,278389000.0,890265000.0,373845000.0,3.75,479047000.0,0.5380948369,2579746000.0,929927000.0,180492000.0,371482000.0,1649819000.0,0.0,402811000.0,3541554280.0,13.680225373661292,0.4858701094534863,0.43722288938523407,1.2129167128172427,0.14423338183597964,13.680225373661292,0.2993665094141798,2.789240596900923,8.919760766409592,2.6702776454495893,0.13347869348286032,0.0,0.014964380433331793,0.345097928245649,0.4679580706467608,0.10791333720451549,6.830847321482606,0.5380948369305768,0.30208333333333337,42.63379988069079,1.7134872986733134,1.550807587075209,0.19016114045504912,0.30993026604304497,0.18789182525030743,3.2619868969070955,1.1002111658788256,0.9908633654433013,Asset Management,Financial Services,33.23,2222738085,342260,VCTR
2020,2020-12-31,2021-03-15,212522000.0,775351000.0,314713000.0,2.88,402506000.0,0.5191274661,1730729000.0,707541000.0,117008000.0,134644000.0,1023188000.0,0.0,161581000.0,2426150100.0,10.449579087284006,0.8690175574106532,0.44432663923699206,1.0868755308879627,0.16262332933993784,10.449579087284006,0.3003670458673066,2.1666124116690377,7.904523296411665,2.3742583115324765,0.07639679656694366,0.0,0.00966494672760655,0.44799099107948154,0.830694275274056,0.12279334315193194,6.925733332783635,0.5191274661411412,1.2857142857142856,53.982963692504406,2.1660404046431365,1.7887688145526774,0.4076491036643795,1.2977587008465687,0.4155219718436558,5.698733295603127,0.5408259906793146,1.4913896467285468,Asset Management,Financial Services,33.23,2222738085,342260,VCTR
2019,2019-12-31,2020-03-13,92491000.0,612373000.0,222330000.0,1.26,285942000.0,0.4669409004,1753309000.0,537871000.0,137837000.0,207903000.0,1215438000.0,0.0,-34705000.0,2305325520.0,7.954788807382868,0.6629870660837025,0.5273109303608206,1.7188861269709652,0.11651029570355663,7.954788807382868,0.17195758834367347,2.3154311506222514,15.330221535068276,2.6361479239445886,0.08039701160112876,0.0,0.005244347670855148,0.34926701454221704,0.6396492595104448,0.052752253025564806,6.382801863647617,0.4669409003989399,0.39999999999999997,22.962220741847926,1.5040181595308124,1.122962730563723,0.6542591349825284,0.4518868516890619,0.9414245671024022,14.905915443361772,0.876422609404898,0.48324571337252575,Asset Management,Financial Services,33.23,2222738085,342260,VCTR
2018,2018-12-31,2019-03-15,63704000.0,413412000.0,114519000.0,0.9,172852000.0,0.4181107467,801511000.0,455548000.0,98876000.0,26188000.0,345963000.0,0.0,-119709000.0,894903352.8000001,6.871503896810691,3.7756224224835804,0.3354376920591233,0.590183690851458,0.11860386856964718,6.871503896810691,0.1398403680841536,1.6388913548711699,10.635711302273013,1.4873017833466506,0.013044706768805727,0.0,0.0012265006446741248,0.5157908001262616,3.6738964411180692,0.07947988237216956,5.1406865970151525,0.4181107466643445,0.9148936170212768,15.832996011589497,0.7241365036066055,0.8338571933315643,0.06646758679409424,1.4666615039107875,0.2700625499068406,15.832996011589497,0.7241365036066055,0.8338571933315643,Asset Management,Financial Services,33.23,2222738085,342260,VCTR
2017,2017-12-31,2018-03-29,25826000.0,409629000.0,90168000.0,0.47,162079000.0,0.3956726697,792622000.0,231183000.0,74956000.0,31852000.0,561439000.0,0.0,-183888000.0,1109680606.8,4.194277318686536,2.3532588220519903,0.6096537820045368,2.0902272225898963,0.0847571957202587,4.194277318686536,0.11171236639372273,1.5608675333045268,24.757090017811507,2.7656731109121346,5.233911561991791,0.0,0.21141061240340644,0.5168024606937481,2.182437523546402,0.03258299668694535,7.021178586488623,0.39567266965961884,5.931794333683105,7.207964292083966,1.0547683020632996,0.11936276937436129,0.6577410479590062,5.253994399604678,1.1558913542463658,7.207964292083966,1.0547683020632996,0.11936276937436129,Asset Management,Financial Services,33.23,2222738085,342260,VCTR
2016,2016-12-31,2016-12-31,-6071000.0,297883000.0,41824000.0,-0.0953,97771000.0,0.3282194687,850951000.0,330998000.0,105044000.0,48514000.0,519953000.0,0.0,-74532000.0,1118012459.1999998,5.363095767386841,2.16523065506864,0.49183560510534685,1.2644426854542927,0.03734598593581198,5.363095767386841,-0.01834150055287343,2.4033780350003187,-117.92545860648987,2.162929864228787,-0.10327787843847801,0.0,0.0008757895000697861,0.35005893406318345,2.078492806200272,-0.007134370839214009,18.655551886595788,0.32821946871758373,-2.784644194756554,-2.7231674419023384,0.33446386063582695,0.4312953756910866,0.024176906235923865,-2.5976315789473685,0.2590006020469597,-2.7231674419023384,0.33446386063582695,0.4312953756910866,Asset Management,Financial Services,33.23,2222738085,342260,VCTR
2015,2015-12-31,2015-12-31,3800000.0,240763000.0,33220000.0,0.0534,95463000.0,0.3965019542,620389000.0,249429000.0,56320000.0,28910000.0,370960000.0,0.0,-67834000.0,1068934181.1999999,3.74702235364753,1.9481148391560015,0.5027458578408064,1.2504480232851833,0.031139369023682806,3.74702235364753,0.015234796274691395,3.207221131153873,203.20531084210523,3.095791512614812,15.816052631578948,0.0,0.07783287044042046,0.38808392798711777,1.8220338983050848,0.0061251891958110155,19.939580158033362,0.3965019542039267,0.0,0.0,0.0,0.0,0.0,0.0,0.0,0.0,0.0,0.0,Asset Management,Financial Services,33.23,2222738085,342260,VCTR
TTM,,,,,,,,,,,,,,,,3170843085.0,15.583075734157651,0.4560131884580764,0.39016510544986815,0.9407622306528801,0.13400584542843152,15.583075734157651,0.24034296923032436,2.6906372041675293,8.820052147638563,2.132441667286568,0.2916204819514735,0.0,0.03430634968402047,0.32674646585422484,0.4170377887082256,0.1002708183444523,6.947945488304633,0.5326552080193584,,,,,,,,,,,Asset Management,Financial Services,33.23,2222738085,342260,VCTR
