Quarters,Year,Quarter,FillingDate,Date,NetIncome,Revenue,OperatingIncome,EPSDiluted,GrossProfit,GrossProfitRatio,TotalAssets,CommonStockEquity,CurrentAssets,CurrentLiability,TotalLiability,Inventory,RetainedEarnings,MarketCap,EnterpriseValue,bookValuePerShare,currentRatio,debtToAssets,debtToEquity,roic,shareholdersEquityPerShare,roe,priceToSalesRatio,peRatio,pbRatio,payoutRatio,inventoryTurnover,dividendYield,assetTurnover,quickRatio,returnOnAssets,priceToFreeCashFlowsRatio,grossProfitMargin,epsdilutedGrowth,fiveYNetIncomeGrowthPerShare,fiveYRevenueGrowthPerShare,fiveYShareholdersEquityGrowthPerShare,grossProfitGrowth,netIncomeGrowth,operatingIncomeGrowth,threeYNetIncomeGrowthPerShare,threeYRevenueGrowthPerShare,threeYShareholdersEquityGrowthPerShare,Industry,Sector,Symbol
2023Q1,2023,Q1,2023-05-03,2023-04-01,836000000.0,6489000000.0,1243000000.0,0.68,2113000000.0,0.3256279858,90943000000.0,49153000000.0,8216000000.0,8954000000.0,41590000000.0,4016000000.0,831000000.0,47409420000.0,66688420000.0,40.09216965742251,0.9175787357605539,0.2210725399426014,0.4090289504201168,0.014293017470850936,40.09216965742251,0.017008117510630073,7.306121128062876,14.177458133971292,0.9645274957784877,0.5873205741626795,1.0896414342629481,0.010356591580323066,0.07135238556018605,0.3475541657359839,0.009192571170953234,215.49736363636364,0.32562798582216057,-0.055555555555555455,-0.16291364182228296,0.023469264704664566,-0.262281807565541,-0.10617597292724196,-0.060674157303370786,0.013866231647634585,1.2044244197588407,0.05048379263539351,-0.03952966493422127,Packaged Foods,Consumer Defensive,KHC
2022Q4,2022,Q4,2023-02-16,2022-12-31,890000000.0,7381000000.0,1226000000.0,0.72,2364000000.0,0.3202818046,90513000000.0,48678000000.0,7897000000.0,9028000000.0,41643000000.0,3651000000.0,489000000.0,49910460000.0,68940460000.0,39.7047308319739,0.8747230837394772,0.22173610420602566,0.41230124491556763,0.015050513086113755,39.7047308319739,0.018283413451661942,6.76201869665357,14.01979213483146,1.0253186244299273,0.550561797752809,1.374144070117776,0.009817581324636159,0.08154629721697436,0.3500221533008418,0.00983284169124877,74.71625748502994,0.3202818046335185,1.0571428571428572,-0.88950715225571,0.07152468770028012,-0.2675767904974406,0.28269126424308194,1.0601851851851851,0.14901593252108716,3.870166538192639,0.12467840306217177,-0.060893858438290524,Packaged Foods,Consumer Defensive,KHC
2022Q3,2022,Q3,2022-10-27,2022-09-24,432000000.0,6505000000.0,1067000000.0,0.35,1843000000.0,0.2833205227,89992000000.0,48148000000.0,7860000000.0,8686000000.0,41649000000.0,3535000000.0,-208000000.0,41619840000.0,60692840000.0,39.24042379788101,0.9049044439327654,0.22301982398435416,0.4168397441222896,0.012484127383313236,39.24042379788101,0.008972335299493229,6.398130668716372,24.085555555555555,0.8644147212760656,1.1342592592592593,1.3188118811881189,0.011773231228183481,0.07228420304027025,0.35137002072300255,0.004800426704595964,78.23278195488722,0.28332052267486546,0.6666666666666666,-0.5457295594877958,0.022693389858993177,-0.18659548008272656,-0.07106854838709678,0.630188679245283,-0.15518606492478226,-0.5218158725669109,0.06537042611034492,-0.07277383822861637,Packaged Foods,Consumer Defensive,KHC
2022Q2,2022,Q2,2022-07-28,2022-06-25,265000000.0,6554000000.0,1263000000.0,0.21,1984000000.0,0.3027158987,91676000000.0,48796000000.0,8138000000.0,9119000000.0,42674000000.0,3433000000.0,-640000000.0,47040000000.0,66440000000.0,39.8334693877551,0.8924224147384582,0.22817313146297832,0.42868267890810724,0.0120325126440337,39.8334693877551,0.00543077301418149,7.1772963075984135,44.37735849056603,0.9640134437248955,1.849056603773585,1.3311972036120012,0.010416666666666668,0.07149090274444783,0.4016887816646562,0.002890614773768489,580.7407407407408,0.3027158986878242,-0.6666666666666667,-0.7726611610994699,-0.024030467061768493,-0.16827240645456745,0.027446918694976695,-0.6606914212548015,0.13273542600896862,-0.4122085359756374,0.018927408615647276,-0.057159407619633645,Packaged Foods,Consumer Defensive,KHC
2022Q1,2022,Q1,2022-04-28,2022-03-26,781000000.0,6045000000.0,1115000000.0,0.63,1931000000.0,0.3194375517,93864000000.0,49644000000.0,9275000000.0,9064000000.0,44020000000.0,3093000000.0,-905000000.0,48130250000.0,66902250000.0,40.52571428571429,1.023278905560459,0.23171823063155203,0.4381194102006285,0.012561599896739311,40.52571428571429,0.015732011924905327,7.961993382961125,15.406610115236877,0.9695078962210941,0.6274007682458387,1.330100226317491,0.010180707559175363,0.0644016875479417,0.5565975286849073,0.008320548879229523,176.94944852941177,0.3194375516956162,4.0,-0.13113147610668005,-0.056328967790761846,-0.14571131632865164,-0.10684551341350601,4.0627450980392155,-0.1890909090909091,0.9205240614764425,0.010291413091499396,-0.04374269522906929,Packaged Foods,Consumer Defensive,KHC
2021Q4,2021,Q4,2022-02-17,2021-12-25,-255000000.0,6709000000.0,1375000000.0,-0.21,2162000000.0,0.3222536891,93394000000.0,49298000000.0,8994000000.0,9064000000.0,43942000000.0,2729000000.0,-1682000000.0,43181250000.0,61551250000.0,40.243265306122446,0.9922771403353927,0.23358031565196907,0.44251288084709317,0.009481794413874343,40.243265306122446,-0.005172623635847296,6.436316887762707,-42.33455882352941,0.8759229583350238,-1.9215686274509804,1.6661780872114327,0.011347517730496455,0.07183544981476327,0.5959841129744042,-0.002730368117866244,16.197018004501125,0.3222536890743777,-1.3559322033898304,-1.268363023175372,-0.027973439922855493,-0.14613386314810456,0.06607495069033531,-1.3478854024556617,0.062596599690881,0.9799527010046203,-0.030385092652646602,-0.05191110025162911,Packaged Foods,Consumer Defensive,KHC
2021Q3,2021,Q3,2021-10-28,2021-09-25,733000000.0,6324000000.0,1294000000.0,0.59,2028000000.0,0.320683112,94897000000.0,50089000000.0,9557000000.0,8455000000.0,44659000000.0,2839000000.0,-1425000000.0,44577750000.0,66276750000.0,40.88897959183674,1.1303370786516853,0.25261072531270745,0.47858811315857774,0.014629640151964636,40.88897959183674,0.014633951566212142,7.048980075901328,15.20387107776262,0.8899708518836471,0.6684856753069577,1.5132088763649172,0.010992030777686177,0.06664067357239956,0.5004139562389119,0.007724164093701592,228.60384615384615,0.3206831119544592,29.921568627450977,-0.13442823210044125,0.0033290022567187302,-0.13599845350860232,-0.11479703186381493,30.32,0.04777327935222672,0.1577933268545512,-0.013323094054178582,-0.23768959054142413,Packaged Foods,Consumer Defensive,KHC
2021Q2,2021,Q2,2021-08-04,2021-06-26,-25000000.0,6615000000.0,1235000000.0,-0.0204,2291000000.0,0.3463340892,97038000000.0,49997000000.0,11385000000.0,9879000000.0,46896000000.0,2820000000.0,-2158000000.0,49804560000.0,71018560000.0,40.84722222222222,1.1524445794108715,0.25922834353552215,0.5031301878112687,-0.0006369520046607363,40.84722222222222,-0.000500030001800108,7.529034013605442,-498.0456,0.9961509690581435,-19.6,1.5333333333333334,0.009838456558997812,0.06816917084028937,0.6021864561190404,-0.000257631031142439,49.068532019704435,0.34633408919123204,-1.0443478260869565,-1.0261652906776746,-0.031772542669356856,-0.14033359657516614,0.0408905043162199,-1.044404973357016,0.13406795224977044,-1.0329336981706263,-0.014660792525206277,-0.24185386225179456,Packaged Foods,Consumer Defensive,KHC
2021Q1,2021,Q1,2021-04-30,2021-03-27,563000000.0,6394000000.0,1089000000.0,0.46,2201000000.0,0.3442289647,98664000000.0,50288000000.0,13136000000.0,7570000000.0,48233000000.0,2676000000.0,-2131000000.0,48956690000.0,73802690000.0,41.11856091578087,1.7352708058124173,0.2757439390253791,0.5410038180082724,0.011337974552868611,41.11856091578087,0.011195513840279987,7.656660932123867,21.73920515097691,0.9735262885777919,0.8685612788632326,1.5668908819133034,0.009988420377276324,0.0648058055623125,0.5863936591809775,0.005706235303656855,83.97373927958833,0.3442289646543635,-0.45238095238095233,-0.37576199480200917,-0.03315449321788995,-0.24718515569408026,-0.12762584225128815,-0.45445736434108525,-0.2974193548387097,-0.43488557268006056,0.010959309926908528,-0.24339563826323996,Packaged Foods,Consumer Defensive,KHC
2020Q4,2020,Q4,2021-02-17,2020-12-26,1032000000.0,6939000000.0,1550000000.0,0.84,2523000000.0,0.3635970601,99830000000.0,50103000000.0,10822000000.0,8061000000.0,49587000000.0,2554000000.0,-2694000000.0,42780539999.99999,67669539999.99999,40.967293540474245,1.342513335814415,0.28354202143644197,0.564956190248089,0.01589444446571153,40.967293540474245,0.020597569007843843,6.16523130134025,10.363502906976743,0.8538518651577749,0.4757751937984496,1.7290524667188722,0.01147718097995023,0.06950816387859361,0.6798163999503783,0.0103375738755885,30.47047008547008,0.36359706009511455,0.7142857142857143,0.5882256745707277,-0.033136408983166006,-0.2465071682730743,0.07636518771331058,0.7286432160804021,0.35135135135135137,-0.8715636749407851,0.009829089201922228,-0.2442866129346855,Packaged Foods,Consumer Defensive,KHC
2020Q3,2020,Q3,2020-10-30,2020-09-26,597000000.0,6441000000.0,1147000000.0,0.49,2344000000.0,0.3639186462,98122000000.0,49218000000.0,10065000000.0,7694000000.0,48783000000.0,2661000000.0,-3739000000.0,35625990000.0,61322990000.0,40.24366312346689,1.3081622043150507,0.2896088542834431,0.5773700678613516,0.009751666647473439,40.24366312346689,0.012129708643179325,5.531127154168607,14.918756281407035,0.723840668048275,0.8207705192629816,1.5396467493423525,0.013754003748387063,0.0656427712439616,0.6107356381596049,0.0060842624487882436,36.69,0.3639186461729545,1.362962962962963,5.645502861815208,-0.017253459028746393,-0.31539432919218857,-0.04404567699836868,1.3613801452784504,-0.28846153846153844,-0.3701702537522347,0.015943492520482362,-0.16579959351958554,Packaged Foods,Consumer Defensive,KHC
2020Q2,2020,Q2,2020-07-31,2020-06-27,-1652000000.0,6648000000.0,1612000000.0,-1.35,2452000000.0,0.3688327316,98306000000.0,49040000000.0,8776000000.0,8050000000.0,49141000000.0,2815000000.0,-4336000000.0,37790700000.0,63838700000.0,40.098119378577266,1.0901863354037267,0.2935731288019043,0.5884991843393148,0.020073494105772718,40.098119378577266,-0.03368678629690049,5.6845216606498195,-5.718931598062953,0.7706097063621533,-0.2960048426150121,1.4905861456483127,0.012939691511403601,0.06762557727910809,0.6033540372670807,-0.016804671128923972,20.133564198188598,0.36883273164861613,-5.35483870967742,-2.4512882991305482,-0.28726431111340506,3.866356431348451,0.31969860064585576,-5.37037037037037,0.49675023212627667,-2.419539358160424,-0.008413818760806232,-0.1627464830694956,Packaged Foods,Consumer Defensive,KHC
2020Q1,2020,Q1,2020-05-01,2020-03-28,378000000.0,6157000000.0,1077000000.0,0.31,1858000000.0,0.3017703427,104073000000.0,51009000000.0,11708000000.0,7934000000.0,52949000000.0,2831000000.0,-2686000000.0,29621279999.999996,56997280000.0,41.742225859247135,1.4756743130829342,0.3149616134828438,0.6426120880628908,0.00905235526648675,41.742225859247135,0.007410456978180321,4.810992366412213,19.59079365079365,0.5807069340704581,1.291005291005291,1.5185446838572942,0.016474642554271796,0.05916039702900849,0.973531635996975,0.003632065953705572,365.6948148148148,0.3017703426993666,1.0666666666666667,-0.57602463003445,-0.3192519796380091,4.433789861686366,-0.11817750355956336,1.0769230769230769,0.0046641791044776115,-0.5784396918751592,-0.036485277764347616,-0.12006705344170027,Packaged Foods,Consumer Defensive,KHC
2019Q4,2019,Q4,2020-02-14,2019-12-28,182000000.0,6536000000.0,1072000000.0,0.15,2107000000.0,0.3223684211,101450000000.0,51623000000.0,8097000000.0,7875000000.0,49701000000.0,2721000000.0,-3060000000.0,38608020000.0,65573020000.0,42.27927927927928,1.028190476190476,0.2882602267126663,0.5664916800650873,0.007418682596171333,42.27927927927928,0.0035255603122639136,5.906979804161566,53.0329945054945,0.7478840826763264,2.6868131868131866,1.6277104005880192,0.012665762191378889,0.06442582552981764,0.5619047619047619,0.0017939871858058158,28.07856,0.3223684210526316,-0.7972972972972973,1.2202165619251046,-0.32973642684034504,4.6953530850438066,0.08217770929635336,-0.7975528364849833,-0.09152542372881356,-0.807834992157026,-0.04993611745835748,-0.10293450115270954,Packaged Foods,Consumer Defensive,KHC
2019Q3,2019,Q3,2019-10-31,2019-09-28,899000000.0,6076000000.0,1180000000.0,0.74,1947000000.0,0.3204410797,102822000000.0,51673000000.0,9125000000.0,9112000000.0,51016000000.0,3158000000.0,-3241000000.0,33992640000.0,62349640000.0,42.32022932022932,1.0014266900790167,0.29830191982260607,0.5935788516246395,0.011074266793848014,42.32022932022932,0.0173978673581948,5.594575378538512,9.452903225806452,0.6578414258897296,0.542825361512792,1.3074730842305256,0.014356048838807459,0.05909241212969987,0.4821115013169447,0.008743265060006613,63.89593984962406,0.3204410796576695,1.0,-0.021042444809260926,-0.3293373538828085,3.4934460137683057,-0.06484149855907781,1.0022271714922049,-0.024793388429752067,0.06507263039329547,-0.03285922242360745,-0.10575553741994871,Packaged Foods,Consumer Defensive,KHC
2019Q2,2019,Q2,2019-08-13,2019-06-29,449000000.0,6406000000.0,1210000000.0,0.37,2082000000.0,0.3250078052,103201000000.0,51543000000.0,9168000000.0,7797000000.0,51524000000.0,3074000000.0,-4140000000.0,37868800000.0,67547800000.0,42.248360655737706,1.1758368603308964,0.3016540537397893,0.6039811419591409,0.011899886932634234,42.248360655737706,0.008711173195196244,5.91145800811739,21.085077951002226,0.7347030634615758,1.086859688195991,1.406636304489265,0.012886597938144331,0.062073041927888296,0.46248557137360524,0.004350733035532601,46.069099756690996,0.3250078051826413,0.12121212121212115,-0.545685667641657,-0.34185007269474765,3.6014597455910557,0.035305818000994534,0.10864197530864197,-0.22535211267605634,-0.5285306298533219,-0.05928933593646294,-0.11084538238797795,Packaged Foods,Consumer Defensive,KHC
2019Q1,2019,Q1,2019-08-13,2019-03-30,405000000.0,5959000000.0,1562000000.0,0.33,2011000000.0,0.3374727303,103562000000.0,51703000000.0,8835000000.0,7972000000.0,51727000000.0,3118000000.0,-4586000000.0,39833000000.0,69847000000.0,42.37950819672131,1.1082538886101354,0.3003997605299241,0.6017058971432993,0.012270783020387026,42.37950819672131,0.007833201168210742,6.684510823963753,24.58827160493827,0.7704195114403419,1.2049382716049384,1.2661962796664528,0.01225114854517611,0.057540410575307545,0.40027596588058206,0.003910700836214055,724.2363636363636,0.33747273032387987,1.0317919075144508,-0.6143226919758412,-0.33261851609654164,3.759409626012041,-0.09941782355575458,1.0319703189137985,0.4110207768744354,-0.5498435670374707,-0.09671569728273073,-0.22409923513077484,Packaged Foods,Consumer Defensive,KHC
2018Q4,2018,Q4,2019-06-07,2018-12-29,-12668000000.0,6891000000.0,1107000000.0,-10.38,2233000000.0,0.3240458569,103627000000.0,51785000000.0,9091000000.0,7432000000.0,51721000000.0,2683000000.0,-4796000000.0,53155400000.0,83310400000.0,42.44672131147541,1.2232238966630786,0.3019000839549538,0.6041324707927006,0.011713514288832978,42.44672131147541,-0.2446268224389302,7.7137425627630245,-1.0490093148089674,1.0264632615622284,-0.06015156299336912,1.736116287737607,0.014335326232141983,0.06649811342603762,0.4589612486544672,-0.12224613276462698,36.83672903672904,0.3240458569148164,-21.35294117647059,-7.636139529150746,-0.26860183021459527,3.869057100506626,0.059800664451827246,-21.107936507936508,0.03457943925233645,-20.543718388613545,-0.03746352666120512,-0.21929672491279234,Packaged Foods,Consumer Defensive,KHC
2018Q3,2018,Q3,2018-11-02,2018-09-29,630000000.0,6378000000.0,1070000000.0,0.51,2107000000.0,0.3303543431,119730000000.0,65385000000.0,7590000000.0,7581000000.0,54152000000.0,3287000000.0,8576000000.0,67179090000.0,98189090000.0,53.63822805578343,1.001187178472497,0.2704084189426209,0.4951594402385868,0.00844410025985501,53.63822805578343,0.009635237439779766,10.53293979303857,26.658369047619047,1.0274388621243404,1.2095238095238094,1.2993611195619106,0.011342815152750655,0.053269857178651965,0.47394802796464847,0.005261839138060637,130.6986186770428,0.330354343054249,-0.17741935483870966,-0.3849876948318293,-0.2915034783430161,5.57629212717724,-0.10909090909090909,-0.16666666666666666,-0.1948833709556057,5.918375717801477,-0.023672569930351165,-0.08753248961426645,Packaged Foods,Consumer Defensive,KHC
2018Q2,2018,Q2,2018-08-03,2018-06-30,756000000.0,6686000000.0,1329000000.0,0.62,2365000000.0,0.3537241998,121896000000.0,65677000000.0,9501000000.0,9091000000.0,56024000000.0,3161000000.0,8710000000.0,76577580000.0,107376580000.0,53.87776866283839,1.0450995490045099,0.28030452188751065,0.5202430074455289,0.009607578170638679,53.87776866283839,0.01151087899873624,11.45342207597966,25.32327380952381,1.1659725626931803,1.007936507936508,1.3669724770642202,0.009950693140211533,0.05485003609634442,0.6086239137608624,0.0062020082693443595,-191.92375939849623,0.3537241998205205,-0.23456790123456794,-0.5556246047948099,-0.3119355366846473,6.442649903657211,0.053452115812917596,-0.23867069486404835,-0.10263335584064821,-0.33367179369600203,-0.28083818681143985,5.538671391635984,Packaged Foods,Consumer Defensive,KHC
2018Q1,2018,Q1,2018-05-03,2018-03-31,993000000.0,6304000000.0,1481000000.0,0.81,2245000000.0,0.3561230964,120787000000.0,66248000000.0,7437000000.0,10329000000.0,54324000000.0,3144000000.0,8718000000.0,75931510000.0,106441510000.0,54.3461853978671,0.7200116177751961,0.26744599998344193,0.48762226784204804,0.0118998456501821,54.3461853978671,0.014989131747373506,12.044973032994925,19.116694360523663,1.1461706013766453,0.9033232628398792,1.291030534351145,0.011813277518121263,0.052191047049765286,0.34059444283086454,0.008221083394736189,399.63952631578945,0.3561230964467005,-0.8757668711656441,0.057553646215621125,-0.3265509041294044,7.597793093409227,-0.02476107732406603,-0.8759215294264651,-0.026938239159001315,0.11651760872433564,-0.301283597934662,6.074508969215376,Packaged Foods,Consumer Defensive,KHC
2017Q4,2017,Q4,2018-02-16,2017-12-30,8003000000.0,6844000000.0,1522000000.0,6.52,2302000000.0,0.3363530099,120232000000.0,66034000000.0,7266000000.0,10132000000.0,53985000000.0,2815000000.0,8589000000.0,94720438342.08,124627438342.08,54.210093722917655,0.7171338333991315,0.26229290039257436,0.4775721597964685,0.09371154054801396,54.210093722917655,0.12119514189659872,13.839923778796026,2.9589041091490693,1.434419213467002,0.09084093464950643,1.6134991119005329,0.007675217859259281,0.0569232816554661,0.34395973154362414,0.06656297824206533,378.88175336832,0.3363530099357101,7.467532467532467,42.84921348966619,-0.25736411584942714,8.017304864579414,-0.005185825410544511,7.477754237288136,-0.08368452739313667,10.70643216224731,-0.2964875436422959,6.3025280891353,Packaged Foods,Consumer Defensive,KHC
2017Q3,2017,Q3,2017-11-07,2017-09-30,944000000.0,6314000000.0,1661000000.0,0.77,2314000000.0,0.3664871714,120051000000.0,58759000000.0,7228000000.0,9387000000.0,61080000000.0,3188000000.0,1360000000.0,94455900000.0,124523900000.0,48.24220032840722,0.7700010653030788,0.2624634530324612,0.5362412566585545,0.012768152119860364,48.24220032840722,0.0160656239895165,14.959756097560975,25.014804025423725,1.6075137425756054,0.7701271186440678,1.2547051442910917,0.007696713492751644,0.05259431408318131,0.2989240438904868,0.007863324753646367,-82.78343558282208,0.36648717136522013,-0.18085106382978716,-0.023778080564580927,-0.33372263065167374,2.8293621070551183,-0.13688922044013427,-0.18550474547023296,-0.1353461738677772,0.030491800864462112,-0.30135057471264376,4.122224672291044,Packaged Foods,Consumer Defensive,KHC
2017Q2,2017,Q2,2017-08-04,2017-07-01,1159000000.0,6677000000.0,1921000000.0,0.94,2681000000.0,0.4015276322,119416000000.0,58333000000.0,7108000000.0,7356000000.0,60870000000.0,3065000000.0,1178000000.0,104309520000.0,133952520000.0,47.89244663382594,0.9662860250135944,0.26033362363502377,0.5329401882296471,0.01567287635711477,47.89244663382594,0.019868684963914078,15.6222135689681,22.499896462467646,1.788173418133818,0.6022433132010354,1.3037520391517128,0.006691623161529264,0.055913780397936624,0.3913811854268624,0.009705567093186842,144.87433333333334,0.40152763217013626,0.2876712328767123,-0.06737658178728693,-0.32306203026479113,1.5829928783164018,0.16514558887440242,0.2978723404255319,0.2385557704706641,0.17464348738493823,-0.3128812147539039,4.216182637218824,Packaged Foods,Consumer Defensive,KHC
2017Q1,2017,Q1,2017-05-04,2017-04-01,893000000.0,6364000000.0,1551000000.0,0.73,2301000000.0,0.3615650534,120802000000.0,57732000000.0,8875000000.0,9383000000.0,62858000000.0,3151000000.0,750000000.0,110515770000.0,139953770000.0,47.437962202136404,0.9458595331983374,0.27052532242843663,0.5660638813829418,0.01222794319338141,47.437962202136404,0.015468024665696667,17.365771527341295,30.939465285554313,1.9142896487216794,0.8241881298992161,1.2894319263725802,0.006659683047948723,0.052681246999221866,0.5026111051902377,0.007392261717521233,-212.93982658959538,0.36156505342551853,-0.05194805194805199,-0.09276360348342688,-0.30597617663237375,0.6229137864811933,-0.06425376169174461,-0.05402542372881356,0.22802850356294538,-0.14750905383608756,-0.2855033592952054,4.327496791496759,Packaged Foods,Consumer Defensive,KHC
2016Q4,2016,Q4,2017-02-23,2016-12-31,944000000.0,6857000000.0,1263000000.0,0.77,2459000000.0,0.3586116377,120480000000.0,57358000000.0,8753000000.0,9501000000.0,62906000000.0,2684000000.0,588000000.0,106268439999.99998,134468439999.99998,47.130649137222676,0.921271445111041,0.26895750332005314,0.5649429896439904,0.01037702479891268,47.130649137222676,0.01645803549635622,15.497803704243836,28.143124999999998,1.8527222009135604,1.5476694915254237,1.6385991058122205,0.013748202194367398,0.05691401062416999,0.5369961056730871,0.007835325365205844,54.19094339622641,0.35861163774245297,0.11594202898550736,0.14514043568154383,-0.3375306298800754,0.6809051321908443,0.10865644724977457,0.12114014251781473,0.1216696269982238,-0.5042660060175088,-0.27041647033367516,4.406349766078175,Packaged Foods,Consumer Defensive,KHC
2016Q3,2016,Q3,2016-11-04,2016-10-02,842000000.0,6267000000.0,1126000000.0,0.69,2218000000.0,0.3539173448,121080000000.0,57642000000.0,8943000000.0,9414000000.0,63212000000.0,3108000000.0,374000000.0,108499440000.0,137259440000.0,47.32512315270936,0.949968132568515,0.26990419557317474,0.5669477117379689,0.009510648728766391,47.32512315270936,0.014607404323236529,17.312819530876016,32.21479809976247,1.8822983241386488,0.9370546318289786,1.3027670527670527,0.007271926933447768,0.0517591674925669,0.5293180369662205,0.0069540799471423855,246.58963636363637,0.3539173448220839,0.09523809523809515,-0.018590054065122215,-0.3191708635113441,0.0,-0.12366653496641644,-0.11368421052631579,-0.11547525530243519,-0.17735632183908043,-0.3032622855618162,4.802276586825071,Packaged Foods,Consumer Defensive,KHC
2016Q2,2016,Q2,2016-08-05,2016-07-03,950000000.0,6793000000.0,1273000000.0,0.63,2531000000.0,0.3725894303,121684000000.0,57826000000.0,9347000000.0,9593000000.0,63637000000.0,2881000000.0,263000000.0,107388080000.0,135904080000.0,47.5152013147083,0.9743563014698218,0.269164393017981,0.5664061148964133,0.009825474981943479,47.5152013147083,0.01642859613322727,15.808638304136611,28.260021052631576,1.8570898903607373,0.891578947368421,1.4793474488024991,0.007887281344447168,0.05582492357253213,0.5730219952048369,0.0078071069327109565,66.1664078866297,0.3725894302958928,-0.13698630136986298,-0.13606861595561015,-0.3041933711012709,0.0,0.06433978132884777,0.060267857142857144,0.09930915371329879,-0.44067408535890323,-0.29977518418671084,5.56372780952017,Packaged Foods,Consumer Defensive,KHC
2016Q1,2016,Q1,2016-05-05,2016-04-03,896000000.0,6570000000.0,1158000000.0,0.73,2378000000.0,0.3619482496,123273000000.0,66363000000.0,9812000000.0,6730000000.0,56673000000.0,2892000000.0,193000000.0,95802750000.0,116770750000.0,54.619753086419756,1.4579494799405646,0.20415662797206202,0.37923240359839067,0.008951596445334966,54.619753086419756,0.013501499329445625,14.581849315068494,26.730678013392854,1.443616925093802,0.7444196428571429,1.4495159059474412,0.006962221856888242,0.053296342264729506,0.8830609212481426,0.0072684204975947695,-2903.1136363636365,0.3619482496194825,2.1739130434782608,-0.10506755900321946,-0.27451128767814353,0.0,-0.010815307820299502,0.3891472868217054,0.20876826722338204,-0.0426106418309147,-0.29582376040801034,7.641072642212854,Packaged Foods,Consumer Defensive,KHC
2015Q4,2015,Q4,2016-03-03,2016-01-03,645000000.0,7124000000.0,958000000.0,0.23,2404000000.0,0.3374508703,122973000000.0,66005000000.0,9780000000.0,6932000000.0,56737000000.0,2618000000.0,0.0,88257800000.0,108571800000.0,54.369851729818784,1.4108482400461628,0.20452457043416034,0.3810468903870919,0.006611774459403213,54.369851729818784,0.009771986970684038,12.388798427849522,34.2084496124031,1.3371380955988184,1.5891472868217054,1.8029029793735676,0.011613704397798267,0.05793141583924927,0.907530294287363,0.00524505379229587,61.33273106323836,0.33745087029758564,3.0909090909090913,-0.2156347188043072,-0.3100343722443719,0.9390898381861992,0.47665847665847666,6.375,11.441558441558442,2.5459896710660272,-0.22436285173201836,8.043879005184081,Packaged Foods,Consumer Defensive,KHC
2015Q3,2015,Q3,2015-11-06,2015-09-27,-120000000.0,6120000000.0,77000000.0,-0.11,1628000000.0,0.2660130719,121792000000.0,67131000000.0,10411000000.0,5746000000.0,54433000000.0,2981000000.0,-196000000.0,79928580000.0,100741580000.0,58.78371278458844,1.8118691263487643,0.20732067787703626,0.3761302527893224,0.0005918376745544837,58.78371278458844,-0.0017875497162264825,13.060225490196078,-166.51787499999998,1.1906359208115476,-4.383333333333334,1.5068768869506877,0.0065808750762243,0.05024960588544403,1.052906369648451,-0.0009852863899106673,-189.40421800947868,0.26601307189542484,-1.1195652173913044,-1.1491766306744446,-0.29089418762775704,0.0,0.05508749189889825,-1.2177858439201452,-0.9165763813651138,-1.1323545850877519,-0.31121593474741316,3.6661246940837158,Packaged Foods,Consumer Defensive,KHC
2015Q2,2015,Q2,2015-08-10,2015-06-28,551000000.0,4515000000.0,923000000.0,0.92,1543000000.0,0.3417497231,22074000000.0,4878000000.0,3901000000.0,3515000000.0,17196000000.0,1703000000.0,1370000000.0,43192320000.0,51565320000.0,8.239864864864865,1.109815078236131,0.3977983147594455,1.8001230012300122,0.04660018228730712,8.239864864864865,0.11295612956129561,9.566405315614618,19.597241379310343,8.85451414514145,0.5934664246823956,1.7451556077510275,0.007570790362731153,0.2045392769774395,0.4640113798008535,0.02496149315937302,71.15703459637562,0.34174972314507196,0.2777777777777779,0.03009224111752192,-0.04927793486378162,0.0,0.15753938484621155,0.28438228438228436,0.2472972972972973,-0.08777901035363732,-0.058217026575258825,-0.5555977244811886,Packaged Foods,Consumer Defensive,KHC
2015Q1,2015,Q1,2015-03-31,2015-03-31,429000000.0,4352000000.0,740000000.0,0.72,1333000000.0,0.3062959559,23134000000.0,4517000000.0,5004000000.0,4884000000.0,18617000000.0,1886000000.0,1148000000.0,42900480000.0,51754480000.0,7.681972789115647,1.0245700245700247,0.43364744531857874,2.220943103829976,0.034470863129955676,7.681972789115647,0.09497454062430817,9.85764705882353,25.000279720279718,9.497560327651094,0.7552447552447552,1.6007423117709438,0.007552363050483351,0.18812137978732602,0.4907862407862408,0.01854413417480764,220.00246153846155,0.3062959558823529,2.0588235294117645,-0.11460210367514564,-0.006991127892700794,0.0,1.8241525423728813,2.077889447236181,2.2071778140293636,-0.09793143198702071,-0.017695018721613883,-0.7371898165923387,Packaged Foods,Consumer Defensive,KHC
2014Q4,2014,Q4,2014-12-31,2014-12-31,-398000000.0,4696000000.0,-613000000.0,-0.68,472000000.0,0.1005110733,22947000000.0,4365000000.0,4791000000.0,4773000000.0,18582000000.0,1775000000.0,1045000000.0,42900480000.0,51639480000.0,7.423469387755102,1.0037712130735386,0.43718133089292716,2.2982817869415806,-0.02321393060388342,7.423469387755102,-0.09117983963344788,9.135536626916524,-26.94753768844221,9.828288659793815,-0.8165829145728644,2.379718309859155,0.007575672812984844,0.20464548742755045,0.497171590194846,-0.01734431516102323,46.08,0.10051107325383304,-1.9189189189189189,-1.9992705311551053,-0.060983996379087926,-0.735243455777395,-0.6346749226006192,-1.8923766816143497,-1.8443526170798898,-1.9992705311551053,-0.060983996379087926,-0.735243455777395,Packaged Foods,Consumer Defensive,KHC
2014Q3,2014,Q3,2014-09-30,2014-09-30,446000000.0,4400000000.0,726000000.0,0.74,1292000000.0,0.2936363636,22803000000.0,5585000000.0,4622000000.0,4291000000.0,17218000000.0,2044000000.0,2094000000.0,43265280000.0,52349280000.0,9.418212478920742,1.0771381962246562,0.4393720124545016,1.7939122649955237,0.034185886523414984,9.418212478920742,0.07985675917636527,9.833018181818181,24.251838565022418,7.746692927484332,0.7017937219730942,1.5205479452054795,0.007234438330226916,0.1929570670525808,0.4709857841994873,0.019558829978511598,432.6528,0.29363636363636364,-0.07500000000000007,0.0677407483793741,-0.018198457492078973,0.0,-0.15055884286653518,-0.07468879668049792,-0.16933638443935928,0.0677407483793741,-0.018198457492078973,0.0,Packaged Foods,Consumer Defensive,KHC
2014Q2,2014,Q2,2014-06-30,2014-06-30,482000000.0,4747000000.0,874000000.0,0.8,1521000000.0,0.3204128924,23345000000.0,5463000000.0,5111000000.0,4796000000.0,17882000000.0,2024000000.0,1648000000.0,43411200000.0,52049200000.0,9.181512605042016,1.0656797331109258,0.4286999357464125,1.8319604612850082,0.03674699893431714,9.181512605042016,0.08822991030569284,9.144975774173162,22.516182572614106,7.9464030752333885,0.6535269709543569,1.5938735177865613,0.007256191950464397,0.20334118654958236,0.5329441201000834,0.020646819447419147,155.59569892473118,0.3204128923530651,-0.05882352941176463,-0.10344632234916441,-0.005465641223795905,0.0,-0.025,-0.06042884990253411,-0.033185840707964605,-0.10344632234916441,-0.005465641223795905,0.0,Packaged Foods,Consumer Defensive,KHC
2014Q1,2014,Q1,2014-03-31,2014-03-31,513000000.0,4362000000.0,904000000.0,0.85,1560000000.0,0.3576341128,23361000000.0,5307000000.0,5157000000.0,3534000000.0,18054000000.0,1909000000.0,1481000000.0,43484160000.0,52000160000.0,8.904362416107382,1.4592529711375213,0.42797825435554987,1.883926889014509,0.038452647271967455,8.904362416107382,0.0966647823629169,9.968858321870702,21.19111111111111,8.193736574335782,0.6101364522417154,1.467784180199057,0.007198023372188863,0.18672145884165917,0.7600452744765138,0.021959676383716452,248.48091428571428,0.3576341127922971,-0.4480519480519481,0.04455094194010724,-0.018069003344277832,0.0,-0.19254658385093168,-0.4489795918367347,-0.40290620871862615,0.04455094194010724,-0.018069003344277832,0.0,Packaged Foods,Consumer Defensive,KHC
2013Q4,2013,Q4,2013-12-31,2013-12-31,931000000.0,4595000000.0,1514000000.0,1.54,1932000000.0,0.4204570185,23148000000.0,5187000000.0,4908000000.0,3410000000.0,17961000000.0,1616000000.0,1281000000.0,43411200000.0,51701200000.0,8.717647058823529,1.4392961876832844,0.43096595818213235,1.9232697127433969,0.06687682103871741,8.717647058823529,0.1794871794871795,9.447486398258977,11.657142857142857,8.36923076923077,0.33619763694951665,1.6478960396039604,0.007210120890461449,0.19850527043373078,0.8017595307917889,0.04021945740452739,58.58461538461538,0.4204570184983678,0.855421686746988,1.309989731553469,-0.09198968564585723,-0.6890868691593753,0.3001345895020188,0.862,0.7402298850574712,1.309989731553469,-0.09198968564585723,-0.6890868691593753,Packaged Foods,Consumer Defensive,KHC
2013Q3,2013,Q3,2013-09-30,2013-09-30,500000000.0,4394000000.0,870000000.0,0.83,1486000000.0,0.3381884388,23126000000.0,4853000000.0,4835000000.0,2899000000.0,18273000000.0,1881000000.0,980000000.0,43411200000.0,52159200000.0,8.156302521008403,1.6678164884442912,0.4315056646199083,2.056253863589532,0.03931431496568539,8.156302521008403,0.10302905419328251,9.879654073736914,21.705599999999997,8.945229754790851,0.6,1.545986177565125,0.006910659000442283,0.19000259448240076,0.8061400482925146,0.021620686673008736,125.46589595375723,0.33818843878015475,-0.39855072463768115,0.1929951836849848,-0.02283295079319161,0.0,-0.23989769820971868,-0.3968636911942099,-0.3776824034334764,0.1929951836849848,-0.02283295079319161,0.0,Packaged Foods,Consumer Defensive,KHC
2013Q2,2013,Q2,2013-06-30,2013-06-30,829000000.0,4735000000.0,1398000000.0,1.38,1955000000.0,0.4128827878,23064000000.0,4300000000.0,4819000000.0,3282000000.0,18764000000.0,1898000000.0,481000000.0,43338240000.0,52144240000.0,7.239057239057239,1.4683120048750762,0.4322754075615678,2.318604651162791,0.06404990284265373,7.239057239057239,0.19279069767441862,9.152743400211193,13.069433051869723,10.078660465116279,0.3594692400482509,1.4646996838777662,0.00687614448579361,0.205298300381547,0.7273004265691652,0.035943461671869584,171.97714285714287,0.41288278775079196,0.8157894736842104,0.5445938788635416,-0.006309669144514025,0.0,0.30073186959414505,0.8179824561403509,0.7280593325092707,0.5445938788635416,-0.006309669144514025,0.0,Packaged Foods,Consumer Defensive,KHC
2013Q1,2013,Q1,2013-03-31,2013-03-31,456000000.0,4546000000.0,809000000.0,0.76,1503000000.0,0.3306203256,23267000000.0,3742000000.0,4954000000.0,3367000000.0,19525000000.0,1948000000.0,-48000000.0,43192320000.0,51980320000.0,6.320945945945946,1.4713394713394714,0.42846091030214467,2.6640833778727955,0.03922113142328105,6.320945945945946,0.12185996793158739,9.501170259568852,23.679999999999996,11.542576162479957,0.6491228070175439,1.5621149897330595,0.006853070175438597,0.19538402028624233,0.7303237303237303,0.019598573086345467,293.825306122449,0.3306203255609327,4.066666666666666,-0.06523669460014427,0.030265822008160262,0.0,0.3253968253968254,4.123595505617978,7.698924731182796,-0.06523669460014427,0.030265822008160262,0.0,Packaged Foods,Consumer Defensive,KHC
2012Q4,2012,Q4,2012-12-31,2012-12-31,89000000.0,4494000000.0,93000000.0,0.15,1134000000.0,0.2523364486,23329000000.0,3571000000.0,4822000000.0,3606000000.0,19758000000.0,1928000000.0,-206000000.0,43338240000.0,52054240000.0,6.011784511784512,1.3372157515252356,0.4274079471901925,2.792215065807897,0.0046303755320148765,6.011784511784512,0.024922990758891067,9.643578104138852,121.73662921348313,12.136163539624754,0.0,1.7427385892116183,0.0,0.19263577521539715,0.6503050471436495,0.0038149942132110247,53.504,0.2523364485981308,-0.810126582278481,-0.7788021528669907,-0.11045309098933735,-0.7855909132492059,-0.2858942065491184,-0.8106382978723404,-0.8779527559055118,-0.7788021528669907,-0.11045309098933735,-0.7855909132492059,Packaged Foods,Consumer Defensive,KHC
2012Q3,2012,Q3,2012-09-30,2012-09-30,470000000.0,4606000000.0,762000000.0,0.79,1588000000.0,0.3447676943,22284000000.0,7458000000.0,3905000000.0,2569000000.0,14826000000.0,2090000000.0,0.0,43192320000.0,52522320000.0,12.597972972972974,1.5200467107824056,0.4296356129958715,1.2837221775274872,0.03143120730800582,12.597972972972974,0.06301957629391258,9.37740338688667,22.974638297872335,5.791407884151246,0.0,1.4440191387559809,0.0,0.20669538682462754,0.5453483845854418,0.021091366002513014,49.933317919075144,0.34476769431176724,-0.22549019607843135,0.12709832134292573,0.029503799731783617,0.0,-0.029339853300733496,-0.22056384742951907,-0.16355653128430298,0.12709832134292573,0.029503799731783617,0.0,Packaged Foods,Consumer Defensive,KHC
2012Q2,2012,Q2,2012-06-30,2012-06-30,603000000.0,4786000000.0,911000000.0,1.02,1636000000.0,0.3418303385,21889000000.0,10958000000.0,3634000000.0,2597000000.0,10931000000.0,2048000000.0,0.0,43119360000.0,49111360000.0,18.5414551607445,1.399306892568348,0.2738818584677235,0.5470888848329987,0.035765222354128254,18.5414551607445,0.055028289833911295,9.009477643125784,17.877014925373132,3.9349662347143637,0.0,1.5380859375,0.0,0.21864863630133857,0.4254909510974201,0.027548083512266435,39.0928014505893,0.34183033848725447,0.24390243902439035,0.12921348314606743,0.009491668424383056,0.0,0.11748633879781421,0.2615062761506276,0.24283765347885403,0.12921348314606743,0.009491668424383056,0.0,Packaged Foods,Consumer Defensive,KHC
2012Q1,2012,Q1,2012-03-31,2012-03-31,478000000.0,4453000000.0,733000000.0,0.82,1464000000.0,0.3287671233,22095000000.0,17275000000.0,3816000000.0,2480000000.0,4820000000.0,2174000000.0,0.0,43119360000.0,43150360000.0,29.230118443316414,1.538709677419355,0.0015388096854491967,0.0019681620839363243,0.02724401304543875,29.230118443316414,0.027670043415340087,9.683215809566585,22.55196652719665,2.4960555716353108,0.0,1.374885004599816,0.0,0.20153880968544918,0.475,0.021633853813079883,-235.6249180327869,0.3287671232876712,0.20588235294117632,-0.01848049281314174,0.010896708286038505,0.0,-0.002044989775051125,0.19201995012468828,0.1728,-0.01848049281314174,0.010896708286038505,0.0,Packaged Foods,Consumer Defensive,KHC
2011Q4,2011,Q4,2011-12-31,2011-12-31,401000000.0,5035000000.0,625000000.0,0.68,1467000000.0,0.2913604767,21539000000.0,16599000000.0,3272000000.0,2572000000.0,4940000000.0,1943000000.0,0.0,43192320000.0,43227320000.0,28.03885135135135,1.2721617418351479,0.0016249593760155996,0.0021085607566720885,0.02354223653360587,28.03885135135135,0.02415808181215736,8.578415094339622,26.927880299251868,2.6021037411892283,0.0,1.8363355635615028,0.0,0.23376201309252984,0.3510886469673406,0.01861739170806444,89.05632989690722,0.2913604766633565,-0.02857142857142844,0.0,0.0,0.0,0.07551319648093842,-0.03836930455635491,-0.1172316384180791,0.0,0.0,0.0,Packaged Foods,Consumer Defensive,KHC
2011Q3,2011,Q3,2011-09-30,2011-09-30,417000000.0,4474000000.0,708000000.0,0.7,1364000000.0,0.3048725972,,,,,,,,43192320000.0,,,0.0,0.0,0.0,0.0,,0.0,9.654072418417524,25.894676258992803,0.0,0.0,0.0,0.0,0.0,0.0,0.0,59.65790055248619,0.3048725972284309,-0.2222222222222223,0.0,0.0,0.0,-0.11772315653298836,-0.21910112359550563,-0.14698795180722893,0.0,0.0,0.0,Packaged Foods,Consumer Defensive,KHC
2011Q2,2011,Q2,2011-06-30,2011-06-30,534000000.0,4741000000.0,830000000.0,0.9,1546000000.0,0.3260915419,,,,,,,,43119360000.0,,,0.0,0.0,0.0,0.0,,0.0,9.094992617591226,20.18696629213483,0.0,0.0,0.0,0.0,0.0,0.0,0.0,53.43167286245353,0.32609154186880407,0.12499999999999997,0.0,0.0,0.0,0.01911667765326302,0.09650924024640657,0.09210526315789473,0.0,0.0,0.0,Packaged Foods,Consumer Defensive,KHC
2011Q1,2011,Q1,2011-03-31,2011-03-31,487000000.0,4405000000.0,760000000.0,0.8,1517000000.0,0.3443813848,,,,,,,,43119360000.0,,,0.0,0.0,0.0,0.0,,0.0,9.788730987514189,22.13519507186858,0.0,0.0,0.0,0.0,0.0,0.0,0.0,174.5723076923077,0.34438138479001135,0.0,0.0,0.0,0.0,0.0,0.0,0.0,0.0,0.0,0.0,Packaged Foods,Consumer Defensive,KHC
