Quarters,Year,Quarter,FillingDate,Date,NetIncome,Revenue,OperatingIncome,EPSDiluted,GrossProfit,GrossProfitRatio,TotalAssets,CommonStockEquity,CurrentAssets,CurrentLiability,TotalLiability,Inventory,RetainedEarnings,MarketCap,EnterpriseValue,bookValuePerShare,currentRatio,debtToAssets,debtToEquity,roic,shareholdersEquityPerShare,roe,priceToSalesRatio,peRatio,pbRatio,payoutRatio,inventoryTurnover,dividendYield,assetTurnover,quickRatio,returnOnAssets,priceToFreeCashFlowsRatio,grossProfitMargin,epsdilutedGrowth,fiveYNetIncomeGrowthPerShare,fiveYRevenueGrowthPerShare,fiveYShareholdersEquityGrowthPerShare,grossProfitGrowth,netIncomeGrowth,operatingIncomeGrowth,threeYNetIncomeGrowthPerShare,threeYRevenueGrowthPerShare,threeYShareholdersEquityGrowthPerShare,Industry,Sector,Symbol
2023Q1,2023,Q1,2023-05-15,2023-03-31,-161682.0,0.0,-462438.0,-0.19,0.0,0.0,9197560.0,6273743.0,105038.0,1540352.0,2923817.0,0.0,-2719009.0,26198.55,883160.55,7.184072782654002,0.06819090701346185,0.10459295726257833,0.1533374892787288,-0.03311265084074954,7.184072782654002,-0.025771218234473425,0.0,-0.04050937952276691,0.00417590424089734,0.0,0.0,0.0,0.0,0.06819090701346185,-0.01757879263630789,-0.13675991564265058,0.0,0.6415094339622641,0.0,0.0,0.0,0.0,0.9365598920495634,-1.9677514584041946,0.0,0.0,0.0,Shell Companies,Financial Services,CLAYW
2022Q4,2022,Q4,2023-03-31,2022-12-31,-2548577.0,0.0,-155821.0,-0.53,0.0,0.0,10011197.0,7590403.0,175788.0,1020257.0,2420794.0,0.0,-2145236.0,844413.2358,1330625.2358,1.582957148976513,0.1722977641907872,0.06612595876397198,0.08721539554619169,-0.03558792838110912,1.582957148976513,-0.3357630681796474,0.0,-0.08283183476504732,0.11124748393464748,0.0,0.0,0.0,0.0,0.1722977641907872,-0.25457265499819853,7.881547497619892,0.0,0.0,-3958.771609425041,0.0,11945.705375274343,0.0,-10.181348214221384,0.4680097780144895,-3958.771609425041,0.0,11945.705375274343,Shell Companies,Financial Services,CLAYW
2022Q3,2022,Q3,2022-11-18,2022-09-30,277582.0,0.0,-292902.0,0.0,0.0,0.0,9753110.0,8942602.0,80209.0,810508.0,810508.0,0.0,-630529.0,320000000.0,320281791.0,0.00111782525,0.09896139211457505,0.03711636595916584,0.04048038814653722,0.13853689920202625,0.00111782525,0.031040406360475396,0.0,288.20312556289673,35.78376852732572,0.0,0.0,0.0,0.0,0.09896139211457505,0.02846087043004744,-1893.4014957871816,0.0,-1.0,-0.9997303840962319,0.0,1.0102288528041607,0.0,-0.44039835898676505,0.3131863107171749,-0.9997303840962319,0.0,1.0102288528041607,Shell Companies,Financial Services,CLAYW
2022Q2,2022,Q2,2022-08-16,2022-06-30,496035.0,0.0,-426465.0,0.0001,0.0,0.0,80216022.0,79578954.0,175022.0,637068.0,637068.0,0.0,-421276.0,600000000.0,600018432.0,0.00994736925,0.27473048402996225,0.0018699506190920313,0.0018849204778439285,-0.07627595282415578,0.00994736925,0.006233243528182087,0.0,302.3980162690132,7.539681911375714,0.0,0.0,0.0,0.0,0.206521124903464,0.006183739702275438,-4361.92331738808,0.0,-0.5,11.735526458175523,0.0,3462.911254187149,0.0,-0.6887318852857127,-0.10805817977738284,11.735526458175523,0.0,3462.911254187149,Shell Companies,Financial Services,CLAYW
2022Q1,2022,Q1,2022-05-16,2022-03-31,1593594.0,0.0,-384876.0,0.0002,0.0,0.0,80361895.0,79544169.0,357145.0,817726.0,817726.0,0.0,-456061.0,1600000000.0,1599880878.0,0.009943021125,0.43675387599269194,0.0,0.0,-0.01275836942494494,0.009943021125,0.0200340769164362,0.0,251.0049611130564,20.114610789384198,0.0,0.0,0.0,0.0,0.14567471255652872,0.019830219284898646,-13159.626266614028,0.0,1.0,0.0,0.0,0.0,0.0,0.4833250957100133,-0.09271167817932491,0.0,0.0,0.0,Shell Companies,Financial Services,CLAYW
2021Q4,2021,Q4,2022-03-31,2021-12-31,1074339.0,0.0,-352221.0,0.0001,0.0,0.0,80676074.0,-1060190.0,673297.0,0.0,1736264.0,0.0,-1060420.0,3959200000.0,3958959294.0,-0.00013252375,0.0,0.0,0.0,0.9885410506702568,-0.00013252375,-1.0133457210500005,0.0,921.3106849886303,-3734.4249615634935,0.0,0.0,0.0,0.0,0.0,0.013316699074870698,-28976.04601974575,0.0,-0.9997297297297297,0.0,0.0,0.0,0.0,0.3521504868848807,0.02767993198030079,0.0,0.0,0.0,Shell Companies,Financial Services,CLAYW
2021Q3,2021,Q3,2021-11-15,2021-09-30,794541.0,0.0,-362248.0,0.37,0.0,0.0,80957305.0,-674695.0,956516.0,0.0,80957305.0,0.0,-674925.0,2963478.2399999998,2634122.2399999998,-0.10928158527663089,0.0,0.0,0.0,0.536906305812256,-0.10928158527663089,-1.1776298920252855,0.0,0.9324497540089183,-4.3923228125301055,0.0,0.0,0.0,0.0,0.0,0.009814321264770363,-2.995203434781202,0.0,37001.0,0.0,0.0,0.0,0.0,18.195996104317715,-6.840017314143491,0.0,0.0,0.0,Shell Companies,Financial Services,CLAYW
2021Q2,2021,Q2,2021-09-02,2021-06-30,-46205.0,0.0,-46205.0,-1e-05,0.0,0.0,106615.0,-22987.0,23218.0,129602.0,129602.0,0.0,-47987.0,4320000000.0,4320106384.0,-2.873375e-06,0.17914846993101957,1.2156075599118323,-5.638056292687171,-0.4333817943066173,-2.873375e-06,2.0100491582198634,0.0,-23374.093712801645,-187932.3095662766,0.0,0.0,0.0,0.0,0.17914846993101957,-0.4333817943066173,-90024.3816033509,0.0,0.0,0.0,0.0,0.0,0.0,0.0,0.0,0.0,0.0,0.0,Shell Companies,Financial Services,CLAYW
2021Q1,2021,Q1,2021-03-31,2021-03-31,,,,,,,68218.0,23218.0,23218.0,45000.0,45000.0,0.0,-1782.0,0.0,21782.0,0.0,0.5159555555555555,0.6596499457621156,1.9381514342320614,,0.0,,0.0,0.0,0.0,0.0,0.0,,,0.5159555555555555,,0.0,0.0,0.0,0.0,0.0,0.0,0.0,0.0,0.0,0.0,0.0,0.0,Shell Companies,Financial Services,CLAYW
