Year,Date,FillingDate,NetIncome,Revenue,OperatingIncome,EPSDiluted,GrossProfit,GrossProfitRatio,TotalAssets,CommonStockEquity,CurrentAssets,CurrentLiability,TotalLiability,Inventory,RetainedEarnings,EnterpriseValue,bookValuePerShare,currentRatio,debtToAssets,debtToEquity,roic,shareholdersEquityPerShare,roe,priceToSalesRatio,peRatio,pbRatio,payoutRatio,inventoryTurnover,dividendYield,assetTurnover,quickRatio,returnOnAssets,priceToFreeCashFlowsRatio,grossProfitMargin,epsdilutedGrowth,fiveYNetIncomeGrowthPerShare,fiveYRevenueGrowthPerShare,fiveYShareholdersEquityGrowthPerShare,grossProfitGrowth,netIncomeGrowth,operatingIncomeGrowth,threeYNetIncomeGrowthPerShare,threeYRevenueGrowthPerShare,threeYShareholdersEquityGrowthPerShare,Industry,Sector,Price,MarketCap,AvgVolume,Symbol
2022,2022-12-31,2022-12-31,819752000.0,9865811000.0,-347813000.0,4.42,3034716000.0,0.3075992435,22770703000.0,8648751000.0,17782108000.0,12481917000.0,14121952000.0,53917000.0,4894273000.0,9887726366.50778,49.69857569515564,1.4246295661155253,0.3996968824370508,1.0523344931539826,-0.015599455525086996,49.69857569515564,0.09478270330594557,0.23115153599717045,2.7819357153233906,0.2636793875217104,0.0,126.69649646679154,0.0,0.43326773881333397,0.9664258302630918,0.036000293886403065,-45.635503211954294,0.30759924348844714,-0.6143106457242583,0.11340467646354997,-0.42303887581572774,0.6593312817968023,-0.47215665838852,-0.6487664760148472,-1.1144648851444745,-0.634961558168199,-0.049313590911738724,0.3390408170334435,Credit Services,Financial Services,2.51,409200280,377414,LX
2021,2021-12-31,2021-12-31,2333923000.0,11380525000.0,3038600000.0,11.46,5749274000.0,0.5051853056,21026194000.0,8027616000.0,16655364000.0,10187120000.0,12958385000.0,47816000.0,4195791000.0,9347919129.176804,43.5737778265235,1.6349433402178437,0.3557782735192113,0.9318660733149169,0.16312053890379632,43.5737778265235,0.2907367517330176,0.39817039452721237,1.9415328308503768,0.5644749486244488,0.0,117.76917768111093,0.0,0.5412546369542676,0.7159899952096372,0.11100073555870359,1.779886502842941,0.505185305598819,2.673076923076923,16.45280774060615,1.048247319674304,7.802887312238386,0.5824845557528788,2.922691519042657,1.1329930203549,0.0824026563637762,0.373732983603917,0.792503830055316,Credit Services,Financial Services,2.51,409200280,377414,LX
2020,2020-12-31,2020-12-31,594980000.0,11645255000.0,1424571000.0,3.12,3633068000.0,0.3119783981,20345165000.0,5490738000.0,16418182000.0,12019673000.0,14814427000.0,47170000.0,2113956000.0,15664473851.50668,30.108246476868224,1.365942484458604,0.45509775909902916,1.6863013678671246,0.08340137922081317,30.108246476868224,0.10836066117159478,0.6843293557338744,13.394046609140947,1.45138774632967,0.0,169.85768496926013,0.0,0.572384396980806,0.6406685938960236,0.02924429465182514,-26.778911568545794,0.3119783980685696,-0.745928338762215,2.597218940831206,2.8405469075887755,22.583533082523015,-0.2725274003543384,-0.740698837943093,-0.4722816264251298,-0.2288531012231712,-0.35012930189604446,0.0052512475520622775,Credit Services,Financial Services,2.51,409200280,377414,LX
2019,2019-12-31,2019-12-31,2294552000.0,10603507000.0,2699491000.0,12.28,4994096000.0,0.470985307,19236294000.0,6599539000.0,16506318000.0,9802619000.0,12636755000.0,106781000.0,3734397000.0,23348796115.663486,37.1150565859968,1.6838681580912203,0.4278300695549777,1.2470363460235632,0.15356630704529967,37.1150565859968,0.34768367911758685,1.6224976430593658,7.4978318711728855,2.6068737703744893,0.0,52.53192047274328,0.0,0.5512240039583508,1.024977304534635,0.1192824355876449,-20.768721566914607,0.47098530703096625,0.12660550458715586,7.317449433588595,2.58653756699395,28.071907775434685,0.6580994309315591,0.16044355299584384,0.48166315665834036,16.740433331546818,0.9772770610883469,6.498079739944092,Credit Services,Financial Services,2.51,409200280,377414,LX
2018,2018-12-31,2019-04-30,1977306000.0,7596896000.0,1821933000.0,10.9,3011940000.0,0.396469821358618,12470575000.0,4106792000.0,10304958000.0,8018713000.0,8363783000.0,57196000.0,1591896000.0,12517777437.5471,24.30888966367164,1.2851137083968462,0.4203445310260353,1.276406986280289,0.18267048211777984,24.30888966367164,0.48147215636925367,1.1088912415738086,4.2604085748726295,2.051268103557984,0.0,80.16217917336877,0.0,0.6091857031452038,1.033317191923442,0.15855772488437783,3.073957533613442,0.396469821358618,29.277777777777782,6.729855134476602,1.704505852045518,18.040946274405346,1.28161370571142,7.226709159898815,2.8303262834797964,6.729855134476602,1.704505852045518,18.040946274405346,Credit Services,Financial Services,2.51,409200280,377414,LX
2017,2017-12-31,2017-12-31,240352000.0,5582189000.0,475660000.0,0.36,1320092000.0,0.23648285645649045,14729584000.0,1701526000.0,12738336000.0,12861140000.0,13028058000.0,101653000.0,-450551000.0,14881177041.744644,29.950966537158074,0.9904515462859436,0.7373525280822595,6.383032642463295,0.019176196738814714,29.950966537158074,0.14125673072289227,0.9219960201534997,21.413410505195067,3.0247883615910918,0.0,41.92790178351844,0.0,0.3789780485314453,0.9172399958324068,0.01631763666916866,3.1682463763778363,0.23648285645649045,1.75,3.0712252663722945,4.909709298778737,22.460337045044668,1.192727296887873,3.0379348646334123,42.09295162167059,3.0712252663722945,4.909709298778737,22.460337045044668,Credit Services,Financial Services,2.51,409200280,377414,LX
2016,2016-12-31,2016-12-31,-117939000.0,4338686000.0,11038000.0,-0.48,602032000.0,0.1387590620754763,8720135000.0,712098000.0,7543948000.0,7985261000.0,8008037000.0,107704000.0,-630664000.0,17272600262.8348,4.949941568142557,0.9447340544034816,0.8097695735215108,9.916191310746555,0.002806085083080947,4.949941568142557,-0.16562186665318537,2.4640882660867365,-90.64775233667234,15.013249949915318,0.0,34.69373468023472,0.0,0.49754803107979406,0.8939766652586559,-0.01352490529103047,30.748206064087753,0.1387590620754763,0.7984829121906083,0.5986483154229797,0.8138770926821062,2.877247079750508,9.308702972756631,0.6197895510551461,1.0277808539126758,0.5986483154229797,0.8138770926821062,2.877247079750508,Credit Services,Financial Services,2.51,409200280,377414,LX
2015,2015-12-31,2015-12-31,-310194000.0,2524942000.0,-397324000.0,-2.381932,-72458000.0,-0.028696896800005704,3817082000.0,193873000.0,3383138000.0,3592129000.0,3623209000.0,44295000.0,-429846000.0,13635997533.8831,1.2766639490153602,0.9418197397699247,0.8357782201168327,16.45527742388058,-0.09124769655085284,1.2766639490153602,-1.5999855575557194,4.190644590601725,-34.11134494504439,54.577659260872316,0.0,58.63867253640366,0.0,0.661484872475886,0.8958339191047983,-0.08126469381585201,-7.07520209229882,-0.028696896800005704,0.0,0.0,0.0,0.0,0.0,0.0,0.0,0.0,0.0,0.0,Credit Services,Financial Services,2.51,409200280,377414,LX
TTM,,,,,,,,,,,,,,,,10678895978.464,48.4512470319804,1.472774842249514,0.40740144021397984,1.1117487903496897,0.020671970197112755,48.4512470319804,0.12536290579786277,0.2648846117791747,3.1484879008681235,0.3734493766085512,0.0,150.44052482715273,0.0,0.45274324304106894,0.5943996301317501,0.04346559253932602,0.0,0.312230633928658,,,,,,,,,,,Credit Services,Financial Services,2.51,409200280,377414,LX
