Quarters,Year,Quarter,FillingDate,Date,NetIncome,Revenue,OperatingIncome,EPSDiluted,GrossProfit,GrossProfitRatio,TotalAssets,CommonStockEquity,CurrentAssets,CurrentLiability,TotalLiability,Inventory,RetainedEarnings,MarketCap,EnterpriseValue,bookValuePerShare,currentRatio,debtToAssets,debtToEquity,roic,shareholdersEquityPerShare,roe,priceToSalesRatio,peRatio,pbRatio,payoutRatio,inventoryTurnover,dividendYield,assetTurnover,quickRatio,returnOnAssets,priceToFreeCashFlowsRatio,grossProfitMargin,epsdilutedGrowth,fiveYNetIncomeGrowthPerShare,fiveYRevenueGrowthPerShare,fiveYShareholdersEquityGrowthPerShare,grossProfitGrowth,netIncomeGrowth,operatingIncomeGrowth,threeYNetIncomeGrowthPerShare,threeYRevenueGrowthPerShare,threeYShareholdersEquityGrowthPerShare,Industry,Sector,Symbol
2023Q1,2023,Q1,2023-05-10,2023-03-31,-1219000.0,1038000.0,-1203000.0,-0.59,276000.0,0.2658959538,6338000.0,3902000.0,5687000.0,2352000.0,2436000.0,634000.0,-225066000.0,3386600.0,-188400.0,1.889588377723971,2.4179421768707483,0.02193120858314926,0.035622757560225524,-0.2970593001632709,1.889588377723971,-0.3124038954382368,3.2626204238921,-0.6945447087776866,0.8679138903126601,0.0,1.2018927444794953,0.0,0.16377406121804985,1.745748299319728,-0.19233196591984852,-4.012559241706161,0.2658959537572254,0.0,0.8584103609349827,-0.9554037402719057,-0.9534008879289937,-0.06756756756756757,-0.0016433853738701725,0.036057692307692304,0.9345478830003164,-0.9672690438016709,-0.9650833254514563,Software—Application,Technology,OBLG
2022Q4,2022,Q4,2023-03-21,2022-12-31,-1217000.0,1426000.0,-1248000.0,-0.59,296000.0,0.2075736325,5661000.0,3617000.0,4872000.0,1913000.0,2044000.0,723000.0,-223847000.0,3642660.0,793660.0,1.7515738498789346,2.54678515420805,0.04168874757110051,0.06524744263201548,-0.3014930777219846,1.7515738498789346,-0.33646668509814764,2.554460028050491,-0.7482867707477404,1.007094277025159,0.0,1.5629322268326418,0.0,0.2518989577813107,1.9947726084683743,-0.21497968556792085,-3.407539756782039,0.20757363253856942,0.8304597701149425,-1.8206206435991563,-0.9394112889345817,-0.9576129698910352,-0.13953488372093023,0.829837807606264,-1.392699811202014,0.9732125139454643,-0.9566450197133001,-0.972620211254495,Software—Application,Technology,OBLG
2022Q3,2022,Q3,2022-11-10,2022-09-30,-7152000.0,1185000.0,3178000.0,-3.48,344000.0,0.2902953586,7364000.0,4803000.0,6395000.0,2366000.0,2561000.0,1027000.0,-222630000.0,4616236.8,822236.7999999998,2.337908878504673,2.702874049027895,0.04739272134709397,0.07266291900895273,0.577470915331956,2.337908878504673,-1.4890693316677077,3.895558481012658,-0.16136174496644293,0.961115302935665,0.0,0.818889970788705,0.0,0.160917979359044,1.9019442096365173,-0.971211298207496,-4.783665077720207,0.290295358649789,0.6729323308270676,-1.1205422639344953,-0.9592404746595001,-0.9422785480342689,-0.1547911547911548,0.6726623644102705,2.2106666666666666,-0.8229396771452846,-0.9158878504672897,-0.8284540746473004,Software—Application,Technology,OBLG
2022Q2,2022,Q2,2022-08-10,2022-06-30,-21849000.0,1333000.0,-2625000.0,-10.64,407000.0,0.3053263316,14570000.0,11924000.0,7826000.0,2365000.0,2646000.0,1078000.0,-215478000.0,9552960.0,4891960.0,5.804127725856698,3.309090909090909,0.030610844200411803,0.037403555853740354,-0.4954232265712363,5.804127725856698,-1.8323549144582354,7.166511627906977,-0.10930660442125498,0.8011539751761155,0.0,0.8589981447124304,0.0,0.09148936170212765,2.367019027484144,-1.4995881949210708,-6.339057730590577,0.30532633158289574,-3.8144796380090495,-3.4665408630999535,-0.9583049131567425,-0.5094878606142129,-0.1843687374749499,-3.813615333773959,0.22429078014184398,-3.183592456608812,-0.9084318987660281,-0.6270013511501352,Software—Application,Technology,OBLG
2022Q1,2022,Q1,2022-05-11,2022-03-31,-4539000.0,1532000.0,-3384000.0,-2.21,499000.0,0.3257180157,24229000.0,20926000.0,10300000.0,2831000.0,3303000.0,1718000.0,-206445000.0,20202969.599999998,14242969.599999998,10.185942367601246,3.638290356764394,0.023319162986503775,0.02699990442511708,-0.15380036489193585,10.185942367601246,-0.21690719678868392,13.187316971279373,-1.1127434236615994,0.9654482270859218,0.0,0.6012805587892899,0.0,0.0632300136200421,2.5008830801836806,-0.18733748813405424,-8.365618881987576,0.32571801566579633,-0.6742424242424241,0.20221324727880693,-0.955913897860546,-0.2792870593371587,-0.30598052851182195,-0.6749077490774907,-0.2124686492296668,-0.2571657716141031,-0.9021811972632747,-0.44500722727714886,Software—Application,Technology,OBLG
2021Q4,2021,Q4,2022-03-29,2021-12-31,-2710000.0,1973000.0,-2791000.0,-1.32,719000.0,0.3644196655,28607000.0,25497000.0,12751000.0,2493000.0,3110000.0,1821000.0,-201906000.0,31740526.349999998,23529526.349999998,12.410904773795599,5.11472121941436,0.025448316845527317,0.02855237871122093,-0.10022221221067361,12.410904773795599,-0.10628701415852845,16.08744366447035,-2.928092836715867,1.2448729791740205,0.0,0.6886326194398682,0.0,0.06896913342888104,3.926193341355796,-0.09473205858705912,-17.67289885857461,0.3644196654840345,-2.7600000000000002,0.38834661988787017,-0.9465794045355852,-0.24989224574141602,0.2591943957968476,-3.093655589123867,0.023101155057752887,0.8451992737752542,-0.89261991682122,-0.4191296800263332,Software—Application,Technology,OBLG
2021Q3,2021,Q3,2021-11-10,2021-09-30,-662000.0,1799000.0,-2857000.0,0.75,571000.0,0.3173985548,31698000.0,28145000.0,15369000.0,2959000.0,3553000.0,1856000.0,-199196000.0,64551879.0,54474879.0,13.734185801160026,5.193984454207502,0.02072685973878478,0.023343400248712027,0.22443625627876074,13.734185801160026,-0.023521051696571326,35.882089494163424,-24.377597809667673,2.2935469532776693,0.0,0.6616379310344828,0.0,0.05675436936084296,4.058803649881717,-0.020884598397375227,-28.07824227925185,0.31739855475264034,1.5905511811023623,0.955169469976852,-0.9521830783066577,-0.20155112900003028,-0.28625,0.7056469542018675,-0.16091019910605445,0.9284311440636542,-0.9024564033241159,-0.5273324006740792,Software—Application,Technology,OBLG
2021Q2,2021,Q2,2021-08-11,2021-06-30,-2249000.0,2049000.0,-2461000.0,-1.27,800000.0,0.3904343582,34937000.0,28305000.0,17565000.0,3566000.0,6632000.0,2125000.0,-198534000.0,90589566.0,80956566.0,15.935113321991189,4.925687044307347,0.09731802959613017,0.12012012012012012,-0.07538812950330145,15.935113321991189,-0.07945592651475004,44.21159882869693,-10.069982881280568,3.2004792792792793,0.0,0.587764705882353,0.0,0.05864842430660904,3.9220415030846887,-0.06437301428285198,-37.20310718685832,0.3904343582235237,0.5680272108843537,0.5048181935523338,-0.9463554687431122,-0.3216165943763402,0.27388535031847133,0.3539212869864981,0.27189349112426037,0.7633196785755764,-0.8894006506042217,-0.5391050211891728,Software—Application,Technology,OBLG
2021Q1,2021,Q1,2021-05-13,2021-03-31,-3481000.0,1918000.0,-3380000.0,-2.94,628000.0,0.3274244004,26671000.0,18931000.0,8445000.0,6756000.0,7740000.0,1494000.0,-196288000.0,88424855.10000001,88097855.10000001,15.99262671565294,1.25,0.13636534063214728,0.19211874702868312,-0.14407512011015255,15.99262671565294,-0.18387829486028207,46.10263561001043,-6.350535413674232,4.670902493265015,0.0,0.8634538152610441,0.0,0.07191331408646096,0.8500592066311426,-0.1305162911026958,-70.62688107028755,0.32742440041710114,-2.2894736842105265,0.023734051086167208,-0.930591762099629,-0.36456124480433144,-0.7301246239793726,-3.957519116397621,-1.5900383141762453,0.29466068238433496,-0.8562473079557389,-0.6056060603367307,Software—Application,Technology,OBLG
2020Q4,2020,Q4,2021-03-30,2020-12-31,1177000.0,3923000.0,-1305000.0,2.28,2327000.0,0.5931684935,29143000.0,22057000.0,9993000.0,5575000.0,7086000.0,920000.0,-192855000.0,39827932.5,38618932.5,42.698543289938534,1.7924663677130044,0.1320728819956765,0.17450242553384412,-0.04389451610395786,42.698543289938534,0.05336174457088453,10.152417155238338,8.459628823279523,1.8056822097293377,0.0,1.7347826086956522,0.0,0.1346120852348763,1.4751569506726459,0.04038705692619154,-17.537618890356672,0.5931684934998726,1.3624801271860096,1.5813786163621937,-0.6846450738000146,0.5805752480881525,0.4068923821039903,1.5645083932853716,0.3032568072610785,11.904788237663395,-0.33368871639050746,0.03327897945305255,Software—Application,Technology,OBLG
2020Q3,2020,Q3,2020-11-16,2020-09-30,-2085000.0,3266000.0,-1873000.0,-6.29,1654000.0,0.5064298836,27242000.0,13345000.0,6728000.0,9973000.0,13897000.0,1126000.0,-194033000.0,12045088.5,19148088.5,38.223255893885714,0.6746214779905746,0.35874752220835476,0.7323342075683776,-0.0791448722694799,38.223255893885714,-0.15623829149494192,3.6880246478873238,-1.4442552158273383,0.9025918696140877,0.0,1.4316163410301954,0.0,0.11988840760590265,0.48902035495838764,-0.07653623082005727,-8.188367437117607,0.5064298836497244,0.352880658436214,-0.9625296118525901,-0.6416808068268257,0.2760175294185081,0.45984112974404234,0.3856806128461992,0.43242424242424243,-1.2067816533713125,-0.3389701761758883,-0.056292634268994564,Software—Application,Technology,OBLG
2020Q2,2020,Q2,2020-08-14,2020-06-30,-3394000.0,2816000.0,-3300000.0,-9.72,1133000.0,0.40234375,29293000.0,15407000.0,7764000.0,8519000.0,13886000.0,1344000.0,-191948000.0,7807068.550500001,13596068.550500002,44.104049717604696,0.9113745744805728,0.33898883692349707,0.6445122346985137,-0.12120939273771741,44.104049717604696,-0.22028947880833388,2.772396502308239,-0.5750639769077784,0.506722175017849,0.0,1.2522321428571428,0.0,0.09613218174990612,0.6457330672614157,-0.11586385825965248,-23.948063038343562,0.40234375,0.08041627246925256,-7.247824883626633,-0.7085762823190839,0.3817278286678226,-0.6164522681110359,-0.08469159475870885,-0.35467980295566504,-3.0803458717234835,-0.48199640160722174,2.7272735550226455,Software—Application,Technology,OBLG
2020Q1,2020,Q1,2020-06-29,2020-03-31,-3129000.0,5328000.0,-2436000.0,-10.57,2954000.0,0.5544294294,31953000.0,18775000.0,8805000.0,9700000.0,13178000.0,1439000.0,-188563000.0,6270813.975,12533813.975,54.117077360758415,0.9077319587628866,0.2604450286358088,0.4432490013315579,-0.09557614837250905,54.117077360758415,-0.1666577896138482,1.1769545748873873,-0.5010238075263662,0.33399808122503327,0.0,1.6497567755385685,0.0,0.16674490658154165,0.6461855670103093,-0.09792507745751573,-2.472718444400631,0.5544294294294294,-6.289655172413794,-4.942663120226942,-0.49284669274969756,0.6874740550195044,0.01932367149758454,0.5823545114789108,0.32669983416252074,-2.256653819730952,-0.09208216334701688,2.829088812519535,Software—Application,Technology,OBLG
2019Q4,2019,Q4,2020-05-15,2019-12-31,-7492000.0,5424000.0,-3618000.0,-1.45,2898000.0,0.5342920354,34909000.0,21785000.0,9926000.0,8258000.0,13124000.0,1816000.0,-185434000.0,7100113.050000001,11412113.05,63.9732419471828,1.201985953015258,0.25268555386862984,0.4049116364470966,-0.14148675938051203,63.9732419471828,-0.3439063575854946,1.3090178926991152,-0.23692315302989858,0.32591751434473265,0.0,1.3909691629955947,0.0,0.15537540462344954,0.8539597965609106,-0.21461514222693287,-2.717226578645236,0.5342920353982301,0.24083769633507854,-1.4135090223987932,-0.5219635210584836,0.8674533684810487,2.6776649746192893,-10.351515151515152,-4.835483870967742,-9.20141215205281,-0.11401216997849763,2.8665049586845415,Software—Application,Technology,OBLG
2019Q3,2019,Q3,2019-11-14,2019-09-30,-660000.0,2370000.0,-620000.0,-1.91,788000.0,0.3324894515,5878000.0,4710000.0,2736000.0,1168000.0,1168000.0,0.0,-179786000.0,4976640.0,3748640.0,13.628472222222221,2.3424657534246576,0.007315413405920381,0.009129511677282378,-0.13331422018348624,13.628472222222221,-0.14012738853503184,2.099848101265823,-1.8850909090909092,1.056611464968153,0.0,0.0,0.0,0.4031983667914257,2.0205479452054793,-0.1122830894862198,16.5888,0.33248945147679326,0.5051813471502591,-1.7810329861111112,-0.7992171574376589,-0.6715181516729308,-0.00880503144654088,0.24571428571428572,-0.47268408551068886,0.7349764784946237,-0.6264717977862185,-0.20769688011875523,Software—Application,Technology,OBLG
2019Q2,2019,Q2,2019-08-14,2019-06-30,-875000.0,2439000.0,-421000.0,-3.86,795000.0,0.3259532595,6268000.0,5356000.0,2934000.0,912000.0,912000.0,0.0,-179146000.0,5679300.0,4763300.0,15.560720511330622,3.2171052631578947,0.011327377153797065,0.013256161314413742,-0.11621639037572105,15.560720511330622,-0.1633681852128454,2.3285362853628535,-1.622657142857143,1.060362210604929,0.0,0.0,0.0,0.3891193363114231,2.6984649122807016,-0.13959795788130186,-9.998767605633804,0.32595325953259535,-1.193181818181818,-0.6688739350688676,-0.8049819620339155,-0.6062461892152947,-0.13492927094668117,-0.46321070234113715,0.2959866220735786,0.005784763807319506,-0.6704719156671747,-0.33755509853409993,Software—Application,Technology,OBLG
2019Q1,2019,Q1,2019-05-15,2019-03-31,-598000.0,2594000.0,-598000.0,-1.76,919000.0,0.3542791056,7611000.0,6245000.0,3650000.0,1366000.0,1366000.0,0.0,-178271000.0,7145586.0,5648586.0,18.35328830973415,2.67203513909224,0.012087767704638024,0.014731785428342675,-0.09301602115414528,18.35328830973415,-0.09575660528422739,2.7546592135697763,-2.987285117056856,1.1442091273018413,0.0,0.0,0.0,0.34082249375903295,2.218887262079063,-0.07857049008014716,-17.135697841726618,0.35427910562837317,-2.142857142857143,0.5103040207181119,-0.7780249994249471,-0.5360549051293505,-0.19527145359019266,0.7804698972099853,0.22135416666666666,0.4165542215914753,-0.6734365413331076,-0.2707645288894284,Software—Application,Technology,OBLG
2018Q4,2018,Q4,2019-03-08,2018-12-31,-2724000.0,2859000.0,-768000.0,-0.56,1142000.0,0.3994403638,7962000.0,6830000.0,3925000.0,1132000.0,1132000.0,0.0,-177673000.0,6233487.0,4226487.0,21.366050815538717,3.467314487632509,0.0,0.0,-0.11298430071510623,21.366050815538717,-0.3988286969253294,2.1803032528856243,-0.5720894823788547,0.9126628111273792,0.0,0.0,0.0,0.3590806330067822,2.9840989399293285,-0.3421250941974378,-10.935942105263157,0.3994403637635537,0.9254327563249001,-0.1371171939400273,-0.7696437179531044,-0.5503163366467961,0.013309671694764862,-0.8530612244897959,-0.5515151515151515,-1.174335877759236,-0.6286081198305212,-0.20909126011350646,Software—Application,Technology,OBLG
2018Q3,2018,Q3,2018-11-13,2018-09-30,-1470000.0,2931000.0,-495000.0,-7.51,1127000.0,0.384510406,10538000.0,9463000.0,4430000.0,1075000.0,1075000.0,0.0,-174949000.0,7816152.0,5238152.0,29.05675324635447,4.120930232558139,0.0,0.0,-0.0870037331216963,29.05675324635447,-0.15534185776180914,2.6667185261003072,-1.329277551020408,0.825969777026313,0.0,0.0,0.0,0.2781362687416967,3.6874418604651162,-0.1394951603719871,-868.4613333333333,0.38451040600477654,0.26227897838899805,-0.08865397340108659,-0.7712639214107074,-0.44245655926893357,-0.1731474688187821,0.12966252220248667,-2.2142857142857144,-0.4833261026810333,-0.6552701780859703,-0.0299903652041488,Software—Application,Technology,OBLG
2018Q2,2018,Q2,2018-08-09,2018-06-30,-1689000.0,3293000.0,-154000.0,-10.18,1363000.0,0.4139082903,11870000.0,10916000.0,4698000.0,954000.0,954000.0,0.0,-173479000.0,9471780.0,6793780.0,34.574282764168935,4.9245283018867925,0.0,0.0,-0.02684561865505705,34.574282764168935,-0.15472700622938806,2.8763376860006074,-1.4019804618117229,0.8676969585928911,0.0,0.0,0.0,0.27742207245155853,4.351153039832285,-0.14229149115417017,-24.22450127877238,0.4139082903127847,-0.6210191082802546,-0.9526054815603396,-0.7781896831058526,-0.44119898237286737,0.027128862094951016,-0.31439688715953307,0.33043478260869563,-3.5413660519865213,-0.6229375887233072,0.08317147648265873,Software—Application,Technology,OBLG
2018Q1,2018,Q1,2018-05-09,2018-03-31,-1285000.0,3474000.0,-230000.0,-6.28,1327000.0,0.381980426,13768000.0,12498000.0,5059000.0,1270000.0,1270000.0,0.0,-171790000.0,10171029.0,7103029.0,40.54987946647286,3.983464566929134,0.0,0.0,-0.027711826888411097,40.54987946647286,-0.10281645063210114,2.9277573402417962,-1.9787994163424125,0.8138125300048008,0.0,0.0,0.0,0.2523242300987798,3.4354330708661416,-0.09333236490412551,-19.559671153846153,0.3819804260218768,-28.90476190476191,0.6748345064500411,-0.7552123037146926,-0.3581594927026906,-0.09911744738628649,-19.725806451612904,-3.8048780487804876,-1.747092826871248,-0.6277801594426061,0.264422856350684,Software—Application,Technology,OBLG
2017Q4,2017,Q4,2018-03-07,2017-12-31,-62000.0,3382000.0,82000.0,-0.21,1473000.0,0.4355410999,15424000.0,12262000.0,5881000.0,2793000.0,3162000.0,0.0,-170505000.0,16023582.0,13640582.0,41.3233445555432,2.10562119584676,0.10133558091286307,0.12746697113032132,0.006028518068360359,41.3233445555432,-0.005056271407600717,4.737901241868717,-64.61121774193549,1.3067674115152503,0.0,0.0,0.0,0.21926867219917012,1.853204439670605,-0.004019709543568464,32.305608870967745,0.4355410999408634,-1.0073684210526317,-1.0287632729252303,-0.7859115309398925,-0.46495437288539154,-0.013395847287340924,-1.0087274774774775,1.2798634812286689,0.9770788604888366,-0.6579352530134596,0.2062765093390812,Software—Application,Technology,OBLG
2017Q3,2017,Q3,2017-11-14,2017-09-30,7104000.0,3481000.0,-293000.0,28.5,1493000.0,0.4288997415,13330000.0,9963000.0,3573000.0,2877000.0,3367000.0,0.0,-170444000.0,9224250.0,9573250.0,40.5032929506464,1.2419186652763294,0.13413353338334583,0.17946401686239086,-0.025972357503236138,40.5032929506464,0.713038241493526,2.6498850904912383,0.32461465371621623,0.9258506473953627,0.0,0.0,0.0,0.2611402850712678,0.9753215154675009,0.5329332333083271,9.123887240356083,0.42889974145360527,12.974789915966387,8.932708448496113,-0.646899131790138,0.26950642844696904,-0.06394984326018809,13.040677966101695,-0.6839080459770115,43.05707781120417,-0.5856606195454014,-0.02376463665039712,Software—Application,Technology,OBLG
2017Q2,2017,Q2,2017-07-31,2017-06-30,-590000.0,3856000.0,-174000.0,-2.38,1595000.0,0.4136410788,15612000.0,2932000.0,3729000.0,12396000.0,12680000.0,0.0,-177548000.0,10407012.0,20006012.0,11.832791198857079,0.3008228460793804,0.6851140148603638,3.6480218281036834,-0.013380142544265516,11.832791198857079,-0.20122783083219645,2.698913900414938,-4.4097508474576275,3.549458390177353,0.0,0.0,0.0,0.24698949526005637,0.22531461761858665,-0.03779144248014348,-800.5393846153846,0.41364107883817425,0.14079422382671483,-2.569789149482006,-0.625829878818582,-0.6536589042224968,-0.02267156862745098,0.11676646706586827,0.35555555555555557,-0.5631533707584794,-0.5717137726548066,-0.7005789916105061,Software—Application,Technology,OBLG
2017Q1,2017,Q1,2017-05-11,2017-03-31,-668000.0,4080000.0,-270000.0,-2.77,1632000.0,0.4,16112000.0,3409000.0,3788000.0,12446000.0,12703000.0,0.0,-176958000.0,10492461.0,20060461.0,14.133147599976784,0.30435481279125826,0.6627358490566038,3.132296861249633,-0.01997393731200373,14.133147599976784,-0.19595189205045468,2.5716816176470587,-3.926819236526946,3.077870636550308,0.0,0.0,0.0,0.253227408142999,0.22111521774063955,-0.041459781529294935,-582.9145,0.4,-18.785714285714285,-3.61420085003092,-0.5928965693314604,-0.5585498568041111,-0.07952622673434856,-0.3046875,-0.030534351145038167,0.22832884658666935,-0.5074790525809785,-0.6427340761265957,Software—Application,Technology,OBLG
2016Q4,2016,Q4,2017-03-31,2016-12-31,-512000.0,4268000.0,-262000.0,-0.14,1773000.0,0.4154170572,16500000.0,3928000.0,3753000.0,12342000.0,12572000.0,0.0,-176290000.0,9614943.0,19134943.0,16.545495901535766,0.3040836169178415,0.6460606060606061,2.713849287169043,-0.013155226256475918,16.545495901535766,-0.13034623217922606,2.2527982661668227,-4.69479638671875,2.447796079429735,0.0,0.0,0.0,0.25866666666666666,0.22484200291686923,-0.03103030303030303,-50.340015706806284,0.4154170571696345,0.9805825242718447,-2.128235661663807,-0.6207054591173272,-0.502385837534641,0.02190201729106628,0.6997067448680352,0.616398243045388,0.7122118945990428,-0.5369636651948698,-0.6517728393874725,Software—Application,Technology,OBLG
2016Q3,2016,Q3,2016-11-04,2016-09-30,-1705000.0,4344000.0,-683000.0,-7.21,1735000.0,0.3994014733,17111000.0,4070000.0,3977000.0,12621000.0,13041000.0,0.0,-175778000.0,9937746.0,19236746.0,17.201083626005335,0.3151097377386895,0.621939103500672,2.614742014742015,-0.04745449154542598,17.201083626005335,-0.4189189189189189,2.2876947513812156,-1.4571475073313782,2.441706633906634,0.0,0.0,0.0,0.2538717783881714,0.24419618096822757,-0.09964350417859856,-72.53829197080292,0.39940147329650094,-1.81640625,-32.12390802703148,-0.5819724116960838,-0.4188074540942096,-0.11839430894308943,-1.8181818181818181,-3.0176470588235293,-0.7379611471611536,-0.533392384850156,-0.669944151439251,Software—Application,Technology,OBLG
2016Q2,2016,Q2,2016-08-04,2016-06-30,-605000.0,5088000.0,-170000.0,-2.56,1968000.0,0.3867924528,18593000.0,5558000.0,4488000.0,10871000.0,13035000.0,0.0,-174073000.0,10647585.0,19791585.0,23.48983361015667,0.41284150492135036,0.5713978378959823,1.9114789492623245,-0.011131046344330611,23.48983361015667,-0.10885210507376754,2.0926857311320757,-4.399828512396694,1.9157223821518532,0.0,0.0,0.0,0.2736513741730759,0.33419188667095945,-0.03253912762867746,-70.51380794701987,0.3867924528301887,0.14950166112956803,-21.80925020031469,-0.5721787079375402,-0.28242681619209414,-0.04419621175327829,0.1502808988764045,0.423728813559322,0.06671996633698042,-0.5426919359163149,-0.6203495235235698,Software—Application,Technology,OBLG
2016Q1,2016,Q1,2016-05-09,2016-03-31,-712000.0,5518000.0,-295000.0,-3.01,2059000.0,0.3731424429,19826000.0,5949000.0,5292000.0,2925000.0,13877000.0,0.0,-173469000.0,13827820.5,22802820.5,25.16784911982333,1.8092307692307692,0.5551296277615253,1.850058833417381,-0.01835272016339548,25.16784911982333,-0.11968398050092452,2.505947897789054,-4.855274051966292,2.324394099848714,0.0,0.0,0.0,0.27832139614647433,1.6321367521367522,-0.0359124382124483,49.38507321428571,0.3731424429140993,-10.576923076923077,-13.973683542536584,-0.5391099386120796,0.21201396673262407,-0.07335733573357335,0.23110151187904968,0.2769607843137255,0.7650722043641285,-0.49301565081026427,-0.6016327234707155,Software—Application,Technology,OBLG
2015Q4,2015,Q4,2016-03-17,2015-12-31,-926000.0,5690000.0,-408000.0,-0.26,2222000.0,0.3905096661,20231000.0,6383000.0,5087000.0,2754000.0,13848000.0,0.0,-172757000.0,17721000.0,27142000.0,27.01455899779922,1.8471314451706609,0.5528644159952548,1.7523108256305813,-0.028446381588458095,27.01455899779922,-0.14507284975716747,3.1144112478031634,-4.784287257019439,2.7762807457308476,0.0,0.0,0.0,0.2812515446591864,1.6332607116920843,-0.045771341011319265,-52.89850746268657,0.3905096660808436,0.9144736842105264,0.027755782066914005,-0.5618894536983491,0.2734593203276791,-0.0882232252769799,-0.28969359331476324,-0.14606741573033707,-1.5395062553803083,-0.5476539265000456,-0.6502213986872662,Software—Application,Technology,OBLG
2015Q3,2015,Q3,2015-11-10,2015-09-30,-718000.0,6160000.0,-356000.0,-3.04,2437000.0,0.3956168831,21070000.0,7068000.0,5394000.0,3075000.0,14002000.0,0.0,-171831000.0,20527911.0,29613911.0,29.955118180315573,1.7541463414634146,0.5130991931656383,1.5295698924731183,-0.020017579834438807,29.955118180315573,-0.10158460667798529,3.3324530844155844,-7.147601323119777,2.904345076400679,0.0,0.0,0.0,0.292358803986711,1.5395121951219513,-0.03407688656858092,113.4138729281768,0.39561688311688314,-1.5762711864406782,0.5202043628340441,-0.5014613353151386,0.2884004333650296,-0.13703966005665721,-1.5827338129496402,-4.456310679611651,0.16417130279926928,-0.34859697958713676,-0.06110806493839913,Software—Application,Technology,OBLG
2015Q2,2015,Q2,2015-08-05,2015-06-30,-278000.0,6528000.0,103000.0,-1.18,2824000.0,0.4325980392,21485000.0,7533000.0,5537000.0,3025000.0,13952000.0,0.0,-171117000.0,28674000.0,37941000.0,31.91949152542373,1.830413223140496,0.5072376076332324,1.4467011814682065,0.005771312982773536,31.91949152542373,-0.036904287800345145,4.392463235294118,-25.785971223021583,3.8064516129032255,0.0,0.0,0.0,0.3038398882941587,1.648595041322314,-0.012939259948801489,382.32,0.4325980392156863,0.22368421052631585,0.7919664745762712,-0.4956243560068692,0.5175277857203694,-0.12134411947728686,0.22562674094707522,-0.5482456140350878,-1.7766026517222526,-0.33491525423728813,-0.06572916856305405,Software—Application,Technology,OBLG
2015Q1,2015,Q1,2015-05-06,2015-03-31,-359000.0,7163000.0,228000.0,-1.52,3214000.0,0.448694681,22360000.0,7586000.0,6131000.0,3847000.0,14774000.0,0.0,-170848000.0,32288529.0,41627529.0,32.06987224472196,1.593709383935534,0.5013416815742398,1.4777221196941734,0.018585349970504848,32.06987224472196,-0.04732401792776167,4.5076823956442835,-22.485048050139277,4.256331268125495,0.0,0.0,0.0,0.32034883720930235,1.410969586690928,-0.01605545617173524,467.9496956521739,0.4486946809995812,-1.4918032786885247,0.7340516378353651,-0.5176024010672878,-0.0006818738364697079,-0.08770933863184786,0.8306603773584905,-0.6846473029045643,-2.4326148077988274,-0.2711938169730475,0.0017053593022424859,Software—Application,Technology,OBLG
2014Q4,2014,Q4,2015-03-05,2014-12-31,-2120000.0,7749000.0,723000.0,-0.61,3523000.0,0.4546393083,22616000.0,7967000.0,6236000.0,3721000.0,14649000.0,0.0,-170614000.0,38373390.0,47662390.0,34.2569421153565,1.6758935769954313,0.4964184648036788,1.4091879000878624,0.04022304216948094,34.2569421153565,-0.26609765281787373,4.952044134727061,-4.525163915094339,4.816541985690975,0.0,0.0,0.0,0.3426335337813937,1.4259607632356894,-0.0937389458790237,-106.59275,0.4546393082978449,0.08955223880597023,-1.308034276300519,-0.5553862679622916,1.6214137058438023,-0.017020089285714284,-12.25,0.30035971223021585,-5.768822856040987,-0.2970194493112018,0.030294870628514523,Software—Application,Technology,OBLG
2014Q3,2014,Q3,2014-11-05,2014-09-30,-160000.0,7958000.0,556000.0,-0.67,3584000.0,0.4503644132,25386000.0,9667000.0,6799000.0,4829000.0,15719000.0,0.0,-168494000.0,45435000.0,54629000.0,41.48927038626609,1.4079519569269,0.4469786496494131,1.1737871107892832,-0.021317751437318722,41.48927038626609,-0.016551153408503154,5.709349082684091,-70.9921875,4.700010344470881,0.0,0.0,0.0,0.31347987079492634,1.213915924622075,-0.006302686520129205,-231.8112244897959,0.450364413169138,0.5592105263157895,0.9706194774046958,-0.5138635218066563,3.4370300077171985,-0.01646542261251372,0.5492957746478874,0.5574229691876751,-3.9660085836909866,-0.22231854304760623,0.40184509347493985,Software—Application,Technology,OBLG
2014Q2,2014,Q2,2014-08-06,2014-06-30,-355000.0,8468000.0,357000.0,-1.52,3644000.0,0.4303259329,24999000.0,9210000.0,6286000.0,4891000.0,15789000.0,0.0,-168692000.0,52436925.0,61546925.0,39.51890771627055,1.2852177468820283,0.4484579383175327,1.2172638436482084,-6.1671532846715325,39.51890771627055,-0.03854505971769816,6.192362423240435,-36.927411971830985,5.693477198697068,0.0,0.0,0.0,0.3387335493419737,1.1662236761398488,-0.014200568022720909,806.7219230769231,0.430325932923949,0.6978131212723658,-1.288968920767489,-0.5970441958040567,1.5833166485832038,0.17132754741240758,0.5743405275779376,1.714,-13.396906182158514,-0.27709696866782074,0.20723326104419934,Software—Application,Technology,OBLG
2014Q1,2014,Q1,2014-05-07,2014-03-31,-834000.0,7981000.0,-500000.0,-5.03,3111000.0,0.3898007768,24944000.0,9193000.0,6217000.0,5491000.0,15751000.0,0.0,-168693000.0,58561272.0,67706272.0,39.559181706299,1.1322163540338737,0.45425753688261705,1.232568258457522,-0.03379698866516131,39.559181706299,-0.09072120091373871,7.337585766194713,-17.554338129496404,6.37020254541499,0.0,0.0,0.0,0.31995670301475304,1.0575487160808597,-0.03343489416292495,585.61272,0.3898007768450069,-9.479166666666668,0.926459821895922,-0.5939422740408197,1.5220139698270911,1.582366154998128,0.45311475409836066,0.2113564668769716,-16.457429126539463,-0.3219513363120991,0.9050607190259838,Software—Application,Technology,OBLG
2013Q4,2013,Q4,2014-03-06,2013-12-31,-1525000.0,7901000.0,-634000.0,-0.48,-5342000.0,-0.6761169472,25886000.0,9669000.0,6775000.0,5939000.0,16217000.0,0.0,-167859000.0,42124500.0,51275500.0,47.513513513513516,1.1407644384576527,0.4421308815575987,1.1836798014272416,-0.029089945201926672,47.513513513513516,-0.15772055021201778,5.3315403113529936,-6.905655737704918,4.356655290102389,0.0,0.0,0.0,0.30522290040948774,1.0771173598248864,-0.05891215328749131,109.41428571428571,-0.6761169472218707,0.8843373493975903,0.016132719776787565,-0.49707923956184824,2.145485300426477,-1.8672077922077923,-0.7408675799086758,-1.8053097345132743,-0.8590744175374525,-0.29365633935729524,1.2397747314782437,Software—Application,Technology,OBLG
2013Q3,2013,Q3,2013-11-06,2013-09-30,-876000.0,8313000.0,-226000.0,-4.15,6160000.0,0.7410080597,26621000.0,11011000.0,6547000.0,6496000.0,15610000.0,0.0,-166334000.0,42467280.0,50710280.0,52.115675880348356,1.0078509852216748,0.38668720183313926,0.9348832985196621,-0.016611330804413106,52.115675880348356,-0.0795568068295341,5.10853843377842,-12.119657534246576,3.8568050131686493,0.0,0.0,0.0,0.3122722662559633,0.916871921182266,-0.032906352128019234,-707.788,0.741008059665584,-0.5145985401459854,0.8264051377127627,-0.4967734394399208,1.186670844036245,-0.07088989441930618,-0.7210216110019646,-2.0813397129186604,0.3462629908589556,-0.2486487214697075,1.241548805955833,Software—Application,Technology,OBLG
2013Q2,2013,Q2,2013-08-08,2013-06-30,-509000.0,8736000.0,209000.0,-2.74,6630000.0,0.7589285714,26824000.0,11495000.0,6738000.0,6087000.0,15329000.0,0.0,-165783000.0,20343567.0,28357567.0,61.87226163435351,1.1069492360768851,0.403295556218312,0.9411048281861679,0.03124120816997783,61.87226163435351,-0.044280121792083516,2.328705013736264,-9.991928781925344,1.7697752936059155,0.0,0.0,0.0,0.325678496868476,0.9845572531624774,-0.01897554428869669,20.77994586312564,0.7589285714285714,0.7862714508580343,0.3199369235682521,-0.43905520618369714,1.24044152614452,0.01968625038449708,0.7850506756756757,1.130461922596754,0.5161560289795786,-0.14259580358454188,1.9415530043987885,Software—Application,Technology,OBLG
2013Q1,2013,Q1,2013-05-09,2013-03-31,-2368000.0,8504000.0,-1602000.0,-12.82,6502000.0,0.7645813735,27368000.0,11668000.0,6605000.0,6057000.0,15700000.0,0.0,-165633000.0,39338118.0,48255118.0,63.177501272429964,1.0904738319299982,0.40496199941537564,0.9498628728145355,-0.08250663814902404,63.177501272429964,-0.20294823448748714,4.625837017873942,-4.153095228040541,3.371453376756942,0.0,0.0,0.0,0.31072785735165154,0.9574046557701833,-0.08652440806781643,280.9865571428571,0.7645813734713076,-26.64,0.6643953894125173,-0.4097412937639924,1.2457094535655255,-0.4093923153783268,-2.9362224039247753,-1.4532924961715161,-1.2468092479449306,-0.26647474491232764,0.9686521263785014,Software—Application,Technology,OBLG
2012Q4,2012,Q4,2013-04-01,2012-12-31,1223000.0,8963000.0,-653000.0,0.5,11009000.0,1.228271784,29316000.0,13003000.0,7162000.0,6451000.0,16313000.0,37000.0,-163648000.0,50255460.0,59536460.0,77.23330957472083,1.1102154704696947,0.3922431436758084,0.8843343843728371,0.03188364670134873,77.23330957472083,0.09405521802660924,5.606990962847261,10.272988552739166,3.864912712450973,0.0,-55.2972972972973,0.0,0.3057374812389139,0.9840334831809022,0.0417178332651112,-636.1450632911392,1.2282717840008925,1.1373626373626375,-0.9774799811822332,-0.24344247231922242,1.3503249310554728,3.101713859910581,3.052013422818792,-0.13763066202090593,-0.7545308338290249,-0.2896082426862495,4.910056291220832,Software—Application,Technology,OBLG
2012Q3,2012,Q3,2012-11-08,2012-09-30,-596000.0,6561000.0,-574000.0,-3.64,2684000.0,0.4090839811,9240000.0,5223000.0,4913000.0,3756000.0,4017000.0,0.0,-164871000.0,51076272.0,50658272.0,31.90475608713181,1.3080404685835996,0.13333333333333333,0.23587976258855065,-0.08330378814738049,31.90475608713181,-0.11411066436913651,7.784830361225423,-21.424610738255033,9.779106260769673,0.0,0.0,0.0,0.7100649350649351,1.2103301384451544,-0.0645021645021645,236.46422222222222,0.40908398110044203,-3.426666666666667,0.9756647324370601,-0.45475209875689976,1.1074993249783143,-0.07128027681660899,-3.403225806451613,-3.0140350877192983,0.8442324039831807,-0.42955255756750144,2.874047127109185,Software—Application,Technology,OBLG
2012Q2,2012,Q2,2012-08-14,2012-06-30,248000.0,6800000.0,285000.0,1.5,2890000.0,0.425,9505000.0,5586000.0,5112000.0,3599000.0,3919000.0,0.0,-164279000.0,51747750.0,51347750.0,34.1651376146789,1.4203945540427896,0.13561283534981589,0.23075546007876835,0.03768108833730865,34.1651376146789,0.04439670605084139,7.609963235294118,52.16507056451613,9.263829215896886,0.0,0.0,0.0,0.7154129405576013,1.314253959433176,0.02609153077327722,-165.85817307692307,0.425,0.0,1.030191032774728,-0.443024023925074,1.1583446446074106,-0.02824478816408877,0.4418604651162791,0.4393939393939394,-0.7122526024012895,-0.538764825419471,1.5042926215183152,Software—Application,Technology,OBLG
2012Q1,2012,Q1,2012-05-10,2012-03-31,172000.0,6746000.0,198000.0,1.5,2974000.0,0.4408538393,9309000.0,5198000.0,4893000.0,3823000.0,4111000.0,0.0,-164527000.0,65755800.0,64924800.0,32.01527469820153,1.2798849071409888,0.1308411214953271,0.23432089265101963,0.02404720854249817,32.01527469820153,0.03308964986533282,9.747376222946931,95.57529069767442,12.650211619853788,0.0,0.0,0.0,0.7246750456547427,1.206382422181533,0.018476742936942743,256.85859375,0.440853839312185,11.5,1.0170550895667076,-0.4306942958784183,1.1751143640956703,-0.05014372404982434,-0.39436619718309857,-0.38317757009345793,1.021707908961595,-0.5087441646762718,1.4224662877101903,Software—Application,Technology,OBLG
2011Q4,2011,Q4,2012-03-08,2011-12-31,284000.0,7042000.0,321000.0,0.12,3131000.0,0.4446180062,9465000.0,4940000.0,4668000.0,4191000.0,4525000.0,0.0,-164699000.0,52371982.5,51814982.5,33.24964832102737,1.113815318539728,0.13322768092974116,0.25526315789473686,0.042650305789483964,33.24964832102737,0.05748987854251012,7.437089250213008,46.10209727112676,10.60161589068826,0.0,0.0,0.0,0.7440042260961437,1.035075161059413,0.03000528262017961,107.3196362704918,0.44461800624822495,-0.07692307692307698,1.1450006998336033,-0.2633734318028349,1.221081045302526,0.1352429296591733,6.888888888888889,4.836363636363636,1.2509629062104608,-0.3860428756270326,1.8016031772782761,Software—Application,Technology,OBLG
2011Q3,2011,Q3,2011-10-18,2011-09-30,36000.0,6829000.0,55000.0,0.13,2758000.0,0.4038658662,9537000.0,4602000.0,4411000.0,4584000.0,4935000.0,0.0,-164983000.0,54578043.0,54481043.0,29.59618760973163,0.962260034904014,0.13232672748243682,0.2742285962624946,0.004528701380175659,29.59618760973163,0.007822685788787484,7.992098843168839,379.0141875,11.859635593220338,0.0,0.0,0.0,0.7160532662262766,0.8756544502617801,0.0037747719408619063,540.3766633663366,0.4038658661590277,0.3,-0.9961709724148265,-0.30031235933914485,1.2205669583553957,0.10143769968051118,1.1176470588235294,0.41025641025641024,1.0096935489508572,-0.4382922278988798,1.1060092808553004,Software—Application,Technology,OBLG
2011Q2,2011,Q2,2011-08-08,2011-06-30,17000.0,6954000.0,39000.0,0.1,2504000.0,0.3600805292,9928000.0,4529000.0,4600000.0,5007000.0,5399000.0,0.0,-165019000.0,43166136.0,43170136.0,32.735105129632174,0.9187138006790493,0.12711522965350525,0.27864870832413335,0.004035345487655982,32.735105129632174,0.003753587988518437,6.207382226056946,634.7961176470588,9.531052329432546,0.0,0.0,0.0,0.7004431909750202,0.8236468943479129,0.0017123287671232876,-185.2623862660944,0.36008052919183203,-0.1666666666666666,1.001976327718508,-0.2228903056771674,1.2423770003978565,-0.06392523364485982,-0.46875,-0.4507042253521127,1.0305003440660057,-0.40039314901488354,1.127211749303502,Software—Application,Technology,OBLG
2011Q1,2011,Q1,2011-03-16,2011-03-14,32000.0,6981000.0,71000.0,0.12,2675000.0,0.3831829251,8275000.0,2862000.0,4893000.0,5413000.0,5413000.0,0.0,-165036000.0,45482580.0,44741580.0,20.7653127856863,0.9039349713652318,0.09063444108761329,0.2620545073375262,0.007020249960449296,20.7653127856863,0.011180992313067784,6.515195530726257,355.33265625,15.891886792452828,0.0,0.0,0.0,0.8436253776435045,0.8174764455939405,0.003867069486404834,-83.60768382352941,0.3831829250823664,1.4615384615384615,1.0029800877010593,-0.1766371689690503,1.2173772199034134,0.13107822410147993,1.0622568093385214,1.2177914110429449,1.0060771369296972,-0.3507086589511759,1.0807602952780087,Software—Application,Technology,OBLG
2010Q4,2010,Q4,2010-12-31,2010-12-31,-514000.0,7009000.0,-326000.0,-0.26,2365000.0,0.3374233129,8364000.0,2705000.0,5133000.0,5659000.0,5659000.0,0.0,-165068000.0,48199914.0,46914914.0,21.21352332703332,0.9070507156741474,0.0896700143472023,0.27726432532347506,-0.1325108933754043,21.21352332703332,-0.1900184842883549,6.876860322442574,-23.44353793774319,17.818822181146025,0.0,0.0,0.0,0.8379961740793879,0.8377805265948047,-0.061453849832615974,-88.92973062730627,0.3374233128834356,0.9589905362776026,0.9401846093208981,-0.11254439224773169,1.6519564031896108,0.18309154577288644,0.38882282996432815,0.6213704994192799,-1.0124965423289394,-0.2188596464701376,1.0962230692677588,Software—Application,Technology,OBLG
2010Q3,2010,Q3,2010-11-12,2010-09-30,-841000.0,6944000.0,-861000.0,-6.34,1999000.0,0.287874424,9536000.0,3083000.0,6597000.0,6453000.0,6453000.0,0.0,-164621000.0,39780900.0,39014900.0,23.24985105917664,1.0223152022315203,0.0786493288590604,0.2432695426532598,-0.21540745747262938,23.24985105917664,-0.27278624716185534,5.728816244239631,-11.825475624256837,12.903308465780086,0.0,0.0,0.0,0.7281879194630873,0.9205020920502092,-0.08819211409395973,-139.5821052631579,0.2878744239631336,-0.1201413427561837,0.8838166004072098,-0.11982809048498215,-0.4826688673704554,0.004018081366147665,-0.12133333333333333,-0.15725806451612903,0.957606711258761,-0.28756552920916245,1.0783376399393914,Software—Application,Technology,OBLG
2010Q2,2010,Q2,2010-08-11,2010-06-30,-750000.0,7264000.0,-744000.0,-5.66,1991000.0,0.2740914097,8940000.0,2786000.0,6062000.0,6089000.0,6154000.0,0.0,-163780000.0,43709490.0,42582490.0,21.033876167395228,0.9955657743471834,0.08389261744966443,0.26920315865039485,-0.21153542877245765,21.033876167395228,-0.26920315865039485,6.017275605726872,-14.56983,15.688977027997128,0.0,0.0,0.0,0.8125279642058165,0.9058958778124486,-0.08389261744966443,-23.525021528525297,0.27409140969163,0.008756567425569146,0.8973508319869825,-0.044472846776390344,-0.78194786831067,0.15353418308227115,-0.22749590834697217,-0.29391304347826086,0.8872949152626683,-0.2655548897821571,1.0974853865365817,Software—Application,Technology,OBLG
2010Q1,2010,Q1,2010-05-13,2010-03-31,-611000.0,6721000.0,-575000.0,-5.71,1726000.0,0.2568070228,9623000.0,3436000.0,6864000.0,6039000.0,6187000.0,0.0,-163016000.0,40471704.0,37486704.0,32.09175477266784,1.1366120218579234,0.0,0.0,,32.09175477266784,-0.17782305005820723,6.021678916827853,-16.559617021276598,11.778726426076831,0.0,0.0,0.0,0.6984308427725242,1.061599602583209,-0.06349371297932038,-106.78549868073878,0.2568070227644696,-4.053475935828877,0.9120223537335065,-0.04257814463466087,-0.9213183526790373,1.6781925343811395,-1.2340099578705477,-1.4986990459670424,0.9081273760713174,-0.13989307137037335,1.1755326881529338,Software—Application,Technology,OBLG
2009Q4,2009,Q4,2010-03-31,2009-12-31,2611000.0,6612000.0,1153000.0,1.87,-2545000.0,-0.3849062311,6914000.0,1153000.0,4201000.0,5566000.0,5761000.0,0.0,-162405000.0,36527220.0,35940220.0,13.068117420378556,0.7547610492274524,0.0,0.0,1.7153203342618384,13.068117420378556,2.2645273200346923,5.524382940108893,3.4974358483339714,31.680156114483957,0.0,0.0,0.0,0.9563205091119468,0.7024793388429752,0.3776395718831357,-84.94702325581396,-0.38490623109497885,1.1473601260835302,-0.760425838774227,0.06715121931249135,-0.9626591283906587,-1.7903726708074534,2.199908088235294,-0.10965250965250965,3.2448237248565626,0.16468321432619276,1.0868915373642116,Software—Application,Technology,OBLG
2009Q3,2009,Q3,2009-11-10,2009-09-30,-2176000.0,6541000.0,1295000.0,-12.69,3220000.0,0.492279468,7192000.0,-1585000.0,4422000.0,8777000.0,8777000.0,0.0,-165016000.0,33516360.0,32508360.0,-17.02452175594247,0.5038167938931297,0.016129032258064516,-0.07318611987381704,15.092173056117913,-17.02452175594247,1.3728706624605678,5.124042195382969,-3.850684742647059,-21.14596845425868,0.0,0.0,0.0,0.9094827586206896,0.4579013330295089,-0.3025583982202447,84.85154430379747,0.4922794679712582,-2.463667820069204,0.5936180623653379,0.011334987806821888,-1.0455419185493202,-0.08574673480976717,-6.359605911330049,33.078947368421055,-1.3865461769093603,0.11930317556689618,0.8731239634415352,Software—Application,Technology,OBLG
2009Q2,2009,Q2,2009-08-12,2009-06-30,406000.0,6945000.0,38000.0,8.67,3522000.0,0.5071274298,7480000.0,-5218000.0,4816000.0,9104000.0,12698000.0,0.0,-163937000.0,17098440.0,16330440.0,-67.74863671773565,0.5289982425307557,0.020989304812834224,-0.030088156381755462,-0.021998645173777198,-67.74863671773565,-0.0778075891146033,2.461978401727862,10.528596059113301,-3.276818704484477,0.0,0.0,0.0,0.928475935828877,0.4835237258347979,0.05427807486631016,-16.299752144899905,0.5071274298056155,1.1776639344262296,1.1109672181409649,0.3606836634609007,-1.1557649880166199,0.16275998679432155,1.1092278719397364,-0.9095238095238095,1.0847854130695909,0.3941354060516954,0.4983760924651918,Software—Application,Technology,OBLG
2009Q1,2009,Q1,2009-05-13,2009-03-31,-3717000.0,6442000.0,420000.0,-48.8,3029000.0,0.4701955914,8487000.0,-5772000.0,5853000.0,10231000.0,14259000.0,0.0,-164343000.0,17365848.0,15548848.0,-75.7818449176798,0.5720848401915746,0.02309414398491811,-0.03395703395703396,-0.3025805226168833,-75.7818449176798,0.643970893970894,2.695723067370382,-1.168001614205004,-3.0086361746361745,0.0,0.0,0.0,0.7590432426063392,0.5379728276805786,-0.43796394485683987,-3473.1696,0.4701955914312325,-94.68627450980392,0.7231177973910259,0.4158253764687421,-1.1376454861734846,0.26208333333333333,-5.3,1.243337195828505,0.3736145924911494,0.374878574202882,0.2066940220273494,Software—Application,Technology,OBLG
2008Q4,2008,Q4,2009-03-31,2008-12-31,-590000.0,5980000.0,-1726000.0,-0.51,2400000.0,0.4013377926,7177000.0,-3213000.0,4611000.0,8836000.0,10390000.0,0.0,-185409000.0,13942980.0,14430980.0,-41.47893778804818,0.5218424626527841,0.23895778180298174,-0.5337690631808278,0.5476271140867415,-41.47893778804818,0.18362900715841893,2.3316020066889633,-5.908042372881356,-4.339551820728292,0.0,0.0,0.0,0.8332172216803678,0.4885694884563151,-0.08220705029956807,-7.198234383066598,0.4013377926421405,0.796,0.9475456163238749,0.34024142769618565,-1.1082347798338499,-0.014778325123152709,0.6815974096060442,-1.6801242236024845,0.8869753422826522,0.24641631833117017,-0.2747745233796278,Software—Application,Technology,OBLG
2008Q3,2008,Q3,2008-11-12,2008-09-30,-1853000.0,6066000.0,-644000.0,-2.5,2436000.0,0.4015825915,7840000.0,-21660000.0,4984000.0,25054000.0,29500000.0,0.0,-183197000.0,23274900.0,31877900.0,-279.1848729747496,0.1989303105292568,1.3160714285714286,-0.47636195752539245,0.025702458290285377,-279.1848729747496,0.08554939981532779,3.8369436201780416,-3.140164597949272,-1.074556786703601,0.0,0.0,0.0,0.7737244897959183,0.18432186477209228,-0.23635204081632652,30.544488188976377,0.40158259149357073,-1.0537981493436626,0.8575091146313027,0.49624766417893706,-1.5998624610260712,-0.10309278350515463,-4.939102564102564,-0.35578947368421054,0.5624675341142646,0.31415617014437003,-7.212126958639432,Software—Application,Technology,OBLG
2008Q2,2008,Q2,2008-08-14,2008-06-30,-312000.0,6492000.0,-475000.0,46.47,2716000.0,0.4183610598,8105000.0,-19929000.0,4956000.0,23548000.0,28034000.0,0.0,-181344000.0,23233800.0,31400800.0,-257.3276863879348,0.21046373365041618,1.1293028994447871,-0.45928044558181547,0.17440110749969906,-257.3276863879348,0.015655577299412915,3.5788354898336414,-18.61682692307692,-1.1658286918560892,0.0,0.0,0.0,0.8009870450339297,0.18923050789875998,-0.038494756323257245,-21.17939835916135,0.4183610597658657,2.058301070371214,0.966309668847426,0.5250321071493939,-1.4404456370080094,0.0256797583081571,0.8938053097345132,-1.434583714547118,0.9269682728049927,0.4605233883873665,-3.6676419559106472,Software—Application,Technology,OBLG
2008Q1,2008,Q1,2008-05-13,2008-03-31,-2938000.0,5999000.0,1093000.0,-43.91,2648000.0,0.4414069012,8822000.0,-19773000.0,5359000.0,24070000.0,28595000.0,0.0,-181032000.0,27684360.0,33712360.0,-257.1227942419474,0.22264229331117574,0.9226932668329177,-0.41167248267839984,-0.8889851478590769,-257.1227942419474,0.14858645627876396,4.614829138189698,-2.3557147719537097,-1.4001092398725536,0.0,0.0,0.0,0.6800045341192473,0.2095970087245534,-0.33303105871684424,-161.89684210526315,0.4414069011501917,-3.0692742695570217,0.6024167222223704,-0.8159106276902294,-1.3814937330890296,0.3213572854291417,-1.1169353233830845,1.8414164742109316,0.4110063360036627,0.18980559416360343,-1.6304063195682814,Software—Application,Technology,OBLG
2007Q4,2007,Q4,2008-03-27,2007-12-31,25125000.0,5481000.0,-1299000.0,21.22,2004000.0,0.3656267105,8562000.0,-17172000.0,5206000.0,14298000.0,25734000.0,0.0,-178094000.0,22432608.0,27351608.0,-220.46192756544403,0.3641068680934396,0.8445456669002569,-0.42109247612392264,0.48921785939899076,-220.46192756544403,-1.4631376659678546,4.092794745484401,0.22321002985074626,-1.3063480083857442,0.0,0.0,0.0,0.6401541695865453,0.33976779969226467,2.9344779257182902,-33.9888,0.3656267104542967,1.1418449197860963,1.1192582741961998,-0.4591911368888332,-1.289160865707159,0.06937033084311633,3.127254254508509,-1.7998768472906403,1.6113685813533094,0.002032763233285263,-1.6299484667264867,Software—Application,Technology,OBLG
2007Q3,2007,Q3,2007-11-14,2007-09-30,-11811000.0,5803000.0,1624000.0,-149.6,1874000.0,0.3229364122,9655000.0,-23431000.0,6343000.0,17319000.0,33086000.0,0.0,-184966000.0,35526600.0,38534600.0,-296.7902923443279,0.3662451642704544,0.6252718798549974,-0.2576501216337331,-0.16555175728275554,-296.7902923443279,0.5040757970210406,6.122109253834224,-0.751981203962408,-1.5162220989287696,0.0,0.0,0.0,0.6010357327809425,0.34372654310295053,-1.2233039875712066,-42.80313253012048,0.3229364122005859,-1.9777070063694264,-0.6745122387993726,-0.8490509766868871,-1.1823548647471522,-0.038974358974358976,-2.002287747839349,2.133286810886253,-1.6012098419007992,0.058075521100786814,-1.7939370934432497,Software—Application,Technology,OBLG
2007Q2,2007,Q2,2007-08-14,2007-06-30,-3934000.0,5847000.0,-1433000.0,-50.24,1950000.0,0.3335043612,6748000.0,-16895000.0,3900000.0,20755000.0,23643000.0,0.0,-178305000.0,27719262.0,33074262.0,-215.76440238560463,0.187906528547338,0.8990812092471844,-0.35910032554010063,0.17171297076961617,-215.76440238560463,0.2328499556081681,4.740766546947152,-1.7615189374682259,-1.6406784255696953,0.0,0.0,0.0,0.8664789567279194,0.16497229583232956,-0.58298755186722,-17.566072243346007,0.3335043612108774,0.19111254226372562,0.6181546041464454,-0.8714494895686443,-1.1256281094929417,0.11301369863013698,0.18347862183478622,-2.6556122448979593,-0.05761629544383036,0.12679037162068987,-1.496076986641542,Software—Application,Technology,OBLG
2007Q1,2007,Q1,2007-06-26,2007-03-31,-4818000.0,5661000.0,-392000.0,-62.11,1752000.0,0.3094859565,8075000.0,-14181000.0,5167000.0,19368000.0,22256000.0,0.0,-175273000.0,24200592.0,27029592.0,-182.8249490756259,0.26678025609252376,0.6339318885448917,-0.36097595374092095,0.08141207790774664,-182.8249490756259,0.33975037021366616,4.274967673555909,-1.2557384806973848,-1.7065504548339328,0.0,0.0,0.0,0.7010526315789474,0.2395704254440314,-0.596656346749226,176.64665693430658,0.30948595654478006,-69.57954545454545,-0.15759705176867628,-0.8622126109204988,-1.0991217832530982,0.16489361702127658,-3.7421259842519685,0.2112676056338028,0.6475812323463608,0.22172055005643326,-1.3320720025686013,Software—Application,Technology,OBLG
