Quarters,Year,Quarter,FillingDate,Date,NetIncome,Revenue,OperatingIncome,EPSDiluted,GrossProfit,GrossProfitRatio,TotalAssets,CommonStockEquity,CurrentAssets,CurrentLiability,TotalLiability,Inventory,RetainedEarnings,MarketCap,EnterpriseValue,bookValuePerShare,currentRatio,debtToAssets,debtToEquity,roic,shareholdersEquityPerShare,roe,priceToSalesRatio,peRatio,pbRatio,payoutRatio,inventoryTurnover,dividendYield,assetTurnover,quickRatio,returnOnAssets,priceToFreeCashFlowsRatio,grossProfitMargin,epsdilutedGrowth,fiveYNetIncomeGrowthPerShare,fiveYRevenueGrowthPerShare,fiveYShareholdersEquityGrowthPerShare,grossProfitGrowth,netIncomeGrowth,operatingIncomeGrowth,threeYNetIncomeGrowthPerShare,threeYRevenueGrowthPerShare,threeYShareholdersEquityGrowthPerShare,Industry,Sector,Symbol
2023Q1,2023,Q1,2023-05-18,2023-03-31,-57350.0,0.0,-146269.0,-0.01,-206212.0,0.0,25188147.0,15267981.0,105938.0,1870166.0,9920166.0,0.0,-9472690.0,34037559.8,34886458.8,4.727851252721119,0.05664630840256961,0.036663554488545747,0.0604852075726319,1.1189701404753543,4.727851252721119,-0.003756226838375028,0.0,-148.37645945945945,2.2293425568187435,0.0,0.0,0.0,0.0,13.465006314947443,-0.002276864590317025,-88.04221311157382,0.0,-1.819672131147541,-1.1113819972032133,0.0,-0.4999540436943766,0.8069949495894904,-1.1964781253211827,0.8293900831651756,-1.1113819972032133,0.0,-0.4999540436943766,Shell Companies,Financial Services,CNGLU
2022Q4,2022,Q4,2023-03-31,2022-12-31,291890.0,0.0,-857330.0,0.0122,-1068428.0,0.0,24685529.0,15325331.0,85826.0,1310198.0,9360198.0,0.0,-7693908.0,243610600.00000003,243852746.00000003,0.6423022212908633,0.06550612960789133,0.012016027689744871,0.019355014257114576,-0.03062050312313619,0.6423022212908633,0.01904624441716789,0.0,208.649319949296,15.895943780920623,0.0,0.0,0.0,0.0,18.836220937598746,0.01182433643613633,-996.1790263550677,0.0,-0.9061538461538461,1.8415695998154769,0.0,3.007647234982534,-9.028797777277164,-0.9039082913294919,-5.967386975920162,1.8415695998154769,0.0,3.007647234982534,Shell Companies,Financial Services,CNGLU
2022Q3,2022,Q3,2022-11-14,2022-09-30,3037619.0,0.0,-123049.0,0.13,-106536.0,0.0,234854010.0,226684470.0,90371.0,119540.0,8169540.0,0.0,-7879176.0,240747400.0,240718379.0,9.500606454316848,0.7559896269031287,0.0001277389302401096,0.00013234254644793267,-0.0017717910553564965,9.500606454316848,0.013400207786620759,0.0,19.813824577736707,1.0620374655573008,0.0,0.0,0.0,0.0,1964.5947799899616,0.012934073384567715,10471.831230969987,0.0,5.5,0.0,0.0,9066.3788,0.11643375492432097,5.3698566078251275,0.19891017044048906,0.0,0.0,9066.3788,Shell Companies,Financial Services,CNGLU
2022Q2,2022,Q2,2022-08-19,2022-06-30,476874.0,0.0,-153602.0,0.02,-120575.0,0.0,233896990.0,225753963.0,106906.0,93027.0,8143027.0,0.0,-7836128.0,244565000.0,244558969.0,9.461607837384744,1.1491932449718898,0.000128261590711364,0.00013288803262337414,-0.0020071014704251267,9.461607837384744,0.002112361588974631,0.0,128.21258865025143,1.0833253899511834,0.0,0.0,0.0,0.0,2513.798305868189,0.0020388205936297,-2202.2962629446197,0.0,3.3809523809523814,0.0,0.0,9029.158519999999,0.0,3.376207726459611,0.3798944703939799,0.0,0.0,9029.158519999999,Shell Companies,Financial Services,CNGLU
2022Q1,2022,Q1,2022-05-13,2022-03-31,-200687.0,0.0,-247703.0,-0.0084,0.0,0.0,233672327.0,225592327.0,197481.0,30000.0,8080000.0,0.0,-7857680.0,240986000.0,240868919.0,9.454833487007544,6.5827,0.0,0.0,-0.0009828794627883995,9.454833487007544,-0.0008896002921234107,0.0,-300.2013085052843,1.0682366869685243,0.0,0.0,0.0,0.0,4.736033333333333,-0.0008588393952185875,-788.8377878525017,0.0,0.42068965517241386,0.0,0.0,0.0,0.0,0.4213845000576635,0.29129710800077824,0.0,0.0,0.0,Shell Companies,Financial Services,CNGLU
2021Q4,2021,Q4,2022-04-13,2021-12-31,-346840.0,0.0,-349516.0,-0.0145,0.0,0.0,234133127.0,-7633478.0,681789.0,266605.0,8316605.0,0.0,-7633485.0,241701800.00000003,241124936.00000003,-0.31992782900251465,2.5573001256540575,0.0,0.0,0.04561130041255963,-0.31992782900251465,0.045436693470525494,0.0,-174.21707415523008,-31.663391182891996,0.0,0.0,0.0,0.0,2.257512049661484,-0.0014813794376051707,-890.1673516889853,0.0,0.0,0.0,0.0,0.0,0.0,0.0,0.0,0.0,0.0,0.0,Shell Companies,Financial Services,CNGLU
2021Q3,2021,Q3,2021-09-30,2021-09-30,0.0,0.0,0.0,0.0,0.0,0.0,241023.0,25000.0,15100.0,216023.0,216023.0,0.0,0.0,240986000.0,241094588.0,0.0010477787091366304,0.06989996435564731,0.4820618779120665,4.64752,,0.0010477787091366304,0.0,0.0,0.0,9639.439999999999,0.0,0.0,0.0,0.0,0.06989996435564731,0.0,-32131.466666666667,0.0,0.0,0.0,0.0,0.0,0.0,0.0,0.0,0.0,0.0,0.0,Shell Companies,Financial Services,CNGLU
2021Q2,2021,Q2,2021-06-30,2021-06-30,0.0,0.0,0.0,0.0,0.0,0.0,80636.0,25000.0,25100.0,55636.0,55636.0,0.0,0.0,240986000.0,240986000.0,0.0010477787091366304,0.45114673952117335,0.31127536088099605,1.004,,0.0010477787091366304,0.0,0.0,0.0,9639.439999999999,0.0,0.0,0.0,0.0,0.45114673952117335,0.0,0.0,0.0,0.0,0.0,0.0,0.0,0.0,0.0,0.0,0.0,0.0,0.0,Shell Companies,Financial Services,CNGLU
