Quarters,Year,Quarter,FillingDate,Date,NetIncome,Revenue,OperatingIncome,EPSDiluted,GrossProfit,GrossProfitRatio,TotalAssets,CommonStockEquity,CurrentAssets,CurrentLiability,TotalLiability,Inventory,RetainedEarnings,MarketCap,EnterpriseValue,bookValuePerShare,currentRatio,debtToAssets,debtToEquity,roic,shareholdersEquityPerShare,roe,priceToSalesRatio,peRatio,pbRatio,payoutRatio,inventoryTurnover,dividendYield,assetTurnover,quickRatio,returnOnAssets,priceToFreeCashFlowsRatio,grossProfitMargin,epsdilutedGrowth,fiveYNetIncomeGrowthPerShare,fiveYRevenueGrowthPerShare,fiveYShareholdersEquityGrowthPerShare,grossProfitGrowth,netIncomeGrowth,operatingIncomeGrowth,threeYNetIncomeGrowthPerShare,threeYRevenueGrowthPerShare,threeYShareholdersEquityGrowthPerShare,Industry,Sector,Symbol
2023Q1,2023,Q1,2023-03-31,2023-03-31,265951000000.0,596015000000.0,738779000000.0,526.0,596015000000.0,1.0,54947371000000.0,4702789000000.0,9131779000000.0,322833000000.0,50244580000000.0,0.0,1587025000000.0,7777187162652.028,15021392162652.027,9310.878802148562,28.286386459872443,0.1929353453507357,2.254255931958674,0.038259416972897704,9310.878802148562,0.05655176109325764,13.048643343962867,7.310733145064344,1.6537393369449551,3.2597320559050353,0.0,0.11147076466967479,0.010847015774421674,28.286386459872443,0.004840104178960628,-15.976439914977943,1.0,-0.23314672264987166,0.8763916792861254,0.36195942360943467,0.5253462894488995,-0.255372179605707,-0.23270823115316927,-0.04475726473181845,0.9429216405371048,0.1734796339465727,0.32439689080853223,Banks—Regional,Financial Services,BCH
2022Q4,2022,Q4,2022-12-31,2022-12-31,346610000000.0,800420000000.0,773394000000.0,685.92,800420000000.0,1.0,55255362000000.0,4858325000000.0,8021103000000.0,384619000000.0,50397035000000.0,0.0,1797847000000.0,8918949002160.059,15788340002160.059,9614.382733840877,20.8546717660854,0.18833413850406047,2.141987413357484,0.04200060142608168,9614.382733840877,0.07134351859951732,11.142836263661652,6.4329859223335015,1.8358074032017329,0.0,0.0,0.0,0.014485833972094872,20.8546717660854,0.0062728753817593306,8.379997822221693,1.0,0.020714285714285654,1.5190604984717022,0.9469968917882673,0.37855522942725134,0.04009948529096459,0.020720078686825256,0.059279864897625434,1.1943751824496924,0.5181979702568222,0.24331356933385803,Banks—Regional,Financial Services,BCH
2022Q3,2022,Q3,2022-09-30,2022-09-30,339574000000.0,769561000000.0,730113000000.0,672.0,769561000000.0,1.0,54813455000000.0,4685671000000.0,7340388000000.0,339344000000.0,50127782000000.0,0.0,1596198000000.0,8600837140368.631,15145603140368.63,9272.70908365721,21.631111792163704,0.1804412803389241,2.1108204139812634,0.040880185285377284,9272.70908365721,0.07247073044607699,11.176290301052978,6.332078678262052,1.8355614682227224,2.9448662147278647e-06,0.0,1.1626775204316217e-07,0.014039636800854826,21.631111792163704,0.006195084765227807,406.7936026282283,1.0,-0.21311475409836064,1.6093239385225042,0.9587791321994548,0.5866429893044339,0.04446106280927576,-0.21307835985187315,0.0030126937026046818,1.2300748560307617,0.5602336050591061,0.3678651338506949,Banks—Regional,Financial Services,BCH
2022Q2,2022,Q2,2022-06-30,2022-06-30,431522000000.0,736802000000.0,727920000000.0,854.0,736802000000.0,1.0,54304343000000.0,4426494000000.0,7340549000000.0,348340000000.0,49877848000000.0,0.0,1368146000000.0,8585882271757.108,15036821271757.11,8760.215877185205,21.072943101567436,0.17994619693677172,2.207584603074126,0.043528845926578644,8760.215877185205,0.09748618206643904,11.65290304825056,4.974185714608472,1.9396574968264069,0.0,0.0,0.0,0.013568012414771319,21.072943101567436,0.007946362595713569,-66.20362769207186,1.0,0.4785830534298278,1.7263713972376538,0.6600071791684006,0.49793657353934345,0.2678933719711662,0.4791980173244163,0.47150564914075244,1.2451044454993685,0.3726798209649969,0.30418911263340914,Banks—Regional,Financial Services,BCH
2022Q1,2022,Q1,2022-03-31,2022-03-31,291727000000.0,581123000000.0,494677000000.0,577.58,581123000000.0,1.0,49985914000000.0,4199906000000.0,8406941000000.0,349101000000.0,45786007000000.0,0.0,1083940000000.0,8469764546078.85,11986213546078.85,8315.239264703681,24.08168696165293,0.17670196047630538,2.1030492111013914,0.03129451734952095,8315.239264703681,0.0694603641129111,14.57482244908367,7.258296751825208,2.0166557408853554,1.8504560770857685,0.0,0.06373589219194034,0.011625735202121141,24.08168696165293,0.005836184169804318,-6.193661920555741,1.0,-0.46688203802842904,1.113679819635097,0.39519832234682684,0.4708560452390986,-0.1755296207387734,-0.4668848636360314,-0.5228561286949744,1.8731102947693938,0.31039093699052706,0.2723328957823948,Banks—Regional,Financial Services,BCH
2021Q4,2021,Q4,2021-12-31,2021-12-31,547212000000.0,704844000000.0,1036746000000.0,1083.4,704844000000.0,1.0,51425947000000.0,4818971000000.0,9092339000000.0,220422000000.0,46606976000000.0,0.0,1454462000000.0,6756560306613.391,12510982306613.39,9540.903266565576,41.24968923247226,0.19616517708463396,2.0933888168241728,0.054549765924607536,9540.903266565576,0.1135537026473079,9.58589461868639,3.0868111018277147,1.4020753199414129,0.0,0.0,0.0,0.01370599942476509,41.24968923247226,0.010640776338061406,5.349980803597232,1.0,1.9701721680008777,2.780001418661307,0.7754318220632179,0.4777488840567102,0.3048872827714905,1.9701848183027113,0.0,2.2135445048336893,0.5309083849457881,0.3117432872335217,Banks—Regional,Financial Services,BCH
2021Q3,2021,Q3,2021-09-30,2021-09-30,184235000000.0,540157000000.0,0.0,364.76,540157000000.0,1.0,49218423000000.0,4041637000000.0,0.0,0.0,45176784000000.0,0.0,938447000000.0,7496999046025.153,13120034046025.152,8001.888298471249,0.0,0.18943197347058438,2.3068729329229716,0.0,8001.888298471249,0.0455842521235826,13.879296289828982,10.173147130058286,1.8549412146675106,0.0,0.0,0.0,0.010974691326457169,0.0,0.0037432121707759716,3.1381550417165602,1.0,0.12580246913580245,0.2914080793029122,0.28292728648628784,0.4368043626315112,0.2921087065206211,0.12527103374561002,0.0,0.4378082633704806,0.1620402915670357,0.2537953803318581,Banks—Regional,Financial Services,BCH
2021Q2,2021,Q2,2021-07-30,2021-06-30,163725000000.0,418043000000.0,0.0,324.0,418043000000.0,1.0,47316246000000.0,3933516000000.0,0.0,0.0,43382729000000.0,0.0,837555000000.0,7385311341510.0,13729362341510.0,7784.145269120901,0.0,0.20076360242103738,2.414984456654047,0.0,7784.145269120901,0.04162306699654965,17.6663915949077,11.277006171186441,1.8775343335351884,0.0,0.0,0.0,0.00883508383146034,0.0,0.003460228015553051,4.272942646919966,1.0,0.006211180124223602,0.09937263508515304,-0.10542235283323831,0.4288444983744364,-0.12640899079271276,0.007588065874012259,0.0,0.013175819467797919,-0.08040006681286962,0.24919247294158553,Banks—Regional,Financial Services,BCH
2021Q1,2021,Q1,2021-04-30,2021-03-31,162492000000.0,478534000000.0,0.0,322.0,478534000000.0,1.0,44985365000000.0,3820123000000.0,0.0,0.0,41165241000000.0,0.0,747673000000.0,8549122049813.353,15311840049813.352,7563.320885181149,0.0,0.2143993051962566,2.5247435750105427,0.0,7563.320885181149,0.04253580316654725,17.86523434032556,13.153143000599034,2.237918006779717,1.3555805824286735,0.0,0.02576533575220265,0.010637548456036757,0.0,0.0036121080711471387,-3.5030967891592617,1.0,1.5095471903982542,0.25193933694704573,0.19171070767819817,0.41275727392235906,0.011218764858154155,1.5073604295898528,0.0,0.1464466640492463,0.0935024971141954,0.23905419598633879,Banks—Regional,Financial Services,BCH
2020Q4,2020,Q4,2020-12-31,2020-12-31,64806000000.0,473225000000.0,0.0,128.31,473225000000.0,1.0,45550960000000.0,3997080000000.0,0.0,0.0,41553879000000.0,0.0,655883000000.0,7318778448313.079,13630343448313.078,7913.671534591914,0.0,0.20345926847644924,2.31863385271248,0.0,7913.671534591914,0.016213335735086612,15.465747685166843,28.233413759193127,1.831031264901648,0.0,0.0,0.0,0.01038891386701839,0.0,0.001422714252345066,-3.162910349505077,1.0,-0.26554092730394957,-0.6458100618188759,0.148980581919031,0.3140838598553444,0.08532616548285518,-0.2655545229946282,0.0,-0.5287915576847164,0.15163629393046818,0.1346992916749657,Banks—Regional,Financial Services,BCH
2020Q3,2020,Q3,2020-09-30,2020-09-30,88238000000.0,436021000000.0,0.0,174.7,436021000000.0,1.0,45329873000000.0,3631467000000.0,0.0,0.0,41698405000000.0,0.0,579513000000.0,6007178727037.152,12667917727037.152,7189.807816383433,0.0,0.2116377647914434,2.641773421044443,0.0,7189.807816383433,0.024298169307335023,13.777269276106317,17.01981778552651,1.65420165653086,0.0,0.0,0.0,0.009618844509006234,0.0,0.0019465750543797022,23.542883954856197,1.0,-0.21007415445831076,-0.31155768655313737,0.05819471646568053,0.42100000433984786,-0.12863766262315393,-0.21006597853235812,0.0,-0.32165666705319784,0.11032511090685793,0.2302400585840173,Banks—Regional,Financial Services,BCH
2020Q2,2020,Q2,2020-06-30,2020-06-30,111703000000.0,500390000000.0,0.0,221.16,500390000000.0,1.0,46142637000000.0,3578909000000.0,0.0,0.0,42563727000000.0,0.0,542127000000.0,7204015467788.79,14421829467788.79,7085.750167170738,0.0,0.22727331339992554,2.9302197960328136,0.0,7085.750167170738,0.031211466958226654,14.396801430461819,16.123146799523713,2.012908254383889,0.0,0.0,0.0,0.010844417062683262,0.0,0.0024208195990185824,-10.448249034131923,1.0,-0.18691176470588236,-0.3074722406836635,0.25351092041226486,0.4317302506515875,-0.014794134324596774,-0.1839467570608261,0.0,-0.29396348409371414,0.12784142871291557,0.21161447105547948,Banks—Regional,Financial Services,BCH
2020Q1,2020,Q1,2020-03-31,2020-03-31,136882000000.0,507904000000.0,0.0,272.0,507904000000.0,1.0,44796698000000.0,3550891000000.0,0.0,0.0,41245806000000.0,0.0,491054000000.0,7049832591667.824,14106713591667.824,7030.2783604878105,0.0,0.24710482009187373,3.117380961567111,0.0,7030.2783604878105,0.038548634694785054,13.880246250606067,12.87574807437761,1.9853700357650583,2.560877251939627,0.0,0.04972288284040955,0.01133797852689946,0.0,0.0030556270017937483,30.925065653358295,1.0,-0.12982276537206472,0.20567335283643653,0.3704213428331321,0.4436892710128243,-0.03618774360784403,-0.13300523812238332,0.0,-0.008234681495743123,0.21940933109383493,0.2435634257850313,Banks—Regional,Financial Services,BCH
2019Q4,2019,Q4,2019-12-31,2019-12-31,157881000000.0,526974000000.0,0.0,312.58,526974000000.0,1.0,41013874000000.0,3905760000000.0,0.0,0.0,37108113000000.0,0.0,576558000000.0,7863312539777.897,15186578539777.898,7732.870428649843,0.0,0.25656449815006505,2.694150178198353,0.0,7732.870428649843,0.04042260661177338,14.921632831558858,12.451328120194795,2.0132605535869836,0.0,0.0,0.0,0.012848676523461305,0.0,0.0038494534800589675,7.913404389563836,1.0,0.037300059733191775,0.22430981459460758,0.19132510947146086,0.3793591840066174,0.06889760185960848,0.037325886990801575,0.0,0.09060182156031996,0.3273950108108208,0.1977105654699595,Banks—Regional,Financial Services,BCH
2019Q3,2019,Q3,2019-09-30,2019-09-30,152200000000.0,493007000000.0,0.0,301.34,493007000000.0,1.0,39447348000000.0,3423956000000.0,0.0,0.0,36023391000000.0,0.0,386081000000.0,10358829927290.797,18268960927290.797,6778.964427255694,0.0,0.26881246871145814,3.0969845991011566,0.0,6778.964427255694,0.04445150580206054,21.01152707221357,17.015160852974372,3.025398085515935,0.0,0.0,0.0,0.01249784903157495,0.0,0.003858307534387356,312.5024112251357,1.0,-0.20779220779220786,0.007885585170518601,0.3422639233364328,0.47591789084825,-0.08113482896863043,-0.20781154034331636,0.0,0.06685651298560653,0.17094128693832597,0.21721839894536255,Banks—Regional,Financial Services,BCH
2019Q2,2019,Q2,2019-06-30,2019-06-30,192126000000.0,536539000000.0,0.0,380.38,536539000000.0,1.0,37254665000000.0,3392650000000.0,0.0,0.0,33862014000000.0,0.0,315324000000.0,10069946935431.582,17264387935431.582,6716.982830424524,0.0,0.25811089698431056,2.8343138844266282,0.0,6716.982830424524,0.056630067940990084,18.768341044046345,13.103311024316831,2.968165574235946,0.0,0.0,0.0,0.014401927919631005,0.0,0.005157099117654124,-14.136175372928284,1.0,0.8830693069306931,0.3157092983535385,0.3714315044421289,0.49781083455631436,0.20985719536476855,0.892177235884456,0.0,0.2906878836990843,0.14869187904030665,0.23295797176348473,Banks—Regional,Financial Services,BCH
2019Q1,2019,Q1,2019-03-31,2019-03-31,101537000000.0,443473000000.0,0.0,202.0,443473000000.0,1.0,36092359000000.0,3300949000000.0,0.0,0.0,32791409000000.0,0.0,210803000000.0,10030434508188.527,16899344508188.527,6535.427396609436,0.0,0.24756234415156958,2.706830369084769,0.0,6535.427396609436,0.03075994206514551,22.617914750590288,24.696501049342917,3.0386517659583734,3.5091739956863015,0.0,0.035522987534500026,0.012287171364997228,0.0,0.002813254739043242,9.947462721627433,1.0,-0.36833835795153286,-0.2870274201966499,0.1507020145501684,0.5243448305331477,-0.036784684921450275,-0.40371616661674975,0.0,-0.21769585914634448,0.10439701811401829,0.2207564286795837,Banks—Regional,Financial Services,BCH
2018Q4,2018,Q4,2018-12-31,2018-12-31,170283000000.0,460409000000.0,0.0,319.791462,460409000000.0,1.0,35617447000000.0,3673715000000.0,0.0,0.0,31943731000000.0,0.0,423182000000.0,10017914431310.502,17504402431310.502,7273.45309057188,0.0,0.25246927439802186,2.4477432245016284,0.0,7273.45309057188,0.04635171753933008,21.75872850294087,14.70774303851603,2.7269166038493737,0.0,0.0,0.0,0.012926502003358074,0.0,0.004780887299418175,-11.186638487267807,1.0,0.26055129211159345,0.0636271399372654,0.17925680202613628,0.4515519098885069,-0.009521658222810245,0.3289239557969657,0.0,-0.06933732428005283,0.11786359931979228,0.207774074265815,Banks—Regional,Financial Services,BCH
2018Q3,2018,Q3,2018-09-30,2018-09-30,128136000000.0,464835000000.0,0.0,253.691749,464835000000.0,1.0,35084881000000.0,3223522000000.0,0.0,0.0,31861358000000.0,0.0,229545000000.0,10143517554569.684,16932061554569.684,6382.13254251526,0.0,0.24044399637553282,2.6169974952862116,0.0,6382.13254251526,0.03975031037480123,21.821759451353024,19.79053028534074,3.146718885296792,0.0,0.0,0.0,0.013248869220904583,0.0,0.0036521714296251996,-27.66939597042443,1.0,-0.20668411789051164,-0.012733728268522532,0.29608881046765406,0.5330074447855143,0.016448253165774862,-0.21177635747371787,0.0,-0.0002692213051141552,0.12812442979166483,0.2613703456643294,Banks—Regional,Financial Services,BCH
2018Q2,2018,Q2,2018-06-30,2018-06-30,162563000000.0,457313000000.0,0.0,319.78655,457313000000.0,1.0,34360845000000.0,3167693000000.0,0.0,0.0,31193151000000.0,0.0,165876000000.0,10022616467353.678,16546855467353.678,6231.341796985756,0.0,0.23691963919979267,2.569933071165672,0.0,6231.341796985756,0.05131905143585568,21.91631654327272,15.413434279869461,3.1640113064472084,0.0,0.0,0.0,0.013309131367403798,0.0,0.004731053616405534,-44.99329526819992,1.0,0.1431586448634812,0.4029920208909082,0.42113603851460074,0.5372829813904457,0.038302345592959815,0.1395854217636049,0.0,0.0013764263405926977,0.13824658447782215,0.2590904762955293,Banks—Regional,Financial Services,BCH
2018Q1,2018,Q1,2018-03-31,2018-03-31,142651000000.0,440443000000.0,0.0,279.739432,440443000000.0,1.0,33243741000000.0,3103014000000.0,0.0,0.0,30140726000000.0,0.0,86198000000.0,10082246000274.203,16195743000274.203,6104.1082058242255,0.0,0.2383851143588202,2.5539082324475495,0.0,6104.1082058242255,0.045971755203166986,22.89114823092705,17.66942748433976,3.2491783795607123,2.622337032337663,0.0,0.037102744764393396,0.013248899995942092,0.0,0.004291063391451642,102.29759126883869,1.0,0.027358448712769476,0.20697447313585263,0.3182165996316122,0.48673078759172345,0.06497811736828106,0.03056639213986418,0.0,0.24842210424641076,0.18077051919687914,0.25349738288859247,Banks—Regional,Financial Services,BCH
2017Q4,2017,Q4,2017-12-31,2017-12-31,138420000000.0,413570000000.0,0.0,272.29,413570000000.0,1.0,32561437000000.0,3545347000000.0,0.0,0.0,29016089000000.0,0.0,464262000000.0,9846262914204.232,16042649914204.232,6974.245593218175,0.0,0.23598473249199658,2.1673483582848165,0.0,6974.245593218175,0.0390427227574621,23.807971840811067,17.78330969911182,2.7772353211700382,0.0,0.0,0.0,0.012701220772289626,0.0,0.004251040886186933,36.54506181319029,1.0,0.05728097402831941,-0.02380831278852287,1.7757224546642982,0.5944764927200514,0.023487981310585306,0.034150423238126545,0.0,0.06650676885526616,-0.07104763713600831,0.24403865282439705,Banks—Regional,Financial Services,BCH
2017Q3,2017,Q3,2017-09-30,2017-09-30,133849000000.0,404079000000.0,0.0,257.537974,404079000000.0,1.0,31943143000000.0,3037395000000.0,0.0,0.0,28905747000000.0,0.0,213673000000.0,9839008914928.268,15531071914928.268,5844.231592213608,0.0,0.23772598081535057,2.5000748997084674,0.0,5844.231592213608,0.04406703770829938,24.349221105101396,18.377068403440198,3.239291865209585,0.0,0.0,0.0,0.012649944934973994,0.0,0.004190226365639724,62.348763132759636,1.0,-0.17781713514464034,0.3012158926726687,-0.3461457820760061,0.735514727250512,-0.09839214951269144,-0.16249108360760364,0.0,-0.13860434572284927,0.0691584597883767,0.27240761590786117,Banks—Regional,Financial Services,BCH
2017Q2,2017,Q2,2017-06-30,2017-06-30,159818000000.0,448176000000.0,0.0,313.236854,448176000000.0,1.0,32277333000000.0,2983831000000.0,0.0,0.0,29293501000000.0,0.0,158389000000.0,8382988688538.59,13929301688538.59,5848.188789787311,0.0,0.23953763466145112,2.591177583448929,0.0,5848.188789787311,0.053561344459522,18.704680055466135,13.113336245821168,2.809471678703851,2.140146917118222,0.0,0.040800961650781724,0.013885162073334869,0.0,0.00495140041465012,20.784647378395118,1.0,0.1495090298687089,0.4764153925477474,-0.3045661598994296,0.6419319083167694,0.0608343688975679,0.14161422356832126,0.0,0.0834564937525628,0.13405313881019226,0.30407963709512736,Banks—Regional,Financial Services,BCH
2017Q1,2017,Q1,2017-03-31,2017-03-31,139993000000.0,422475000000.0,0.0,272.49621,422475000000.0,1.0,31832659000000.0,2896265000000.0,0.0,0.0,28936393000000.0,0.0,82524000000.0,7769532249815.686,13864688249815.686,5653.333167184269,0.0,0.24131059865278612,2.652228991476954,0.0,5653.333167184269,0.04833570132567289,18.390513639424075,13.87485847473746,2.6826040606835653,2.4432221611080553,0.0,0.04402246995089234,0.013271747107271184,0.0,0.004397779023109568,67.9095555442329,1.0,-0.04924388541921075,0.14420085503993452,0.23880523143782237,0.6235374404192868,0.049163351362627214,-0.046603012885123536,0.0,-0.030861325404081177,0.08075638200806767,0.3186022375751176,Banks—Regional,Financial Services,BCH
2016Q4,2016,Q4,2016-12-31,2016-12-31,146836000000.0,402678000000.0,0.0,286.61,402678000000.0,1.0,31357304000000.0,3307673000000.0,0.0,0.0,28049630000000.0,0.0,474362000000.0,7494399975572.94,12918681975572.941,6456.376566750589,0.0,0.2301840107172479,2.182183668095365,0.0,6456.376566750589,0.04439253819830437,18.61139663843801,12.759813628083272,2.2657620555517246,0.0,0.0,0.0,0.012841601433592633,0.0,0.004682672974691957,100.25819019910021,1.0,0.014728270490352365,0.3344194455588376,0.24053786495074872,0.6051263468362565,-0.05708826435753457,0.014740537514771637,0.0,-0.09576405610242676,0.016842271154180417,0.28848919759642755,Banks—Regional,Financial Services,BCH
2016Q3,2016,Q3,2016-09-30,2016-09-30,144703000000.0,427058000000.0,0.0,282.45,427058000000.0,1.0,31018838000000.0,2853176000000.0,0.0,0.0,28165661000000.0,0.0,227152000000.0,7069826398556.27,12556154398556.27,5569.226059291585,0.0,0.2349710843455838,2.5545322125238683,0.0,5569.226059291585,0.05071646473964452,16.55472183768076,12.214374267562299,2.477879527430579,0.0,0.0,0.0,0.013767698196818334,0.0,0.0046650038921509564,-51.047520838703704,1.0,-0.04160021716263443,0.45763871104469517,0.36643012376829237,1.0537373125106635,-0.0985944627022874,-0.04160678213067523,0.0,0.09918748875159185,0.17396163841644408,0.3377448609399636,Banks—Regional,Financial Services,BCH
2016Q2,2016,Q2,2016-06-30,2016-06-30,150985000000.0,473769000000.0,0.0,294.71,473769000000.0,1.0,31007979000000.0,2790999000000.0,0.0,0.0,28216979000000.0,0.0,156597000000.0,6749153224845.1045,12055581224845.105,5447.860336080479,0.0,0.2284046954495164,2.537574538722515,0.0,5447.860336080479,0.05409711719710398,14.245662389994079,11.175204862809393,2.418185468660184,0.0,0.0,0.0,0.01527893836615408,0.0,0.004869230593841669,-146.6633322796537,1.0,0.14572710714798612,0.33886045739741943,0.46614826552594163,0.7259263816017519,0.15549750861558048,0.13927727934685008,0.0,0.2929897880920292,0.4608867214678236,0.3439967269488713,Banks—Regional,Financial Services,BCH
2016Q1,2016,Q1,2016-03-31,2016-03-31,132527000000.0,410013000000.0,0.0,257.225301,410013000000.0,1.0,31105826000000.0,2760994000000.0,0.0,0.0,28344831000000.0,0.0,81946000000.0,6912274993200.209,12328154993200.209,5353.588351509565,0.0,0.23034006555556505,2.5950501884466246,0.0,5353.588351509565,0.047999742121859014,16.85867275720577,13.039371209640695,2.5035458219757847,2.76663623261675,0.0,0.05304389659854208,0.013181228493980516,0.0,0.004260520199656489,29.636652431464576,1.0,-0.03191256916731489,0.05904157736999853,0.2621163073493133,0.8270384939262281,-0.046381598074217066,-0.30616315717830855,0.0,0.10527069282249392,0.2095831095140227,0.3039324268018865,Banks—Regional,Financial Services,BCH
2015Q4,2015,Q4,2015-12-31,2015-12-31,191006000000.0,429955000000.0,0.0,265.704618,429955000000.0,1.0,31057596000000.0,3175322000000.0,0.0,0.0,27882271000000.0,0.0,507190000000.0,6898120881651.943,12622835881651.943,6022.196738237892,0.0,0.2457314790236823,2.4034819145900794,0.0,6022.196738237892,0.060153269495188205,16.043820589717395,9.028670410421588,2.1724161775252853,5.235437630231511e-06,0.0,1.4496701596805342e-07,0.013843795250604715,0.0,0.006150057460983136,-35.634470924950634,1.0,0.04707053121059265,0.6012210890466019,0.29161081898315966,0.7121690658757687,-0.00043009252801413494,0.42754857997010465,0.0,0.29870929336457075,1.7775154313888941,0.37681574376919147,Banks—Regional,Financial Services,BCH
2015Q3,2015,Q3,2015-09-30,2015-09-30,133800000000.0,430140000000.0,0.0,253.76,430140000000.0,1.0,30821866000000.0,2667817000000.0,0.0,0.0,28154047000000.0,0.0,193134000000.0,7162481551365.023,12919032551365.023,5059.681769475851,0.0,0.24489341430528574,2.8293065079051525,0.0,5059.681769475851,0.05015336509213338,16.65151241773614,13.38281306308861,2.6847724380514193,0.0,0.0,0.0,0.01395567679127539,0.0,0.004341073963529658,-9.264672888444673,1.0,-0.20538594019101308,0.24518727071198554,0.43259447229046755,0.80497925440154,0.0321939701097129,-0.2053782470810419,0.0,0.2821279405381223,-0.3139346230548669,0.5025332394126172,Banks—Regional,Financial Services,BCH
2015Q2,2015,Q2,2015-06-30,2015-06-30,168382000000.0,416724000000.0,0.0,319.35,416724000000.0,1.0,29173468000000.0,2609501000000.0,0.0,0.0,26563965000000.0,0.0,125578000000.0,6711962457092.237,11717672457092.238,4949.081828749499,0.0,0.23729036945487592,2.652837841411059,0.0,4949.081828749499,0.06452651292335201,16.106493643496023,9.965379994732569,2.5721248840648987,0.0,0.0,0.0,0.014284349053050533,0.0,0.005771751236431678,-14.790541354232884,1.0,0.42426688621590947,0.4538036047531241,-0.1532060815993007,0.8141694678488286,0.09373220195742381,0.44267660540633164,0.0,0.5052150123395538,-0.3742861884790148,0.3894994952428756,Banks—Regional,Financial Services,BCH
2015Q1,2015,Q1,2015-03-31,2015-03-31,116715000000.0,381011000000.0,0.0,224.220617,381011000000.0,1.0,28156552000000.0,2528562000000.0,0.0,0.0,25627989000000.0,0.0,51074000000.0,6548833585274.123,11495395585274.123,4869.661707436323,0.0,0.2307984301486915,2.5700330859990776,0.0,4869.661707436323,0.04615864669325886,17.18804335117391,14.027403472720136,2.5899438436843245,3.1482157391937626,0.0,0.05610831229949774,0.013531877056537321,0.0,0.004145216360298662,-25.26215050156855,1.0,-0.12177111354823547,0.09435790004894945,0.24885219092849725,0.8292776220657843,-0.16214546142242042,-0.11960383492619049,0.0,-0.05880085782614995,0.10229650648915517,0.39848083783406807,Banks—Regional,Financial Services,BCH
2014Q4,2014,Q4,2014-12-31,2014-12-31,132571000000.0,454746000000.0,0.0,255.31,454746000000.0,1.0,27581676000000.0,2910973000000.0,0.0,0.0,24670701000000.0,0.0,483505000000.0,6607485662481.092,11349451662481.092,5606.132556560225,0.0,0.22321569581195863,2.114984577321741,0.0,5606.132556560225,0.04554181711750676,14.530057795958825,12.460277252342314,2.2698546714384134,0.0,0.0,0.0,0.016487250448449904,0.0,0.004806488191653038,-86.87430201268889,1.0,-0.14605632414611544,0.7769189990386759,0.5754759148847824,0.7185841945279692,0.17796111852245206,-0.1647387189858743,0.0,0.18868627916199865,0.38222871285579935,0.39374631844315916,Banks—Regional,Financial Services,BCH
2014Q3,2014,Q3,2014-09-30,2014-09-30,158718000000.0,386045000000.0,0.0,298.977564,386045000000.0,1.0,26611900000000.0,2438309000000.0,0.0,0.0,24173589000000.0,0.0,213282000000.0,7149522539143.123,11740115539143.123,4593.049836505227,0.0,0.22333429781413577,2.4374884397342584,0.0,4593.049836505227,0.06509347256643847,18.51992005891314,11.261360619373862,2.9321642741519325,0.0,0.0,0.0,0.014506480183677227,0.0,0.005964173922192703,54.37188701408534,1.0,0.03413082909619162,0.9028860725829062,0.2309440297161855,0.46382262708207056,-0.061167761437948234,0.034134963089412884,0.0,0.542924489980557,0.1920229843170006,0.6937573959157388,Banks—Regional,Financial Services,BCH
2014Q2,2014,Q2,2014-06-30,2014-06-30,153479000000.0,411197000000.0,0.0,289.11,411197000000.0,1.0,25460802000000.0,2380701000000.0,0.0,0.0,23080099000000.0,0.0,156323000000.0,7014032885054.839,11383223885054.84,4484.533477429576,0.0,0.21907954824046783,2.342982592102074,0.0,4484.533477429576,0.06446798653001784,17.057597416943313,11.425069366256684,2.9462048720334213,0.0,0.0,0.0,0.01615019825377064,0.0,0.006028050491103933,131.52873563213456,1.0,0.02536014875272885,0.9369746317550177,0.4391758384582833,0.637626321113287,0.007951896419440475,0.018102819237147596,0.0,0.3133987671054114,0.22802531560900674,0.42073661224592934,Banks—Regional,Financial Services,BCH
2014Q1,2014,Q1,2014-03-31,2014-03-31,150750000000.0,407953000000.0,0.0,281.959466,407953000000.0,1.0,26130050000000.0,2292247000000.0,0.0,0.0,23837801000000.0,0.0,82246000000.0,6640516920903.492,10781166920903.492,4287.3680978887405,0.0,0.2043601523915951,2.3295661418686557,0.0,4287.3680978887405,0.06576516405082,16.27765188858396,11.012465872145095,2.896946498742715,2.4419237147595356,0.0,0.05543544341272675,0.015612407936456301,0.0,0.005769219729774723,-17.95617552661983,1.0,0.13446516444621934,1.4511529710052233,-0.2878018053037334,0.3928334505227836,-0.012882400907865669,-0.11045153067245733,0.0,0.1620259106475723,0.2113279274083404,0.4631656448268494,Banks—Regional,Financial Services,BCH
2013Q4,2013,Q4,2013-12-31,2013-12-31,169468000000.0,413277000000.0,0.0,248.539554,413277000000.0,1.0,25873708000000.0,2679037000000.0,0.0,0.0,23194669000000.0,0.0,461418000000.0,7374504389695.231,11497276389695.23,5010.811560387497,0.0,0.20702154480525173,1.999380747634318,0.0,5010.811560387497,0.06325705841315368,17.843974839381897,10.87890396667104,2.752669854763197,0.0,0.0,0.0,0.01597285553350142,0.0,0.006549814970471183,-12.731894701786437,1.0,-0.03278399965797528,1.3126730397067239,2.6430286592648065,0.6540218222906201,0.08860809508004994,0.2335172433872447,0.0,0.4010517851577318,0.22436836196167145,0.42462242957849666,Banks—Regional,Financial Services,BCH
2013Q3,2013,Q3,2013-09-30,2013-09-30,137386000000.0,379638000000.0,0.0,256.963857,379638000000.0,1.0,25253318000000.0,2225830000000.0,0.0,0.0,23027487000000.0,0.0,149530000000.0,7376788487822.816,10797250487822.816,4163.145172075922,0.0,0.19534589474539543,2.2163112187363816,0.0,4163.145172075922,0.06172349191088268,19.431111974625345,13.423471983722532,3.314174257613032,0.0,0.0,0.0,0.015033192865982996,0.0,0.005440314813285129,-35.9469842935039,1.0,0.12738058614486908,0.38007869799949556,-0.023291954410707055,0.6436607732651519,0.12171585254872298,0.12737149609400644,0.0,0.2609081008982703,0.24693987720813526,0.48515084762680816,Banks—Regional,Financial Services,BCH
2013Q2,2013,Q2,2013-06-30,2013-06-30,121864000000.0,338444000000.0,0.0,227.93,338444000000.0,1.0,24404074000000.0,2167196000000.0,0.0,0.0,22236877000000.0,0.0,92295000000.0,6936434028977.76,9873659028977.76,4053.477383422027,0.0,0.20167378610636896,2.2709814894453477,0.0,4053.477383422027,0.05623118536579064,20.495071648419707,14.229866960254382,3.2006491470904153,0.0,0.0,0.0,0.013868340179594603,0.0,0.00499359246329117,16.49587754664802,1.0,-0.01858424173961861,0.81474663423642,0.09217549274169336,0.6661793719905844,-0.014420668848792648,0.0032435992426113444,0.0,0.037642863716580766,-0.32176775533492674,0.48587054368387406,Banks—Regional,Financial Services,BCH
2013Q1,2013,Q1,2013-03-31,2013-03-31,121470000000.0,343396000000.0,0.0,232.246118,343396000000.0,1.0,23825746000000.0,2145081000000.0,0.0,0.0,21680664000000.0,0.0,57191000000.0,6874254040137.259,10396921040137.258,4105.725297928314,0.0,0.19506348300699589,2.1666002356088185,0.0,4105.725297928314,0.05662723225836227,20.018445293880124,14.14804898357055,3.2046594231813432,2.827488268708323,0.0,0.04996251200415954,0.014412812089913156,0.0,0.005098266387965355,33.311304491758534,1.0,-0.09331828077280208,0.9970243979890517,0.20225406947306626,0.8608032857855993,1.6080194341847593,-0.19133213501098462,0.0,0.13193826612438717,0.1186385077345366,0.5423066038407862,Banks—Regional,Financial Services,BCH
2012Q4,2012,Q4,2012-12-31,2012-12-31,150210000000.0,-564778000000.0,0.0,256.149554,-564778000000.0,1.0,23198200000000.0,2355460000000.0,0.0,0.0,20842738000000.0,0.0,403676000000.0,7297169747952.9795,10658779747952.98,4374.003395509871,0.0,0.18891965755963824,1.8606115153727933,0.0,4374.003395509871,0.06377098316252451,-12.920421383185923,12.144946654605185,3.0979807544823434,0.0,0.0,0.0,-0.024345768206153924,0.0,0.006475071341742032,-12.641198483079307,1.0,0.2981304507067109,0.7276395184624969,-3.255098388121458,1.0478879504894494,-1.9420911635479254,0.5053364734178484,0.0,0.9413155889451128,-2.8866826207846343,0.3408696684380977,Banks—Regional,Financial Services,BCH
2012Q3,2012,Q3,2012-09-30,2012-09-30,99785000000.0,599494000000.0,0.0,197.32189,599494000000.0,1.0,21433798000000.0,1697745000000.0,0.0,0.0,19736052000000.0,0.0,260979000000.0,5841678593941.621,8697275593941.621,3367.4341683474663,0.0,0.19515099470471822,2.4637545685600606,0.0,3367.4341683474663,0.05877502216174985,9.74434872399327,14.635663160649448,3.4408457064763094,0.0,0.0,0.0,0.02796956470337175,0.0,0.004655497826376828,20.610439130029395,1.0,-0.06611570103212021,0.36889285573912095,1.6137191756664286,0.5565972838537521,-0.0586057175160761,-0.06711603904117273,0.0,0.2596970285543296,1.0127945753345884,0.07321420544109652,Banks—Regional,Financial Services,BCH
2012Q2,2012,Q2,2012-06-30,2012-06-30,106964000000.0,636815000000.0,0.0,211.291581,636815000000.0,1.0,22480472000000.0,1795724000000.0,0.0,0.0,20684747000000.0,0.0,278287000000.0,6337999601885.61,9552312601885.61,3561.7730310038232,0.0,0.19872420828174783,2.487806589431338,0.0,3561.7730310038232,0.059565946659954426,9.952654384531789,14.813394230501874,3.529495402347805,0.0,0.0,0.0,0.028327474618860315,0.0,0.00475808515052531,-32.58728901238405,1.0,-0.11299165445956576,0.7430399085027815,2.2290616699547092,0.9491208408915695,0.8856301077815942,-0.11717466841640461,0.0,0.4214344781298283,1.346883028682325,0.3006599894414346,Banks—Regional,Financial Services,BCH
2012Q1,2012,Q1,2012-03-31,2012-03-31,121161000000.0,337720000000.0,0.0,238.206982,337720000000.0,1.0,21955641000000.0,1766586000000.0,0.0,0.0,20189054000000.0,0.0,315114000000.0,6746417328096.531,9549200328096.531,3482.1082818541386,0.0,0.19791086946630254,2.4596934426062473,0.0,3482.1082818541386,0.06858482972241374,19.976363046596386,13.920356649616071,3.818901161956752,2.4496496397355583,0.0,0.04399401720434944,0.015381923943828377,0.0,0.005518445123055164,149.16131968640764,1.0,0.1090226826202338,1.140364333240755,0.9039892929032467,1.0436842280304781,0.050630745539672416,0.11189523529843624,0.0,1.0761277454813138,-0.37866524564216975,0.13122941221146375,Banks—Regional,Financial Services,BCH
2011Q4,2011,Q4,2011-12-31,2011-12-31,108968000000.0,321445000000.0,0.0,214.79,321445000000.0,1.0,21765558000000.0,2040667000000.0,0.0,0.0,19724889000000.0,0.0,374855000000.0,6188030403026.367,9012525403026.367,4022.347885246707,0.0,0.1874190406696672,1.9989934663519329,0.0,4022.347885246707,0.05339822714828044,19.250666219808576,14.196898178883632,3.032356775028149,,0.0,,0.014768516387220581,0.0,0.005006441828874776,0.0,1.0,0.10847912473551108,1.145376862756241,0.8349331686069545,1.049484041599241,0.03859450726978998,0.1084347153843024,0.0,0.5671250115138354,1.9861124278650408,0.32773924919421354,Banks—Regional,Financial Services,BCH
2011Q3,2011,Q3,2011-09-30,2011-09-30,98308000000.0,309500000000.0,0.0,193.77,309500000000.0,1.0,17549572000000.0,1375767000000.0,0.0,0.0,16173804000000.0,0.0,214118000000.0,5218571505313.755,7506415505313.755,2711.751899995082,0.0,0.17109015536105382,2.18246185582297,0.0,2711.751899995082,0.0714568673329132,16.861297270803732,13.270973637226255,3.7932088102954604,,0.0,,0.01763575772674114,0.0,0.005601732053636408,0.0,1.0,-0.11971810990662611,0.5868827148888626,0.5433044494753942,0.4647635992061242,-0.05273757311060169,-0.13783819337864503,0.0,0.04070043340603747,-0.1608661449204387,0.0706329086829828,Banks—Regional,Financial Services,BCH
2011Q2,2011,Q2,2011-06-30,2011-06-30,114025000000.0,326731000000.0,0.0,220.12267,326731000000.0,1.0,20250642000000.0,1635080000000.0,0.0,0.0,18615561000000.0,0.0,225745000000.0,5988188620490.316,8441577620490.316,3156.4847690806914,0.0,0.1771479640003512,2.193996624018397,0.0,3156.4847690806914,0.06973664897130416,18.327580243351,13.129113397260065,3.662321489156687,0.0,0.0,0.0,0.016134352678794085,0.0,0.005630685683940292,-22.379142684927878,1.0,-0.09547083884434214,0.7298285582807227,0.6440968626989945,0.8675519218723362,0.07677426796513256,-0.02446849467425247,0.0,0.7525716388721203,0.0882560191049696,0.297471112520364,Banks—Regional,Financial Services,BCH
2011Q1,2011,Q1,2011-03-31,2011-03-31,116885000000.0,303435000000.0,0.0,243.356079,303435000000.0,1.0,19399614000000.0,1411514000000.0,0.0,0.0,17988099000000.0,0.0,57029000000.0,5431404210087.641,6921147210087.641,2930.2000857162734,0.0,0.16849515665620976,2.3157694503915653,0.0,2930.2000857162734,0.08280824703120196,17.89972880546951,11.616982953517647,3.8479279766886054,2.3888095136245027,0.0,0.05140770032939503,0.015641290594751008,0.0,0.006025119881251245,25.18479940873979,1.0,0.07565452174681747,1.3049017116541228,0.8349855472321424,0.8778698928510132,-0.0022556811269198772,0.07252640368504602,0.0,1.0841981911892706,0.1522125237675391,0.3280298977287514,Banks—Regional,Financial Services,BCH
2010Q4,2010,Q4,2010-12-31,2010-12-31,108981000000.0,304121000000.0,0.0,226.24,304121000000.0,1.0,18276464000000.0,1694323000000.0,0.0,0.0,16582139000000.0,0.0,527361000000.0,5608181564874.735,7451633564874.735,3517.290937129248,0.0,0.1666371022315914,1.7974949286529192,0.0,3517.290937129248,0.06432126577990147,18.440625819574233,12.865044284955026,3.3099837308911786,,0.0,,0.016640034965188014,0.0,0.005962914927088741,0.0,1.0,0.1116045679793854,1.3796205617053487,0.9613417893112364,0.9359839490112766,0.08817509786101231,0.08960297543466741,0.0,0.40124403404346864,0.3575093753434377,0.6467791808088175,Banks—Regional,Financial Services,BCH
2010Q3,2010,Q3,2010-09-30,2010-09-30,100019000000.0,279478000000.0,0.0,203.525612,279478000000.0,1.0,17546650000000.0,1375767000000.0,0.0,0.0,16170882000000.0,0.0,126732000000.0,5972233590595.651,7594485590595.651,2803.18001281042,0.0,0.17111864657926157,2.18246185582297,0.0,2803.18001281042,0.07270053722759741,21.369244057119527,14.927747704425288,4.3410211108390095,,0.0,,0.015927712697295496,0.0,0.0057001763869456564,0.0,1.0,-0.0763358799065711,0.8089130985503009,0.5644224264139476,0.6452064192571387,-0.3898792760931735,-0.0722488127040665,0.0,0.4095034692593685,0.2517026040281496,0.2957706597825283,Banks—Regional,Financial Services,BCH
2010Q2,2010,Q2,2010-06-30,2010-06-30,107808000000.0,458070000000.0,0.0,220.345911,458070000000.0,1.0,17693674000000.0,1338877000000.0,0.0,0.0,16354796000000.0,0.0,91642000000.0,4349429123539.442,6102341123539.441,2728.0151697282877,0.0,0.17266300938968357,2.2817951163549752,0.0,2728.0151697282877,0.08052121292695297,9.495118919683547,10.086053733348736,3.2485651210226494,,0.0,,0.02588891374397426,0.0,0.006093025111686809,0.0,1.0,0.07377049340102065,0.7283770398077122,1.4434151139120854,0.8109664517103348,0.5884966032867839,0.06946015118147729,0.0,0.8046796890635588,1.3860214879195691,0.4928607677416181,Banks—Regional,Financial Services,BCH
2010Q1,2010,Q1,2010-03-31,2010-03-31,100806000000.0,288367000000.0,0.0,205.207642,288367000000.0,1.0,17510092000000.0,1306511000000.0,0.0,0.0,16203580000000.0,0.0,51096000000.0,4092695936303.838,6307220936303.838,2662.068156684202,0.0,0.1592857421879908,2.1347757500702254,0.0,2662.068156684202,0.07715664085491818,14.192663988264393,10.149931393726161,3.132538444991154,,0.0,,0.016468617069516255,0.0,0.005757022864300199,0.0,1.0,0.4282269070155901,1.0921485348840687,0.7988163882107528,0.9816105340342552,0.05698629132761528,0.4295073598230239,0.0,0.8408137541617748,0.6805517588111192,0.5623944649018139,Banks—Regional,Financial Services,BCH
2009Q4,2009,Q4,2009-12-31,2009-12-31,70518000000.0,272820000000.0,0.0,143.68,272820000000.0,1.0,17501459000000.0,1600982000000.0,0.0,0.0,15900474000000.0,0.0,433450000000.0,3709406049424.9507,5412026049424.951,3262.0645380135243,0.0,0.168913003195905,1.8465067065088803,0.0,3262.0645380135243,0.04404671632785378,13.596532693442382,13.15056457012731,2.316956748686088,,0.0,,0.015588414657315142,0.0,0.004029264074498017,0.0,1.0,-0.08552779506698252,1.2264326531014587,0.9434940132284507,1.0298267656588955,0.05623006163471366,0.026522650518225225,0.0,0.43516955008620034,0.6098610507831778,0.6621011916564913,Banks—Regional,Financial Services,BCH
2009Q3,2009,Q3,2009-09-30,2009-09-30,68696000000.0,258296000000.0,0.0,157.117952,258296000000.0,1.0,16387440000000.0,1371887000000.0,0.0,0.0,15015551000000.0,0.0,65375000000.0,3159893423731.9697,5326798423731.97,3137.7092767453946,0.0,0.17249692447386536,2.060507170051178,0.0,3137.7092767453946,0.050074095023861294,12.233613465682666,11.499553917738915,2.3033190224354994,,0.0,,0.015761827350702733,0.0,0.0041919909394023715,0.0,1.0,0.052660595476528835,0.6184961396772073,0.6357845015214602,0.9739805574796779,-0.02214314107781711,-0.06222185819204412,0.0,0.2866982626056214,0.49450692408616487,0.6948461743407883,Banks—Regional,Financial Services,BCH
2009Q2,2009,Q2,2009-06-30,2009-06-30,73254000000.0,264145000000.0,0.0,149.25794,264145000000.0,1.0,16270326000000.0,1343991000000.0,0.0,0.0,14926333000000.0,0.0,44766000000.0,3078305859718.8164,4888609859718.816,2738.435148246098,0.0,0.16573730606258288,2.006412245320095,0.0,2738.435148246098,0.05450482927341031,11.653848680530832,10.505589659673248,2.2904214832679806,,0.0,,0.01623476997326298,0.0,0.004502306837613456,0.0,1.0,0.2975412627250187,0.3973545281633361,0.5194324629597414,0.9033930288011306,-0.42444796946019325,0.4866060556863382,0.0,0.17293983023985315,0.4028810898260742,0.6202105183986772,Banks—Regional,Financial Services,BCH
2009Q1,2009,Q1,2009-03-31,2009-03-31,49276000000.0,458942000000.0,0.0,115.031363,458942000000.0,1.0,17118564000000.0,1318593000000.0,0.0,0.0,15799963000000.0,0.0,22790000000.0,2402032263162.89,3964333263162.89,3078.162788436426,0.0,0.1686729097136886,2.1897871443273247,0.0,3078.162788436426,0.03737013619820521,5.233847116112472,12.18662362591774,1.8216631387872455,,0.0,,0.02680960856296124,0.0,0.0028785124733593306,0.0,1.0,-0.16072258135123305,0.30460549530818143,2.3519192681208865,1.2020446557193702,4.049293483664266,-0.1607073133087591,0.0,0.09269210943600575,2.120998138307444,0.9726943746526099,Banks—Regional,Financial Services,BCH
2008Q4,2008,Q4,2008-12-31,2008-12-31,58711342040.0,90892320180.0,0.0,137.06,90892320180.0,1.0,18128442000000.0,1297735000000.0,0.0,0.0,16830699000000.0,0.0,207904000000.0,2411773174894.962,4590107174894.962,3029.4712517445078,0.0,0.18750298563991324,2.619284368534408,0.0,3029.4712517445078,0.04524139523092157,26.53439993740692,10.269622065749333,1.8584481229950351,,0.0,,0.005013796562330067,0.0,0.003238631430103039,0.0,1.0,-0.2638903082485382,1.0507962071220396,-0.29239900424675946,0.8606725753305127,-0.7482960651030807,-0.36517925882745217,0.0,0.441609591470013,-0.34082186597165126,0.6674786994320648,Banks—Regional,Financial Services,BCH
2008Q3,2008,Q3,2008-09-30,2008-09-30,92484914610.0,361108062205.0,0.0,186.195076,361108062205.0,1.0,17026933558635.0,1258091053725.0,0.0,0.0,15768842504910.0,0.0,71420734770.0,3040313308601.0273,4936967168361.027,2532.849380961854,0.0,0.17993820896195567,2.435273599302376,0.0,2532.849380961854,0.07351209941137998,8.419400248325251,8.218403296963988,2.416608320676919,,0.0,,0.021208050231796935,0.0,0.005431683531947384,0.0,1.0,0.482447079757993,1.191195473539093,1.5587530135805785,0.6249382572266086,0.2503432229608868,0.4777396364450242,0.0,0.652712401900938,0.9972608161708026,0.48654743595723965,Banks—Regional,Financial Services,BCH
2008Q2,2008,Q2,2008-06-30,2008-06-30,62585392128.0,288807149568.0,0.0,125.599813,288807149568.0,1.0,16459222449152.0,1212243837952.0,0.0,0.0,15246978611200.0,0.0,44403573760.0,3188305138089.5244,4896450189737.524,2432.797723680457,0.0,0.17880779901602392,2.4277601976678658,0.0,2432.797723680457,0.05162772551909489,11.039564438964257,12.735819932104862,2.6300856628613096,,0.0,,0.01754682825754504,0.0,0.0038024513200029374,0.0,1.0,0.0731264297497883,0.5154223828219043,0.9241434542330704,0.6303574972147644,0.06846048241870308,0.0872685279559354,0.0,-0.011741877718001505,0.5173412408266689,0.6149892091037708,Banks—Regional,Financial Services,BCH
2008Q1,2008,Q1,2008-03-31,2008-03-31,57562037821.2,270302135006.64,0.0,117.041021,270302135006.64,1.0,14693067576588.96,1090922079490.08,0.0,0.0,13602129389131.86,0.0,24312146438.7,3115724552150.052,5156614857345.552,2206.4262941125166,0.0,0.16914047583322725,2.2780659481341248,0.0,2206.4262941125166,0.05276457311057973,11.52682183614093,13.53202852993217,2.856046834808227,4.4003857207684165,0.0,0.08129575161320017,0.018396576044972596,0.0,0.003917632415501569,52.29032015687145,1.0,-0.2750633570764942,0.5965094489788902,0.8420349310938701,0.5770074859894071,0.17551861234509616,-0.27892115496933156,0.0,0.18585580999212845,0.6737105170111339,0.6424363801524577,Banks—Regional,Financial Services,BCH
2007Q4,2007,Q4,2007-12-31,2007-12-31,79827661313.17,229942879821.7,0.0,161.45,229942879821.7,1.0,14685027943661.92,1056032374488.61,0.0,0.0,13628994573157.37,0.0,243357072628.17,3119541274455.3647,4041218568757.5244,2135.860701980533,0.0,0.11565869728823731,1.6083325119912022,0.0,2135.860701980533,0.07559205876792084,13.566592176606155,9.769612510058282,2.9540204920005615,,0.0,,0.015658320890083406,0.0,0.005435989745434821,0.0,1.0,0.11781799600843759,6.783318767702625,0.7767566386786731,0.47617583266569313,0.14386343839097693,0.24950422975517064,0.0,1.5017999247023555,0.6259851001053579,0.32904397508922295,Banks—Regional,Financial Services,BCH
2007Q3,2007,Q3,2007-09-30,2007-09-30,63887467855.0,201023017350.0,0.0,144.433173,201023017350.0,1.0,13687621445735.0,955907925760.0,0.0,0.0,12731713519975.0,0.0,163529411315.0,3050446426142.4614,4621648467857.461,2163.3303637858903,0.0,0.16392431790069248,2.347228167808219,0.0,2163.3303637858903,0.06683433219178082,15.174612670505025,11.93679499501296,3.1911508880075314,,0.0,,0.014686482830268355,0.0,0.00466753614631175,0.0,1.0,0.18797394897726571,2.6304076928161235,0.5266564994415034,0.5481058290275499,0.19743636322755467,0.2230070796232034,0.0,0.48938959636632207,0.2596985176264353,0.3609839857274005,Banks—Regional,Financial Services,BCH
2007Q2,2007,Q2,2007-06-30,2007-06-30,52238019648.0,167877829272.0,0.0,121.579411,167877829272.0,1.0,13666929868290.0,784254865542.0,0.0,0.0,12882675002748.0,0.0,99473406366.0,3235923772489.844,4490215496275.844,1827.3741454504136,0.0,0.17186891941356658,2.995098368360975,0.0,1827.3741454504136,0.06660847377962802,19.275468276677064,15.486439734386714,4.126112459950748,,0.0,,0.012283507041439497,0.0,0.003822220509757836,0.0,1.0,0.09247669530506626,2.647749238164617,0.188514065596036,0.0,0.13323643419282818,0.10492047980403878,0.0,0.1395309394885462,0.10432398790303016,0.27014554706159516,Banks—Regional,Financial Services,BCH
2007Q1,2007,Q1,2007-03-31,2007-03-31,47277628212.0,148140162288.0,0.0,111.287876,148140162288.0,1.0,12675471746280.0,721940703552.0,0.0,0.0,11953531042728.0,0.0,47277628212.0,2882377725174.2593,4082970721650.2593,1703.8387017400855,0.0,0.1614638710500574,2.834901433691756,0.0,1703.8387017400855,0.0654868578255675,19.457098471180387,15.241763568644158,3.992540815322857,,0.0,,0.01168715178837239,0.0,0.003729851571471101,0.0,1.0,0.11154490611266472,2.8186220473929855,0.3412437435107117,0.0,0.012525233274493666,0.11449918809212858,0.0,0.26545169140231784,0.09384225155461631,0.21888579820055692,Banks—Regional,Financial Services,BCH
