Year,Date,FillingDate,NetIncome,Revenue,OperatingIncome,EPSDiluted,GrossProfit,GrossProfitRatio,TotalAssets,CommonStockEquity,CurrentAssets,CurrentLiability,TotalLiability,Inventory,RetainedEarnings,EnterpriseValue,bookValuePerShare,currentRatio,debtToAssets,debtToEquity,roic,shareholdersEquityPerShare,roe,priceToSalesRatio,peRatio,pbRatio,payoutRatio,inventoryTurnover,dividendYield,assetTurnover,quickRatio,returnOnAssets,priceToFreeCashFlowsRatio,grossProfitMargin,epsdilutedGrowth,fiveYNetIncomeGrowthPerShare,fiveYRevenueGrowthPerShare,fiveYShareholdersEquityGrowthPerShare,grossProfitGrowth,netIncomeGrowth,operatingIncomeGrowth,threeYNetIncomeGrowthPerShare,threeYRevenueGrowthPerShare,threeYShareholdersEquityGrowthPerShare,Industry,Sector,Price,MarketCap,AvgVolume,Symbol
2022,2022-12-31,2023-03-14,-7883000.0,6986000.0,-31592000.0,-0.61,4553000.0,0.6517320355,218907000.0,98264000.0,168145000.0,60567000.0,120643000.0,3400000.0,-900884000.0,37232418.269999996,7.66421885984059,2.776181749137319,0.2653638303023658,0.5911625824310022,-0.15181644249991744,7.66421885984059,-0.08022266547260441,6.808820250501001,-6.0340502689331466,0.48406759616950257,0.0,0.7155882352941176,0.0,0.0319130955154472,2.6113064870308915,-0.03601072601607075,-0.5765556571435497,0.6517320354995706,0.7918088737201365,0.8627372999408972,0.0,-0.2129756860761522,16.715953307392997,0.7831302099094886,0.1324454208430592,0.9649200951953218,1.021685021780634,-0.761152658782015,Biotechnology,Healthcare,5.08,93604080,44059,ORTX
2021,2021-12-31,2022-03-30,-36349000.0,483000.0,-36415000.0,-2.93,257000.0,0.5320910973,322409000.0,209950000.0,275321000.0,42793000.0,112459000.0,2016000.0,-750224000.0,167205163.2,16.9364014128,6.433785899563013,0.18450167334038442,0.2833293641343177,-0.12342815723605204,16.9364014128,-0.1731316980233389,338.7829465838509,-4.501696420809376,0.7793863453203144,0.0,0.11210317460317461,0.0,0.0014980971374868569,5.8960577664571305,-0.11274188995964753,-1.2750690646136582,0.5320910973084886,0.8082460732984293,-0.5511329062909396,0.0,11.347832750946214,-0.8521288837744534,0.760828798715612,0.7680248187644129,0.7130121233762206,-0.5765985177810553,0.22720280766082127,Biotechnology,Healthcare,5.08,93604080,44059,ORTX
2020,2020-12-31,2021-03-02,-151979000.0,2595000.0,-156978000.0,-15.28,1738000.0,0.6697495183,280937000.0,178434000.0,223535000.0,51561000.0,102503000.0,665000.0,-605640000.0,432638158.40000004,17.942826584955213,4.335350361707492,0.20704641965992376,0.3259860788863109,-0.5792541044051607,17.942826584955213,-0.8517378974859051,165.55150612716764,-2.8267468426558935,2.407647412488651,0.0,1.2887218045112783,0.0,0.009236946361639799,4.076142821124494,-0.540971819304684,-3.0919819665759816,0.6697495183044316,0.12835139760410733,-7.084405993582488,0.0,11.962740198164228,0.01756440281030445,0.07002117218000024,0.09194611072868522,-2.411806426364261,0.0,0.8425153353687853,Biotechnology,Healthcare,5.08,93604080,44059,ORTX
2019,2019-12-31,2020-02-27,-163422000.0,2513000.0,-172873000.0,-17.53,1708000.0,0.6796657382,399281000.0,299193000.0,349896000.0,55856000.0,100088000.0,0.0,-453661000.0,1308912950.0,32.08835744520935,6.264250930965339,0.11498418407086738,0.15344944567553384,-0.46554203586070364,32.08835744520935,-0.5462093030251376,510.1691006764823,-7.845057275030289,4.28504326638658,0.0,0.0,0.0,0.006293813129099556,6.1115368089372675,-0.40929070003330986,-7.519472075918779,0.6796657381615598,-0.7152641878669276,-8.271667825956333,0.0,20.60540187980293,0.032648125755743655,0.290995466279095,0.2644672404916798,-8.271667825956333,0.0,20.60540187980293,Biotechnology,Healthcare,5.08,93604080,44059,ORTX
2018,2018-12-31,2018-12-31,-230495000.0,2076000.0,-235031000.0,-10.22,1654000.0,0.7967244701348748,366042000.0,311338000.0,355517000.0,47905000.0,54704000.0,0.0,-290239000.0,3212747889.7000003,13.800817034539365,7.421292140695126,0.0,0.0,-0.7580965671138448,13.800817034539365,-0.7403368686122478,1709.3409873314067,-15.395526539404326,11.397875908819355,0.0,0.0,0.0,0.00567148032193027,7.2765264586160106,-0.6296954994235634,-34.93808965126812,0.7967244701348748,-1.28125,-4.404872583953656,0.0,9.432047813409326,0.0,-4.799491747181965,-5.102799127544661,-4.404872583953656,0.0,9.432047813409326,Biotechnology,Healthcare,5.08,93604080,44059,ORTX
2017,2017-12-31,2017-12-31,-39744000.0,0.0,-38512000.0,-4.48,0.0,0.0,97294000.0,86405000.0,94221000.0,10755000.0,10889000.0,0.0,-59401000.0,1152331520.0,9.738223742579542,8.760669456066946,0.0,0.0,-0.446310117044715,9.738223742579542,-0.4599733811700712,0.0,-31.25471819645733,14.376338406342226,0.0,0.0,0.0,0.0,8.47075778707578,-0.40849384340247086,-36.485564236621045,0.0,-1.3698963910921522,-1.369538298278402,0.0,6.949877315930181,0.0,-1.0824731464500916,-1.00551997083789,-1.369538298278402,0.0,6.949877315930181,Biotechnology,Healthcare,5.08,93604080,44059,ORTX
2016,2016-12-31,2016-12-31,-19085000.0,0.0,-19203000.0,-1.890378,0.0,0.0,4283000.0,-16524000.0,3978000.0,3815000.0,20807000.0,0.0,-19657000.0,1409923820.0,-1.6367100068612261,1.0427260812581913,0.0,0.0,1.1633469358447888,-1.6367100068612261,1.1549866860324376,0.0,-74.05925176840451,-85.53744977003147,0.0,0.0,0.0,0.0,0.9252948885976409,-4.455988792902171,-95.78617647058823,0.0,0.0,0.0,0.0,0.0,0.0,0.0,0.0,0.0,0.0,0.0,Biotechnology,Healthcare,5.08,93604080,44059,ORTX
TTM,,,,,,,,,,,,,,,,85387080.0,7.168444880085185,3.119018128589123,0.24546464101890636,0.5240273474005214,0.2925118366671019,7.168444880085185,0.16174711743499598,5.09604094076655,3.7913252986684913,0.7086613742560622,0.0,0.22124212421242123,0.0,0.084638530622025,2.89800322786473,0.08755535280646216,-1.0116516438622656,0.9330901567944251,,,,,,,,,,,Biotechnology,Healthcare,5.08,93604080,44059,ORTX
