Quarters,Year,Quarter,FillingDate,Date,NetIncome,Revenue,OperatingIncome,EPSDiluted,GrossProfit,GrossProfitRatio,TotalAssets,CommonStockEquity,CurrentAssets,CurrentLiability,TotalLiability,Inventory,RetainedEarnings,MarketCap,EnterpriseValue,bookValuePerShare,currentRatio,debtToAssets,debtToEquity,roic,shareholdersEquityPerShare,roe,priceToSalesRatio,peRatio,pbRatio,payoutRatio,inventoryTurnover,dividendYield,assetTurnover,quickRatio,returnOnAssets,priceToFreeCashFlowsRatio,grossProfitMargin,epsdilutedGrowth,fiveYNetIncomeGrowthPerShare,fiveYRevenueGrowthPerShare,fiveYShareholdersEquityGrowthPerShare,grossProfitGrowth,netIncomeGrowth,operatingIncomeGrowth,threeYNetIncomeGrowthPerShare,threeYRevenueGrowthPerShare,threeYShareholdersEquityGrowthPerShare,Industry,Sector,Symbol
2023Q1,2023,Q1,2023-05-19,2023-03-31,-2771124.0,0.0,-1847406.0,-0.22,-42301.0,0.0,4628073.0,2095247.0,291537.0,2532826.0,2532826.0,0.0,-73891147.0,9052964.34,10840821.34,0.16432466915030397,0.11510344571636583,0.43795700716043157,0.9673785477320812,-0.5762155889352768,0.16432466915030397,-1.3225762881416845,0.0,-0.816723136532324,4.320714617417422,0.0,0.0,0.0,0.0,0.09449405525685539,-0.5987641076534446,-6.736763870026752,0.0,-0.46666666666666673,-37.817087982089404,-1.0,0.0,-1.2056161533675533,-0.4324829800102353,-0.15787151390864038,-31.10319388217434,-1.0,3.877458460253462,Software—Application,Technology,AUUD
2022Q4,2022,Q4,2023-03-23,2022-12-31,-1934490.0,257612.0,-1595519.0,-0.15,205728.0,0.7985963387,6111526.0,3850083.0,1661571.0,2261443.0,2261443.0,0.0,-71735834.0,12018138.24,12132660.24,0.30754178444198027,0.7347392793008711,0.29059125331382046,0.4612773283069482,-0.31109531330749246,0.30754178444198027,-0.5024541029375211,46.65209012002546,-1.5531403935921095,3.121527052793407,0.0,0.0,0.0,0.042151829183087824,0.7347392793008711,-0.3165314194850844,-8.680997761515842,0.7985963386798751,-0.3636363636363636,-28.68333595362994,14.459414471009362,10.749525430232747,7.289068231841526,-0.45195247148431666,-0.20118181934530913,-12.424719642684932,47.93230750134102,7.069319059094958,Software—Application,Technology,AUUD
2022Q3,2022,Q3,2022-11-14,2022-09-30,-1332337.0,0.0,-1328291.0,-0.11,-32712.0,0.0,5202340.0,4767353.0,1011148.0,434987.0,434987.0,0.0,-69972348.0,16644634.790000001,15687504.790000001,0.38093833658695736,2.324547630159062,0.0,0.0,-0.27904602903053866,0.38093833658695736,-0.2794710188232338,0.0,-3.1232028364445332,3.491378714771069,0.0,0.0,0.0,0.0,2.20044507077223,-0.2561034073128631,-12.025088728968276,0.0,0.3125,-15.500279615028651,-1.0,10.134787689326663,0.24855278875310116,0.35084203530682007,0.3515350314055816,-15.500279615028651,-1.0,10.134787689326663,Software—Application,Technology,AUUD
2022Q2,2022,Q2,2022-08-12,2022-06-30,-2052408.0,0.0,-2048362.0,-0.16,-43532.0,0.0,6469708.0,6143326.0,2391420.0,326382.0,326382.0,0.0,-68642033.0,10941657.2909,8600368.2909,0.49088632361635615,7.327058477489567,0.0,0.0,-0.33375780546551576,0.49088632361635615,-0.3340874308151643,0.0,-1.3327829177848654,1.781064083348336,0.0,0.0,0.0,0.0,7.173618643184979,-0.3172334825621187,-5.415964920802272,0.0,-0.14285714285714277,-30.811095626893202,-1.0,0.0,0.17179711578707052,-0.16995122752053848,-0.16899091909364428,-30.811095626893202,-1.0,0.0,Software—Application,Technology,AUUD
2022Q1,2022,Q1,2022-05-12,2022-03-31,-1754268.0,0.0,-1752248.0,-0.14,-52562.0,0.0,8184393.0,7915053.0,4452502.0,269340.0,269340.0,0.0,-66591647.0,25427661.6,21066111.6,0.6350056239540328,16.531157644612758,0.0,0.0,-0.221509245505863,0.6350056239540328,-0.2216369239725874,0.0,-3.623685434608623,3.212569972683695,0.0,0.0,0.0,0.0,16.193680849483922,-0.21434307956619386,-13.418156546187664,0.0,-0.2727272727272728,-24.137329562134767,-1.0,0.0,-0.39588368078608416,-0.27245533305093106,-0.27099012946016676,-24.137329562134767,-1.0,0.0,Software—Application,Technology,AUUD
2021Q4,2021,Q4,2022-02-17,2021-12-31,-1378648.0,0.0,-1378648.0,-0.11,-37655.0,0.0,9634133.0,9410937.0,6345378.0,223196.0,223196.0,0.0,-64838389.0,22031036.86,15685745.86,0.7603576702472096,28.42962239466657,0.0,0.0,-0.14649423325222558,0.7603576702472096,-0.14649423325222558,0.0,-3.995043850932218,2.341003543005335,0.0,0.0,0.0,0.0,28.42962239466657,-0.14310037031874068,-12.685632720136903,0.0,0.35294117647058826,-20.39688935407275,-1.0,25.104452848898095,-0.031615572176104764,0.32729287504702587,0.32818615602925355,-20.39688935407275,-1.0,25.104452848898095,Software—Application,Technology,AUUD
2021Q3,2021,Q3,2021-11-12,2021-09-30,-2049403.0,0.0,-2052128.0,-0.17,-36501.0,0.0,10944844.0,10319647.0,8081983.0,625197.0,625197.0,0.0,-63459741.0,29952308.54,22137807.54,0.8337769927366006,12.927098178654088,0.024439087482653932,0.025919685043490345,-0.1938323411379988,0.8337769927366006,-0.19859235495167615,0.0,-3.6537846070294617,2.902454758384662,0.0,0.0,0.0,0.0,12.927098178654088,-0.18724826045944556,-18.974799063179628,0.0,-1.4285714285714286,-24.663286801074772,-1.0,20.993723596142974,0.5200899313681664,-1.7197689248209407,-1.0450969566629926,-24.663286801074772,-1.0,20.993723596142974,Software—Application,Technology,AUUD
2021Q2,2021,Q2,2021-08-13,2021-06-30,-753521.0,0.0,-1003438.0,-0.07,-76058.0,0.0,9222651.0,6556155.0,6583211.0,2666496.0,2666496.0,0.0,-61410339.0,63685915.559999995,61370186.559999995,0.5806105459089046,2.4688621321764592,0.24586011115459103,0.34585545948806884,-0.11372158668811964,0.5806105459089046,-0.11493337177049658,0.0,-21.129442829065148,9.71391243190559,0.0,0.0,0.0,0.0,1.7188141291042627,-0.08170329767438884,-40.321934893215044,0.0,0.9593023255813953,-11.94400361132671,-1.0,0.0,-0.3251907864933617,0.9189457148272393,-0.1563809436006177,-11.94400361132671,-1.0,0.0,Software—Application,Technology,AUUD
2021Q1,2021,Q1,2021-05-14,2021-03-31,-9296498.0,0.0,-867740.0,-1.72,-57394.0,0.0,10446853.0,7293856.0,8162647.0,3152997.0,3152997.0,0.0,-60656818.0,16928138.63,13301635.629999999,1.3486284451582378,2.588853398845606,0.2427663144106651,0.3477096339713863,-0.08827466937945067,1.3486284451582378,-1.2745656069985478,0.0,-0.4552289106607671,2.320876451358513,0.0,0.0,0.0,0.0,1.9545362713634045,-0.8898850208766219,-7.9490802048486735,0.0,-15.252480393083246,-306.0110196435514,-1.0,0.0,0.33711394978170983,-15.242311260511249,-2.0662515857058557,-306.0110196435514,-1.0,0.0,Software—Application,Technology,AUUD
2020Q4,2020,Q4,2021-03-31,2020-12-31,-572363.0,5.0,-282997.0,-0.10583,-86582.0,-17316.4,2311768.0,-13103250.0,118042.0,15415018.0,15415018.0,0.0,-51360320.0,18063892.34,29847376.34,-2.4227809918402117,0.007657597285971382,5.148180094196303,-0.908278327895751,0.2354674286018578,-2.4227809918402117,0.04368099517295328,3612778.468,-7.890050693353693,-1.378581065002957,0.0,0.0,0.0,2.1628467908544457e-06,0.007657597285971382,-0.2475866955507646,-25.263619751166406,-17316.4,-0.18297358625546323,-19.329133248556808,-0.9993054587430465,-75.80570929472157,0.11093997083769741,0.3822309767943875,0.4175434480146871,-19.329133248556808,-0.9993054587430465,-75.80570929472157,Software—Application,Technology,AUUD
2020Q3,2020,Q3,2020-09-30,2020-09-30,-926500.0,1040.0,-485868.0,-0.089461,-97386.0,-93.64038461538462,1883815.0,-12548147.0,63108.0,14431962.0,14431962.0,0.0,-54528791.0,34616307.76,45760498.76,-1.210724473290851,0.0043727942188317845,5.949177068873536,-0.8931317906938769,0.36231821374826806,-1.210724473290851,0.07383560297787395,33284.9113076923,-9.340611915812195,-2.7586788519452314,0.0,0.0,0.0,0.0005520711959507702,0.0043727942188317845,-0.4918211183157582,-62.4221132734171,-93.64038461538462,-11.349668691330757,-12.85514233707586,-0.8457699402519172,-28.03281174815325,0.5138041557248555,0.2977693090701829,0.4255609691503914,-12.85514233707586,-0.8457699402519172,-28.03281174815325,Software—Application,Technology,AUUD
2020Q2,2020,Q2,2020-06-30,2020-06-30,-1319367.0,45103.0,-845813.0,-0.007244,-200302.0,-4.440990621466422,2187073.0,-11638911.0,564173.0,13825984.0,13825984.0,0.0,-53085447.0,608318628.84,618923338.84,-0.0639039491756624,0.04080526926691077,5.086093605471788,-0.9557301366081414,1.6415489089825774,-0.0639039491756624,0.11335828583962881,13487.32077334102,-115.26713735450409,-52.26594041659052,0.0,0.0,0.0,0.020622539805484317,0.04080526926691077,-0.603256955757764,-739.9722763273295,-4.440990621466422,-0.0700147710487444,-0.40513653403765865,-0.5909729842476126,0.0,-0.3319811941826984,-0.07005403932388801,-0.016061159743069497,-0.40513653403765865,-0.5909729842476126,0.0,Software—Application,Technology,AUUD
2020Q1,2020,Q1,2020-03-31,2020-03-31,-1232991.0,64776.0,-832443.0,-0.00677,-150379.0,-2.3215234037297763,1723273.0,-10401078.0,95385.0,12124351.0,12124351.0,0.0,-51265002.0,608318628.84,617994829.84,-0.05710757302672908,0.00786722522302431,5.664216871035523,-0.9384596481249348,1.3005174304702805,-0.05710757302672908,0.11854453932563529,9391.111350500185,-123.34206592748852,-58.486113539385045,0.0,0.0,0.0,0.037588936866068234,0.00786722522302431,-0.7154937145768546,-789.0056587210796,-2.3215234037297763,0.41181581233709813,-0.20913477096878597,-0.5779102727006158,0.0,0.19711369048254654,0.41186103219380776,0.48662702888714704,-0.20913477096878597,-0.5779102727006158,0.0,Software—Application,Technology,AUUD
2019Q4,2019,Q4,2019-12-31,2019-12-31,-2096428.0,76593.0,-1621517.0,-0.01151,-187298.0,-2.4453670700977894,1860639.0,-9228876.0,306719.0,11089515.0,11089515.0,0.0,-49540827.0,608318628.84,617204566.84,-0.05067154674973376,0.02765846838207081,4.931729905693689,-0.9942889036541395,30.76473713169029,-0.05067154674973376,0.227159623772169,7942.222250597313,-72.5422753416764,-65.91470389676923,0.0,0.0,0.0,0.041164890126456556,0.02765846838207081,-1.1267247434886616,-376.8270122986921,-2.4453670700977894,-0.7844961240310077,-1.2110954078511613,-0.6840652881414658,-0.6063623176347847,-1.1039518321313833,-0.7840012185916927,-0.9027780385456662,-1.2110954078511613,-0.6840652881414658,-0.6063623176347847,Software—Application,Technology,AUUD
2019Q3,2019,Q3,2019-09-30,2019-09-30,-1175127.0,118499.0,-852184.0,-0.00645,-89022.0,-0.7512468459649448,1717807.0,-7595229.0,106938.0,9313036.0,9313036.0,0.0,-47215177.0,608318628.84,615751045.84,-0.04170193654659935,0.01148261426241668,4.376219214382058,-0.9897660755192503,10.963527126297778,-0.04170193654659935,0.15471910063541205,5133.533859695019,-129.41550760896482,-80.09220378213743,0.0,0.0,0.0,0.06898272041038371,0.01148261426241668,-0.6840855812090648,-1027.9455218062087,-0.7512468459649448,-0.2500000000000001,0.0,0.0,0.0,0.41914014837627805,-0.2515197665502258,-0.3297112247397715,0.0,0.0,0.0,Software—Application,Technology,AUUD
2019Q2,2019,Q2,2019-06-30,2019-06-30,-938960.0,110269.0,-640879.0,-0.00516,-153259.0,-1.3898647852070845,,,,,,,,608318628.84,,,0.0,0.0,0.0,0.0,,0.0,5516.678566414858,-161.9660658707506,0.0,0.0,0.0,0.0,0.0,0.0,0.0,-944.2012157052656,-1.3898647852070845,0.07840685836756567,0.0,0.0,0.0,-0.24604865198868256,0.07920724113245663,0.06833274214838549,0.0,0.0,0.0,Software—Application,Technology,AUUD
2019Q1,2019,Q1,2019-03-31,2019-03-31,-1019730.0,153465.0,-687884.0,-0.005599,-122996.0,-0.8014596161991333,,,,,,,,608318628.84,,,0.0,0.0,0.0,0.0,,0.0,3963.8916289707754,-149.13718063605072,0.0,0.0,0.0,0.0,0.0,0.0,0.0,-812.974353723223,-0.8014596161991333,-0.07466410748560452,0.0,0.0,0.0,-0.6127238874465686,-0.07550572700234143,-0.2722053922493351,0.0,0.0,0.0,Software—Application,Technology,AUUD
2018Q4,2018,Q4,2018-12-31,2018-12-31,-948140.0,242433.0,-540702.0,-0.00521,-76266.0,-0.31458588558488326,1704949.0,-5745202.0,359099.0,6574611.0,7450151.0,0.0,-42055440.0,608318628.84,614046929.84,-0.031544282503054966,0.05461904894449269,3.51916684897906,-1.0443497025866106,-2.122081021044121,-0.031544282503054966,0.1650316211684115,2509.2236982589006,-160.39789188305525,-105.88289651782479,0.0,0.0,0.0,0.14219369611642343,0.05461904894449269,-0.5561104760318344,-439.3581716383954,-0.31458588558488326,0.0,0.0,0.0,0.0,0.0,0.0,0.0,0.0,0.0,0.0,Software—Application,Technology,AUUD
