Quarters,Year,Quarter,FillingDate,Date,NetIncome,Revenue,OperatingIncome,EPSDiluted,GrossProfit,GrossProfitRatio,TotalAssets,CommonStockEquity,CurrentAssets,CurrentLiability,TotalLiability,Inventory,RetainedEarnings,MarketCap,EnterpriseValue,bookValuePerShare,currentRatio,debtToAssets,debtToEquity,roic,shareholdersEquityPerShare,roe,priceToSalesRatio,peRatio,pbRatio,payoutRatio,inventoryTurnover,dividendYield,assetTurnover,quickRatio,returnOnAssets,priceToFreeCashFlowsRatio,grossProfitMargin,epsdilutedGrowth,fiveYNetIncomeGrowthPerShare,fiveYRevenueGrowthPerShare,fiveYShareholdersEquityGrowthPerShare,grossProfitGrowth,netIncomeGrowth,operatingIncomeGrowth,threeYNetIncomeGrowthPerShare,threeYRevenueGrowthPerShare,threeYShareholdersEquityGrowthPerShare,Industry,Sector,Symbol
2023Q4,2023,Q4,2023-06-20,2023-04-29,34373000.0,561287000.0,54073000.0,0.8,260076000.0,0.463356536,1866263000.0,941836000.0,854600000.0,475861000.0,914166000.0,276257000.0,545155000.0,1242888530.0,1345428530.0,21.7710177758258,1.7959025849985606,0.23893416951415744,0.4734518536135803,0.02218706886530418,21.7710177758258,0.03649573811151836,2.214354741870024,9.039715256160358,1.319644322366102,0.22814418293427982,1.0903289328415207,0.006309495832260999,0.3007545024468684,0.985392793273666,0.0184180900548315,18.62228476821192,0.46335653596110365,0.08108108108108115,0.0866815435221471,0.4452659474852059,0.6639235449896967,0.055387599573098724,0.08343314631532497,0.26220821661998134,14.912452213471063,0.6236367982653,0.42794896206296,"Furnishings, Fixtures & Appliances",Consumer Cyclical,LZB
2023Q3,2023,Q3,2023-02-21,2023-01-28,31726000.0,572723000.0,42840000.0,0.74,246427000.0,0.430272575,1846355000.0,906098000.0,848994000.0,509384000.0,929851000.0,303553000.0,518732000.0,1187992980.0,1334515980.0,21.005123212091707,1.6667072385469508,0.23142136804677324,0.47156709318418094,0.017600229091412702,21.005123212091707,0.03501387267160947,2.074288931996794,9.361351730441909,1.311108710095376,0.2479354472672256,1.0749226658936002,0.006621251246787671,0.3101911604214791,0.821297881362587,0.017183044430783896,15.018684719535784,0.43027257504936944,-0.30841121495327106,1.868876331425366,0.5161039580708439,0.6819652671140007,-0.054879264850270004,-0.3114569090869631,-0.30772586978653266,-0.014129984715493087,0.29075418107443185,0.36117536568690806,"Furnishings, Fixtures & Appliances",Consumer Cyclical,LZB
2023Q2,2023,Q2,2022-11-30,2022-10-29,46077000.0,611332000.0,61883000.0,1.07,260736000.0,0.426504747,1857540000.0,874658000.0,857313000.0,550722000.0,973754000.0,342728000.0,495003000.0,1092255360.0,1318173360.0,20.291805864884928,1.556707376861647,0.23178181896486752,0.49224268228267504,0.026436868610665933,20.291805864884928,0.05268001893311443,1.7866811487047953,5.926250406927534,1.2487799345572785,0.15330859213924516,1.0229569804626408,0.0064673521034495085,0.3291083906672265,0.6621507766168775,0.024805387770922834,-50.583770666419674,0.42650474701144386,0.202247191011236,1.239352175285867,0.7300390976343145,0.6433147658870718,0.07983102791352605,0.19717834130118478,0.1755219117451513,1.2025294983407855,0.47630170659209314,0.3587531840757226,"Furnishings, Fixtures & Appliances",Consumer Cyclical,LZB
2023Q1,2023,Q1,2022-08-23,2022-07-30,38488000.0,604091000.0,52643000.0,0.89,241460000.0,0.399707991,1918985000.0,835262000.0,919826000.0,639062000.0,1074893000.0,331846000.0,456067000.0,1200974040.0,1397572040.0,19.38322658498097,1.4393376542495095,0.22656143742655624,0.5205169156504187,0.022686275357864313,19.38322658498097,0.04607895486685615,1.9880680890792943,7.800964196632718,1.4378411085383989,0.18439513614633132,1.0927689349879162,0.0059093700310124935,0.3147971453659096,0.6168368640288423,0.020056436084701028,99.21305576208178,0.3997079910145988,-0.33082706766917297,2.707019243241569,0.8984569546298035,0.5851440322028385,-0.10974939810564582,-0.33027075937913275,-0.3318144316811576,1.3143337258333088,0.5867990938825619,0.3282147756855818,"Furnishings, Fixtures & Appliances",Consumer Cyclical,LZB
2022Q4,2022,Q4,2022-06-21,2022-04-30,57468000.0,684566000.0,78785000.0,1.33,271227000.0,0.3962028497,1932089000.0,810725000.0,951776000.0,675689000.0,1112467000.0,303191000.0,431181000.0,1132457760.0,1316982760.0,18.813816949781863,1.4086007023941487,0.2226160389091807,0.5305300811002498,0.034954356784675664,18.813816949781863,0.07088470196429122,1.654271114837722,4.926471079557318,1.3968457368404823,0.12347741351708777,1.3632957442668152,0.006266017374458186,0.3543139058293899,0.6354047498183336,0.029743971421606355,71.59750648036922,0.3962028496887079,1.0151515151515151,1.3089199386810224,0.8658160773561561,0.5458789006453877,0.23641875413124244,0.9760676707241592,1.0288156979888239,39.92390316250196,0.6414730871311993,0.29252853147262997,"Furnishings, Fixtures & Appliances",Consumer Cyclical,LZB
2022Q3,2022,Q3,2022-02-15,2022-01-22,29082000.0,571573000.0,38833000.0,0.66,219365000.0,0.3837917466,1929564000.0,775387000.0,962304000.0,713470000.0,1145081000.0,315595000.0,395577000.0,1429896720.0,1604884720.0,17.743003592595134,1.348765890647119,0.21336426260025582,0.5309606686725468,0.018265297130151594,17.743003592595134,0.037506432271884875,2.5016869586212085,12.291939343924076,1.8441071619720217,0.248366687297985,1.1160126110996689,0.0050514137832276445,0.296218731278154,0.5602618189972949,0.015071798603207771,318.6754446177847,0.38379174663603777,-0.2584269662921348,0.397884151986154,0.640430409067354,0.5062545497161475,-0.01760003582704494,-0.2640449438202247,-0.2823720732541164,0.08446006134068952,0.30964610468574255,0.2639193567952313,"Furnishings, Fixtures & Appliances",Consumer Cyclical,LZB
2022Q2,2022,Q2,2021-11-16,2021-10-23,39516000.0,575889000.0,54113000.0,0.89,223295000.0,0.3877396512,1852094000.0,777302000.0,965168000.0,680540000.0,1066412000.0,285770000.0,398335000.0,1500108900.0,1568878900.0,17.56574992655533,1.4182384576953595,0.1955143745403851,0.4658562566415627,0.026440710094468006,17.56574992655533,0.05083738366812384,2.6048577069539443,9.490515866990586,1.9298919853544698,0.16755238384451868,1.2338384015117052,0.004413679566863446,0.3109394015638515,0.6867179004907867,0.021335850124237755,-319.1721063829787,0.3877396512175089,0.648148148148148,1.106920278350044,0.6986723808301685,0.5370429885674968,0.10497223899209232,0.6085646828950582,0.5743795641674667,1.0922862521668035,0.38894029019648496,0.29537114679677634,"Furnishings, Fixtures & Appliances",Consumer Cyclical,LZB
2022Q1,2022,Q1,2021-08-17,2021-07-24,24566000.0,524783000.0,34371000.0,0.54,202082000.0,0.38507726050577096,1809507000.0,755531000.0,937255000.0,652337000.0,1045058000.0,264454000.0,379862000.0,1495038240.0,1523855240.0,16.76275736599219,1.436765046287425,0.19993125199294615,0.4788380622370227,0.017226020917770715,16.76275736599219,0.03251488026302031,2.848869418407227,15.214506228120165,1.9787913930732162,0.275869087356509,1.2202538059549108,0.004532994420263123,0.2900143519754276,0.7274721501309905,0.013576073482998408,-113.43233990895295,0.38507726050577096,-0.3333333333333333,0.9385877504808122,0.6777247905698254,0.5021153910644226,-0.09008960331397181,-0.34483678259014294,-0.3133764832793959,0.39114047948167757,0.41391087992602354,0.2749552238890852,"Furnishings, Fixtures & Appliances",Consumer Cyclical,LZB
2021Q4,2021,Q4,2021-06-15,2021-04-24,37496000.0,519470000.0,50058000.0,0.81,222090000.0,0.4275319075211273,1786322000.0,773498000.0,926160000.0,611670000.0,1004176000.0,226137000.0,399010000.0,1976839580.0,1948263580.0,16.911126172413038,1.514149786649664,0.20300763244252715,0.4688273272846213,0.024644522065013292,16.911126172413038,0.04847588487623756,3.805493252738368,13.180336435886494,2.555713886784452,0.18247279709835715,1.3150435355558798,0.0034610800336160813,0.2908042335032542,0.8673860087955924,0.020990616473401773,40.469202014412055,0.4275319075211273,0.3064516129032259,0.7898220596393413,0.35066153141222745,0.5330423512574188,0.10354182815574503,0.282703886152162,0.454582437380136,0.12119120473338299,0.26512415278403645,0.2924899194108625,"Furnishings, Fixtures & Appliances",Consumer Cyclical,LZB
2021Q3,2021,Q3,2021-02-16,2021-01-23,29232000.0,470196000.0,34414000.0,0.62,201252000.0,0.4280172523798586,1740172000.0,779426000.0,888197000.0,550847000.0,952154000.0,212114000.0,401117000.0,2043810980.0,2009308980.0,16.848446855882926,1.612420508780115,0.20447518980882348,0.4565180017089499,0.016683756180296775,16.848446855882926,0.03750452255890874,4.346721324724157,17.479226361521622,2.6222001575518394,0.22181171319102352,1.2679219664897179,0.0031725047293757074,0.2702008766949474,0.9432383220749138,0.01679833947448873,47.70689246282767,0.4280172523798586,-0.17333333333333334,0.4433789688555185,0.3243927626520414,0.5563533154042984,0.0034753558874124307,-0.16324602833834265,-0.2821293727445295,1.464846960558174,0.16064180536991352,0.3491233605379647,"Furnishings, Fixtures & Appliances",Consumer Cyclical,LZB
2021Q2,2021,Q2,2020-11-17,2020-10-31,34935000.0,459120000.0,47939000.0,0.75,200555000.0,0.43682479526049833,1650343000.0,746776000.0,796402000.0,490312000.0,895694000.0,188652000.0,378438000.0,1575367289.9999998,1584777289.9999998,16.226147795667384,1.6242759712183263,0.2183540027739688,0.4825530011676862,0.024175343328038335,16.226147795667384,0.046781096339464576,3.4312756795608985,11.273560111635893,2.1095580066847353,0.09205667668527265,1.3705924135445158,0.0020414287007317513,0.2781967142587935,0.9774857641664899,0.021168326826605136,18.80406896798682,0.43682479526049833,6.5,0.8293277069070427,0.31554983235722744,0.5341302841602487,0.7235289567989825,6.281158816173406,10.084161849710982,0.590162841740191,0.2168797096501073,0.31406087972828056,"Furnishings, Fixtures & Appliances",Consumer Cyclical,LZB
2021Q1,2021,Q1,2020-08-18,2020-07-25,4798000.0,285458000.0,4325000.0,0.1,116363000.0,0.4076361496262147,1503747000.0,707574000.0,703952000.0,424546000.0,788748000.0,180401000.0,346750000.0,1262497500.0,1304917500.0,15.412533490165327,1.6581289188921813,0.2504570250181713,0.5322750694626993,0.002458671510217254,15.412533490165327,0.006780916200990992,4.422708419452249,65.78248749478949,1.7842621407796218,0.0,0.937328507048187,0.0,0.18983113515770939,1.016563576149581,0.0031906963072910535,13.084231526583066,0.4076361496262147,1.0,-0.6134480204557421,-0.07879519462264407,0.48833780985814196,-0.32231255751109456,1.090631808278867,-0.6778638462684344,-0.5662309528790427,-0.15794700312764878,0.2604240772788726,"Furnishings, Fixtures & Appliances",Consumer Cyclical,LZB
2020Q4,2020,Q4,2020-06-23,2020-04-25,2295000.0,367281000.0,13426000.0,0.05,171706000.0,0.4675058061810984,1434889000.0,700753000.0,626326000.0,350169000.0,718583000.0,181643000.0,343633000.0,968419340.0,1116404340.0,15.246355685131196,1.788639199929177,0.28541441184649124,0.5844256107358798,0.0022368134260357777,15.246355685131196,0.0032750484122080104,2.636725940084023,105.49230283224401,1.3819695955636293,2.810457516339869,1.076699900353991,0.006660337865619247,0.2559647470989045,1.0306566258006848,0.0015994268546208105,28.556833569238027,0.4675058061810984,-0.9324324324324323,-0.8746511369773757,0.08155960528783779,0.4761284297759647,-0.13991324296977528,-0.9335013908205841,-0.7433525127597347,-0.9135503551103278,-0.06146666946219146,0.25275055180402617,"Furnishings, Fixtures & Appliances",Consumer Cyclical,LZB
2020Q3,2020,Q3,2020-02-18,2020-01-25,34512000.0,475856000.0,52313000.0,0.74,199638000.0,0.41953448101946805,1442633000.0,713897000.0,603298000.0,328522000.0,713151000.0,198567000.0,353419000.0,1506290720.0,1673101720.0,15.431606934417015,1.836400606352086,0.23088547121825162,0.4665701074524756,0.02806229039156034,15.431606934417015,0.048343108319547495,3.165433912780337,10.911354891052389,2.10995524564468,0.18805053314789058,1.3910569228522363,0.0043085972142217,0.3298524295506896,0.9740382683655889,0.023922924264175294,28.132881102685744,0.41953448101946805,0.5416666666666667,1.1437657091256197,0.48240280473811803,0.5239371493635274,0.09457258935571772,0.5275527818350817,0.7672713759670281,0.5670541705086933,0.2901155985929957,0.3100334468791689,"Furnishings, Fixtures & Appliances",Consumer Cyclical,LZB
2020Q2,2020,Q2,2019-11-20,2019-10-26,22593000.0,447212000.0,29601000.0,0.48,182389000.0,0.40783565736160926,1392328000.0,695199000.0,561589000.0,317606000.0,681586000.0,205124000.0,336989000.0,1678163549.9999998,1877074549.9999998,14.934136753238384,1.768193925807447,0.22730276199286376,0.45523655816535985,0.01637004049335607,14.934136753238384,0.03249860831215235,3.752501162759496,18.569507701500463,2.41393262936224,0.267295179922985,1.2910385912911215,0.0035985765511353175,0.32119730408352054,0.8584692984389464,0.01622677989669101,70.77275430161943,0.40783565736160926,0.26315789473684204,0.29924828968189127,0.3737393240817644,0.4907987392235533,0.08751311772562488,0.25037356798937405,0.263811800870976,0.1450991789690895,0.25394464579442666,0.306770862778337,"Furnishings, Fixtures & Appliances",Consumer Cyclical,LZB
2020Q1,2020,Q1,2019-08-20,2019-07-27,18069000.0,413633000.0,23422000.0,0.38,167712000.0,0.40546087957198773,1362150000.0,683265000.0,531303000.0,295850000.0,664012000.0,197701000.0,329096000.0,1483257600.0,1698057600.0,14.593442973088424,1.7958526280209566,0.239637338031788,0.47773850555787284,0.013667797852856182,14.593442973088424,0.026445083532743517,3.5859266547881816,20.522131827992695,2.170837961844965,0.3382588964524877,1.2439036727178923,0.004120659823350981,0.3036618580919869,0.8315058306574278,0.013265058914216496,210.66007669365146,0.40546087957198773,11.666666666666666,0.5397754147171139,0.4101269058176221,0.46700665314889883,-0.11624941377329757,10.825261780104713,-0.3698851255010627,0.3726523402988987,0.27300926382689333,0.30772251962376107,"Furnishings, Fixtures & Appliances",Consumer Cyclical,LZB
2019Q4,2019,Q4,2019-06-18,2019-04-27,1528000.0,453791000.0,37171000.0,0.03,189773000.0,0.41819471959558474,1059790000.0,682508000.0,541118000.0,238636000.0,362814000.0,196899000.0,325847000.0,1521548050.0000002,1391928050.0000002,14.555823327432874,2.267545550545601,0.0001877730493777069,0.0002915716738851413,0.020258060037449965,14.555823327432874,0.0022388015964648032,3.3529709712180282,248.944379908377,2.2293483006792596,4.009816753926701,1.3408803498240214,0.004026819921986689,0.4281895469857236,1.1444501248763808,0.0014417950726087244,32.63023911644864,0.41819471959558474,-0.9508196721311475,-0.8615952233219311,0.4812508330372259,0.4497922005635104,-0.0005108758624321905,-0.946817026904737,-0.08990524692113704,-0.9288517921927771,0.15095311362478786,0.3195273567751526,"Furnishings, Fixtures & Appliances",Consumer Cyclical,LZB
2019Q3,2019,Q3,2019-02-19,2019-01-26,28731000.0,467582000.0,40843000.0,0.61,189870000.0,0.4060678127045096,1061456000.0,657263000.0,547405000.0,268903000.0,389670000.0,219211000.0,330491000.0,1357780000.0,1276453000.0,14.03808201623238,2.035696886981551,0.019079453128532882,0.030812627517447354,0.044073573673559796,14.03808201623238,0.04371309506240272,2.9038329105910834,11.814590511990533,2.0658092726960136,0.21241864188507187,1.26687073185196,0.004494837160659311,0.44051001643026183,0.9338125643819518,0.027067537420298157,37.17500821377724,0.4060678127045096,0.4523809523809524,0.9551258318182819,0.4968728240307609,0.44006484215756536,0.08867291648748603,0.43568858684789125,0.43308771929824563,0.40170361124751386,0.3013054837832773,0.29674952681184624,"Furnishings, Fixtures & Appliances",Consumer Cyclical,LZB
2019Q2,2019,Q2,2018-11-28,2018-10-27,20012000.0,439333000.0,28500000.0,0.42,174405000.0,0.39697678071075926,1052135000.0,635820000.0,537416000.0,286382000.0,402904000.0,214948000.0,309543000.0,1289888880.0,1231327880.0,13.560399249274868,1.8765704548470226,0.0335565302931658,0.05552829417130634,0.03273999851275789,13.560399249274868,0.03147431663049291,2.936016370270387,16.11394263441935,2.0287013305652546,0.2824805116929842,1.2325213540018982,0.004382548053286575,0.4175633355035238,0.853314803304677,0.01902037286089713,448.3451094890511,0.39697678071075926,0.07692307692307684,0.3391673129767794,0.3435021524984245,0.41655289009966406,0.17427047844763738,0.09337267114680653,0.23056994818652848,0.028571472894487894,0.23562911833080663,0.2820923003777452,"Furnishings, Fixtures & Appliances",Consumer Cyclical,LZB
2019Q1,2019,Q1,2018-08-21,2018-07-28,18303000.0,384695000.0,23160000.0,0.39,148522000.0,0.3860772820026255,906582000.0,614209000.0,525912000.0,190814000.0,279918000.0,195015000.0,296321000.0,1443524400.0,1309640400.0,13.147722407740389,2.756149968031696,0.000400405037823385,0.0005910040393416573,0.0290901807935138,13.147722407740389,0.02979930284316902,3.7523866959539376,19.717046385838387,2.350216945697637,0.3073266677593837,1.21105043201805,0.0038967127954331773,0.42433558133737487,1.4318970306162022,0.02018901765091299,88.66312880044224,0.3860772820026255,-0.4583333333333333,1.138437851473742,0.3515660657266039,0.41076275634893383,-0.10633356198178033,-0.4649809997076878,-0.49329424377010084,0.44911256090926577,0.22000806311663343,0.2696324316469818,"Furnishings, Fixtures & Appliances",Consumer Cyclical,LZB
2018Q4,2018,Q4,2018-06-19,2018-04-28,34210000.0,420025000.0,45707000.0,0.72,166194000.0,0.3956764478304863,892967000.0,612181000.0,518218000.0,181347000.0,267751000.0,184841000.0,291644000.0,1370888400.0,1236795400.0,13.084145507395059,2.8576044820151423,0.00047258185352874185,0.0006893386106396638,0.05722810902944285,13.084145507395059,0.05588216556867985,3.2638257246592466,10.018184741303713,2.2393514336446247,0.16562408652440808,1.3732397033125767,0.004133086252681108,0.47037012565973885,1.5912587470429618,0.03831048627776838,110.99412193344668,0.3956764478304863,1.88,1.2005401051370497,0.37578662689418774,0.4869941865104072,0.022744895321788576,1.8251713601453465,0.3810847560054389,0.8355035150367288,0.21504279383196503,0.2667866053805181,"Furnishings, Fixtures & Appliances",Consumer Cyclical,LZB
2018Q3,2018,Q3,2018-02-20,2018-01-27,12109000.0,413638000.0,33095000.0,0.25,162498000.0,0.39285075355745847,893502000.0,589879000.0,513679000.0,198069000.0,290664000.0,186319000.0,271912000.0,1518573100.0,1383787100.0,12.488440530126605,2.5934346111708546,0.0005372120040022294,0.0008137262048657437,0.02128314587436323,12.488440530126605,0.020527938780665188,3.67126110270333,31.35215748616731,2.574380678071265,0.4703113386737138,1.3479033270895615,0.003750231055719346,0.4629402060655712,1.4225547662683207,0.013552291992631242,47.14601366035393,0.39285075355745847,-0.4680851063829787,-0.21229998733897312,0.31505611970590053,0.38721351456121467,0.04869895193350199,-0.4711303284416492,-0.034258367620881844,-0.26330936287796597,0.2620622801400147,0.233286885958132,"Furnishings, Fixtures & Appliances",Consumer Cyclical,LZB
2018Q2,2018,Q2,2017-11-29,2017-10-28,22896000.0,393205000.0,34269000.0,0.47,154952000.0,0.3940743378136087,881543000.0,592264000.0,496115000.0,186921000.0,277185000.0,180050000.0,279344000.0,1328602800.0,1206809800.0,12.348094404136436,2.654142659198271,0.0006261747867092132,0.0009320168033174395,0.03993636996585039,12.348094404136436,0.038658436102819015,3.37890616853804,14.506931341719076,2.2432611132873177,0.2319619147449336,1.3232602054984726,0.003997432490733875,0.4460417699420221,1.4311500580459124,0.025972641153069107,54.250828909759086,0.3940743378136087,0.9583333333333333,2.775881011831543,0.33154101230090055,0.4115774605519857,0.11393715448264954,0.9651532057334135,1.102650631979384,0.27788416456999415,0.17225888786431084,0.2326473149181674,"Furnishings, Fixtures & Appliances",Consumer Cyclical,LZB
2018Q1,2018,Q1,2017-08-22,2017-07-29,11651000.0,357079000.0,16298000.0,0.24,139103000.0,0.3895580529798728,868521000.0,591312000.0,488885000.0,174506000.0,265525000.0,178508000.0,280251000.0,1595781000.0,1476601000.0,12.228053849494385,2.8015369099056766,0.0005158194217526116,0.0007576372541061233,0.01772629425143877,12.228053849494385,0.019703642070514383,4.468985854670815,34.24128830143336,2.698712354898937,0.45807226847480903,1.2210993344836085,0.0033444438804572808,0.4111345609375018,1.4585859511993857,0.013414759113481424,154.0031847133758,0.3895580529798728,-0.5789473684210527,1.8593076591381237,0.2782872680776264,0.4292181958312946,-0.17299048751486326,-0.5838482694574418,-0.6188761312349461,-0.03870092420327733,0.1786351494322662,0.2292257821099291,"Furnishings, Fixtures & Appliances",Consumer Cyclical,LZB
2017Q4,2017,Q4,2017-06-20,2017-04-29,27997000.0,412706000.0,42763000.0,0.57,168200000.0,0.40755404573715914,888855000.0,589919000.0,517422000.0,198676000.0,287750000.0,175114000.0,284698000.0,1352368800.0,1211023800.0,12.17030450569401,2.6043508023113007,0.0005793970895140377,0.0008730012086405083,0.048090558448739176,12.17030450569401,0.04745905793846274,3.276833387447723,12.076015287352217,2.292465236752842,0.1923420366467836,1.3962675742659068,0.003981901978217776,0.46431195189316593,1.473283134349393,0.03149782585461071,26.969165420281186,0.40755404573715914,0.21276595744680848,0.5499079899270949,0.367958211120285,0.4486359412892956,0.07739708039483208,0.202310401099373,0.300498753117207,1.4531225977617133,0.3031474040927948,0.21218924920476934,"Furnishings, Fixtures & Appliances",Consumer Cyclical,LZB
2017Q3,2017,Q3,2017-02-21,2017-01-28,23286000.0,389992000.0,32882000.0,0.47,156117000.0,0.4003082114504913,864600000.0,576185000.0,498108000.0,190093000.0,277674000.0,193695000.0,272578000.0,1408723200.0,1298990200.0,11.779551866541276,2.620338465908792,0.0006789266712930835,0.0010187700131034302,0.040226739681869864,11.779551866541276,0.040414103109244426,3.612184865330571,15.124143262045864,2.444914740925224,0.2319419393627072,1.2074395312217663,0.003833968234497735,0.45106638908165625,1.3337050811970983,0.026932685634975712,41.96125342547361,0.4003082114504913,0.11904761904761903,0.6489601476602903,0.30511925550289054,0.4208761690247502,0.04992131491519496,0.11774588393414295,-0.008622768933912204,0.5167607963005375,0.19503616390309336,0.20837864316241744,"Furnishings, Fixtures & Appliances",Consumer Cyclical,LZB
2017Q2,2017,Q2,2016-11-30,2016-10-29,20833000.0,376579000.0,33168000.0,0.42,148694000.0,0.39485473167648755,823044000.0,561734000.0,485656000.0,163627000.0,250867000.0,186710000.0,258906000.0,1142807250.0,1037882250.0,11.428274978129513,2.9680676172025398,0.0007848912087324615,0.0011500105031919021,0.0376689309721755,11.428274978129513,0.03708694862693018,3.0347078567843666,13.71390642250276,2.0344277718635513,0.23741179858877742,1.2205291628729045,0.004327938941584419,0.457544189618052,1.5287574789001814,0.02531213398068633,85.847900390625,0.39485473167648755,0.4999999999999998,1.8034286195702856,0.29619596030337086,0.42967072086047603,0.1135541559637837,0.5089816022019412,0.523704520396913,0.32986586492332526,0.09853100022665826,0.19382590818546283,"Furnishings, Fixtures & Appliances",Consumer Cyclical,LZB
2017Q1,2017,Q1,2016-08-23,2016-07-30,13806000.0,340783000.0,21768000.0,0.28,133531000.0,0.391835860356884,798069000.0,547984000.0,470373000.0,151843000.0,239841000.0,176190000.0,248636000.0,1483953100.0,1367508100.0,11.15943386620507,3.0977588693584823,0.0008946594843303022,0.0013029577505912582,0.025476452659959018,11.15943386620507,0.025194166253029286,4.354539692414234,26.871525061567432,2.7080226794942917,0.35658409387222945,1.1762983143197685,0.0033174902899559293,0.42700944404556496,1.6208715581225344,0.017299256079361558,51.45290038486876,0.391835860356884,0.0,-0.6792948432600614,0.28696598530244405,0.42153407742912785,-0.18582630115604118,-0.39228805352583856,-0.3643451598773544,0.5345539335545259,0.13903899853598933,0.19741755964611993,"Furnishings, Fixtures & Appliances",Consumer Cyclical,LZB
2016Q4,2016,Q4,2016-06-21,2016-04-30,22718000.0,417070000.0,34245000.0,0.0,164008000.0,0.3932385450883545,800029000.0,547142000.0,481972000.0,157427000.0,242817000.0,175589000.0,252472000.0,1283152000.0,1171597000.0,11.03108870967742,3.0615586906947345,0.0010037136153814425,0.0014676263200412325,0.04186958276678006,11.03108870967742,0.041521213871353324,3.076586664109142,14.120433136719782,2.345190096903546,0.22026586847433752,1.4412178439423882,0.0038997718119131637,0.5213186022006703,1.6445908262242181,0.02839647062793974,33.95659997882926,0.3932385450883545,-1.0,1.3056728175422783,0.2874615018488439,0.5842176741278031,0.10823704304344889,0.037067470099516116,-0.015495630174793008,0.3784756972097514,0.28865807626966183,0.2536672549919266,"Furnishings, Fixtures & Appliances",Consumer Cyclical,LZB
2016Q3,2016,Q3,2016-02-17,2016-01-23,21906000.0,384014000.0,34784000.0,0.43,147990000.0,0.38537657481237664,787202000.0,541691000.0,480951000.0,155000000.0,235997000.0,183245000.0,249036000.0,1068311300.0000001,971468300.0000001,10.825592549662257,3.1029096774193548,0.00108612528931583,0.0015783906322977491,0.04080727259118028,10.825592549662257,0.0404400294632918,2.781959251485623,12.191994202501599,1.97217841906179,0.2293892084360449,1.2880242298562035,0.004703685152445733,0.4878214232179288,1.5516129032258064,0.02782767320204979,25.36652736554672,0.38537657481237664,0.04878048780487809,1.2683154209394267,0.3634004426763732,0.5648794505711717,0.014978807456483272,0.04553264604810996,0.04162424387614542,0.345149142348018,0.15245956636144625,0.20250468837940955,"Furnishings, Fixtures & Appliances",Consumer Cyclical,LZB
2016Q2,2016,Q2,2015-11-17,2015-10-24,20952000.0,382891000.0,33394000.0,0.41,145806000.0,0.38080289168457865,786024000.0,534053000.0,473912000.0,162307000.0,242653000.0,181625000.0,242392000.0,1439050500.0,1369450500.0,10.576773018042104,2.9198494211586685,0.006317873245600643,0.009298702563228744,0.039468598006063414,10.576773018042104,0.039232061237367825,3.7583816281918354,17.17080111683849,2.694583683641886,0.19363306605574646,1.3053544390915348,0.002819220034321242,0.4871238028355368,1.4011903368308205,0.02665567463588898,112.86670588235295,0.38080289168457865,0.5185185185185184,4.4542864391322095,0.3421272147093914,0.5780028623439452,0.17365896065425976,0.532026908452764,0.6725433236502053,2.2822252990409555,0.2316715038704387,0.20908813206362586,"Furnishings, Fixtures & Appliances",Consumer Cyclical,LZB
2016Q1,2016,Q1,2015-08-18,2015-07-25,13676000.0,341423000.0,19966000.0,0.27,124232000.0,0.36386535177770685,761597000.0,523814000.0,466339000.0,145184000.0,229013000.0,178948000.0,234406000.0,1263563340.0,1177138340.0,10.355534468101931,3.2120550473881417,0.0014364552381377553,0.002088527607127721,0.02433746156311346,10.355534468101931,0.026108504163691693,3.7008735205302514,23.0981891634981,2.4122366717957138,0.2965048259725066,1.213710128081901,0.0032091782593186026,0.4482987721852896,1.5374903570641394,0.01795700350710415,-253.93153938906752,0.36386535177770685,-0.30769230769230765,72.79990642442455,0.3274551917458588,0.5620369766905572,-0.06964622712158883,-0.3234726688102894,-0.32442308993706437,2.208570190721256,0.16845420113458134,0.21035763102902935,"Furnishings, Fixtures & Appliances",Consumer Cyclical,LZB
2015Q4,2015,Q4,2015-06-16,2015-04-25,20215000.0,374938000.0,29554000.0,0.39,133532000.0,0.35614421584368616,774604000.0,524146000.0,476451000.0,154891000.0,241504000.0,156789000.0,235506000.0,1395035030.0,1297563030.0,10.328610558259602,3.076040570465682,0.0010715152516640762,0.0015835282535782015,0.036338497897280574,10.328610558259602,0.03856749836877511,3.7207085704836533,17.252473781845165,2.661539017754595,0.2026712837002226,1.539687095395723,0.0029368438153126518,0.48403829569689805,1.6582629074639585,0.026097205798059395,78.02209340044743,0.35614421584368616,0.14705882352941171,0.5179904733521099,0.23876705588058095,0.5729967351127165,0.030665565495256987,0.12630933808780923,0.09751931075460488,0.06892868519022259,0.1870583642753406,0.22941841523148704,"Furnishings, Fixtures & Appliances",Consumer Cyclical,LZB
2015Q3,2015,Q3,2015-02-17,2015-01-24,17948000.0,357876000.0,26928000.0,0.34,129559000.0,0.3620220411539192,766813000.0,522266000.0,475069000.0,153071000.0,235854000.0,160133000.0,234069000.0,1411119360.0,1313091360.0,10.126143942919187,3.10358591764606,0.0004981657848784515,0.000731428046244634,0.033979805669577694,10.126143942919187,0.03436562977486568,3.943039935620159,19.65566302652106,2.7019169541957546,0.23077780254067307,1.4257960570275958,0.0029352584320011033,0.46670570269413797,1.6168967341952427,0.02340596729580745,191.62403041825095,0.3620220411539192,-0.081081081081081,0.63425293919336,0.1723201234293443,0.5925280487730618,-0.0025867046460602795,-0.0809565261918173,-0.10810810810810811,0.20536020582567854,0.13582806519703625,0.22143836842180417,"Furnishings, Fixtures & Appliances",Consumer Cyclical,LZB
2015Q2,2015,Q2,2014-11-18,2014-10-25,19529000.0,365601000.0,30192000.0,0.37,129895000.0,0.35529169777982006,770726000.0,523707000.0,495429000.0,159412000.0,238800000.0,158326000.0,235400000.0,1141250570.0,1026363570.0,10.017540503835193,3.1078526083356333,0.0005682953475035226,0.0008363455138082936,0.03726778653762491,10.017540503835193,0.03728993502091819,3.1215739836597822,14.609690332326283,2.1791776126727345,0.1615546110911977,1.4887384257797203,0.002764511215096261,0.4743592405083,1.704564273705869,0.025338447126475556,96.58518703452945,0.35529169777982006,0.48,2.258521722919928,0.19831617918775843,0.6256521190644814,0.16491489247215396,0.4929286751777387,0.8308168091686374,1.4708162681933337,0.18316332351423348,0.2531886378981011,"Furnishings, Fixtures & Appliances",Consumer Cyclical,LZB
2015Q1,2015,Q1,2014-08-19,2014-07-26,13081000.0,326980000.0,16491000.0,0.25,111506000.0,0.341017799253777,755125000.0,519184000.0,483787000.0,151706000.0,228032000.0,161318000.0,231951000.0,1128891330.0,1013165330.0,9.947768772393708,3.1889773641121644,0.0007720576063565635,0.0011229159604302136,0.02052772786114467,9.947768772393708,0.02519530648093932,3.452478224967888,21.57501968503937,2.1743569331874633,0.23843742833116735,1.3357095922339726,0.0027628877263146316,0.4330144015891409,1.6879292842735292,0.01732295977487171,-54.726164921465966,0.341017799253777,0.08695652173913039,5.506579120972442,0.22784499933817162,0.6565670182964531,-0.04510460466032388,0.0687964702998611,-0.26801012028940474,-0.714103316797094,0.16182424061342443,0.2671872492714421,"Furnishings, Fixtures & Appliances",Consumer Cyclical,LZB
2014Q4,2014,Q4,2014-06-17,2014-04-26,12239000.0,339626000.0,22529000.0,0.23,116773000.0,0.34382821103213534,771295000.0,521886000.0,522673000.0,167382000.0,241577000.0,147009000.0,238384000.0,1276133550.0,1134246550.0,10.0399376695331,3.122635647799644,0.010079152594013964,0.014895973450140453,0.0270119757038899,10.0399376695331,0.02345148174122318,3.757467184491176,26.066948892883406,2.445234304043412,0.2564752022224038,1.5159139916603745,0.0024597739006234887,0.4403321686254935,1.8058990811437312,0.01586811790560032,73.37896325685699,0.34382821103213534,-0.2580645161290322,1.2779913337241828,0.18272645575668423,0.6912037299897447,-0.04432477555262749,-0.25747740095856336,-0.11473928248654171,0.18525164156387794,0.0003760275946002314,0.4418746074684557,"Furnishings, Fixtures & Appliances",Consumer Cyclical,LZB
2014Q3,2014,Q3,2014-02-18,2014-01-25,16483000.0,350375000.0,25449000.0,0.31,122189000.0,0.3487377809489832,764201000.0,511938000.0,520075000.0,163882000.0,244879000.0,159586000.0,240628000.0,1427910040.0,1295717040.0,9.748229111128037,3.173472376465994,0.010362456997570012,0.015468670034261962,0.0326891780130908,9.748229111128037,0.032197258261742634,4.075376496610774,21.657314202511678,2.789224554535901,0.19177334223138992,1.4298622686200544,0.0022137248926409957,0.4584853984750085,1.781946766575951,0.021568932780773646,66.04273807871976,0.3487377809489832,0.0,1.2509438233272137,0.19008400197651842,0.5662928054465979,-0.012693923723335488,-0.015587673196368848,0.0012196081517035172,0.6262410660403654,0.18527134981966395,0.40914258000037806,"Furnishings, Fixtures & Appliances",Consumer Cyclical,LZB
2014Q2,2014,Q2,2013-11-19,2013-10-26,16744000.0,366403000.0,25418000.0,0.31,123760000.0,0.3377701601788195,749500000.0,502927000.0,516997000.0,161260000.0,239166000.0,158582000.0,233210000.0,1226738950.0,1098583950.0,9.57281534918248,3.205984125015503,0.010793862575050033,0.01608583353051238,0.0336123445393447,9.57281534918248,0.03329310217983922,3.3480592407813257,18.316097557333972,2.439198830048894,0.12565695174390826,1.5300790758093605,0.0017151163252784954,0.48886324216144095,1.8340195956839886,0.022340226817878586,148.04959570359642,0.3377701601788195,0.7222222222222223,1.305152450349527,0.08112671081426695,0.2935904039617543,0.19822628429796874,0.745985401459854,0.71488328160842,3.18926252300479,0.2343645776191574,0.42821728290206873,"Furnishings, Fixtures & Appliances",Consumer Cyclical,LZB
2014Q1,2014,Q1,2013-08-20,2013-07-27,9590000.0,318913000.0,14822000.0,0.18,103286000.0,0.32386889214299824,714006000.0,487815000.0,496949000.0,144419000.0,219420000.0,158031000.0,223333000.0,1064656620.0,933113620.0,9.319584280610588,3.4410223031595564,0.011144164054643798,0.016311511536135626,0.019284818955512956,9.319584280610588,0.01965909207383947,3.3383920379539247,27.754343587069865,2.1825007841087296,0.22002085505735142,1.3644601375679455,0.0019818596534909067,0.4466531093576244,1.9297045402613229,0.013431259681291193,108.5941064871481,0.32386889214299824,0.0,2.102804151755837,-0.025847405004627053,0.08918103731272634,-0.15039195847625628,-0.4761852741970723,-0.4334097859327217,49.65521165370238,0.19824408027389737,0.4057734343446263,"Furnishings, Fixtures & Appliances",Consumer Cyclical,LZB
2013Q4,2013,Q4,2013-06-18,2013-04-27,18308000.0,359535000.0,26160000.0,0.0,121569000.0,0.3381284158704994,720371000.0,484828000.0,500880000.0,150163000.0,228403000.0,146343000.0,226044000.0,974719000.0000001,851723000.0000001,8.799056261343013,3.3355753414622775,0.011228936200929799,0.016684267410298086,0.03658542438748352,8.799056261343013,0.03776184543796975,2.7110545565800273,13.310014747651302,2.0104428787116255,0.11563251037797684,1.6260839261187758,0.0021719080063074586,0.4990969930771783,1.9384935037259512,0.025414682156833075,31.57700531294545,0.3381284158704994,-1.0,4.863938047646812,-0.08868299766259294,0.0037183903830279746,0.07157401122971556,0.07290201593999063,0.12380788727553914,0.2661786272950186,0.09403228310337478,0.34005311683451567,"Furnishings, Fixtures & Appliances",Consumer Cyclical,LZB
2013Q3,2013,Q3,2013-02-19,2013-01-26,17064000.0,349148000.0,23278000.0,0.32,113449000.0,0.324930974830158,712211000.0,472012000.0,494560000.0,146809000.0,233398000.0,159060000.0,213596000.0,825263940.0,720911940.0,9.002536667238846,3.368730799882841,0.010711713242283536,0.016162724676491276,0.03237047139361125,9.002536667238846,0.036151623263815325,2.3636507727382083,12.090716420534457,1.7483961000991501,0.0,1.4818244687539293,0.0,0.4902311253266237,1.8745785340135823,0.02395919186870183,32.04161904022364,0.324930974830158,1.6666666666666667,0.7592501364162237,-0.08224867746195788,0.015957463503938046,0.13099522475550548,1.5780329354887446,1.2037300009467007,0.5284230286168695,0.1250782273536331,0.4158195097266986,"Furnishings, Fixtures & Appliances",Consumer Cyclical,LZB
2013Q2,2013,Q2,2012-11-28,2012-10-27,6619000.0,322341000.0,10563000.0,0.12,100309000.0,0.31118908236929216,685217000.0,457996000.0,470088000.0,132348000.0,220697000.0,168995000.0,199152000.0,847120080.0,768255080.0,8.74772709909084,3.5519086045879047,0.011300069904862256,0.01690626119005406,0.014481340106396682,8.74772709909084,0.014452091284640041,2.6280246074808975,31.995772775343706,1.8496233154874715,0.0,1.3138376875055475,0.0,0.470421778794163,1.818183878864811,0.009659713638161342,130.62761449498842,0.31118908236929216,0.4999999999999999,1.6542584949427779,-0.13386070514046639,-0.009957973766829971,0.11937017363745926,0.5050022737608003,0.3851298190401259,0.10279251294703744,0.05497072831205491,0.41958608404831765,"Furnishings, Fixtures & Appliances",Consumer Cyclical,LZB
2013Q1,2013,Q1,2012-08-21,2012-07-28,4398000.0,301501000.0,7626000.0,0.08,89612000.0,0.29721957804451726,666815000.0,446551000.0,479930000.0,125807000.0,214113000.0,167060000.0,192534000.0,631013370.0,526227370.0,8.555764182936409,3.814811576462359,0.011664404669960934,0.017417943303228524,0.010573793324374088,8.555764182936409,0.009848819059861024,2.0929063916869266,35.86933663028649,1.4130824250757472,0.0,1.2683407159104514,0.0,0.4521508964255453,2.0654176635640304,0.00659553249402008,-30.659995627034643,0.29721957804451726,0.0,1.4979863385163446,-0.13818807775081154,-0.06251098038785362,-0.13296889361907988,-0.775635139271503,-0.5484902309058615,1.1875115381862844,0.13212523539483764,0.4247613797685904,"Furnishings, Fixtures & Appliances",Consumer Cyclical,LZB
2012Q4,2012,Q4,2012-06-19,2012-04-28,19602000.0,327388000.0,16890000.0,0.0,103355000.0,0.3156957493860496,685739000.0,441904000.0,500000000.0,149759000.0,237924000.0,143787000.0,189609000.0,806884000.0,664274000.0,8.401216730038023,3.338697507328441,0.014232820358766236,0.022086244976284444,0.022838536916741186,8.401216730038023,0.04435805061732865,2.464610798196635,10.290837669625548,1.82592599297585,0.0,1.5580893961206508,0.0,0.4774236261901394,2.134108801474369,0.0285852197410385,35.316846850790036,0.3156957493860496,-1.0,1.4824936131436353,-0.21436426498151365,-0.11085386202917673,0.03571464360513473,0.3104693140794224,-0.00763807285546416,2.605499200328012,0.12669151589724303,0.41516506754899923,"Furnishings, Fixtures & Appliances",Consumer Cyclical,LZB
2012Q3,2012,Q3,2012-02-21,2012-01-28,14958000.0,316515000.0,17020000.0,0.28,99791000.0,0.3152804764387154,661587000.0,429531000.0,477526000.0,136246000.0,226657000.0,134170000.0,170007000.0,711365030.0,593124030.0,8.290343749396847,3.504880877236763,0.04509308677467967,0.06945482398243666,0.031223950296516024,8.290343749396847,0.03482402899907108,2.2474923147402177,11.889374080759461,1.656143631076686,0.0,1.6152940299619885,0.0,0.4784178044610913,2.249702743566784,0.022609271342997974,20.304990295141863,0.3152804764387154,0.8666666666666669,2.8961534064714582,-0.2230185892628484,-0.12495358694927092,0.04184458620005638,0.9006353240152478,0.38961463096015675,1.2308253197244035,0.08970380633642418,0.3320476592549901,"Furnishings, Fixtures & Appliances",Consumer Cyclical,LZB
2012Q2,2012,Q2,2011-11-30,2011-10-29,7870000.0,307679000.0,12248000.0,0.15,95783000.0,0.311308214080259,644032000.0,416109000.0,462759000.0,133606000.0,225090000.0,143539000.0,157412000.0,552824100.0,465968100.0,7.993641340889444,3.4636094187386792,0.047632726324157805,0.0737234714942479,0.017648478753052806,7.993641340889444,0.018913313578893993,1.7967560346985008,17.56112134688691,1.3285559793227255,0.0,1.4762259734288241,0.0,0.4777386837921097,2.0914479888627757,0.012219889694921991,57.766363636363636,0.311308214080259,-0.8235294117647058,2.9748674415012784,-0.310733840887391,-0.17707073958002914,0.18355822459470147,-0.8271697118763176,2.5266340339763893,1.1447555412984793,-0.08374100570056746,0.08019400292408592,"Furnishings, Fixtures & Appliances",Consumer Cyclical,LZB
2012Q1,2012,Q1,2011-08-24,2011-07-30,45536000.0,280094000.0,3473000.0,0.85,80928000.0,0.28893157297193084,628022000.0,407759000.0,446333000.0,122228000.0,217090000.0,149132000.0,175206000.0,455531340.0,376051340.0,7.850275307073274,3.651642831429787,0.04927534385738079,0.07589286809120092,0.09244160273587122,7.850275307073274,0.11167380732246253,1.6263516533735103,2.500940684293745,1.1171582724109093,0.0,1.3355014349703618,0.0,0.44599393014894384,2.1131246522891645,0.07250701408549381,-1712.5238345864661,0.28893157297193084,3.4736842105263155,18.782185677354725,-0.3332979070737448,-0.19408979796371958,-0.2510688704214403,3.4175397749320915,-0.7160029438220623,6.276848262185841,-0.13781886320483966,-0.08253729515192941,"Furnishings, Fixtures & Appliances",Consumer Cyclical,LZB
2011Q4,2011,Q4,2011-06-21,2011-04-30,10308000.0,338904000.0,12229000.0,0.19,108058000.0,0.31884545476005005,593455000.0,361316000.0,432223000.0,132104000.0,229315000.0,138444000.0,126622000.0,610226400.0,530021400.0,6.963114280208132,3.2718388542360564,0.059072718234744,0.09702587208980505,0.017058827821318887,6.963114280208132,0.028529043828670747,1.8005877770696126,14.799825378346915,1.6888994675021312,0.0,1.667432319204877,0.0,0.5710694155411952,2.093509659056501,0.017369471990294125,41.346053255640626,0.31884545476005005,0.0,1.9995027005482913,-0.33612911770317516,-0.2949769191405915,0.22312272202476627,0.02977022977022977,0.2238791032826261,3.3101043017381877,-0.08783601418954345,-0.20570960682585288,"Furnishings, Fixtures & Appliances",Consumer Cyclical,LZB
2011Q3,2011,Q3,2011-02-15,2011-01-22,10010000.0,291943000.0,9992000.0,0.19,88346000.0,0.3026138664054285,595942000.0,358794000.0,427717000.0,132894000.0,239481000.0,142051000.0,124138000.0,425811650.00000006,361308650.00000006,6.91784440374048,3.2184823995063736,0.07572716808011518,0.12577969531263064,0.01914151006459159,6.91784440374048,0.027899017263387903,1.458543791082506,10.634656593406595,1.1867858715586104,0.0,1.4332669252592378,0.0,0.4898849216870098,1.9858609117040649,0.016796936614636996,16.161674953505145,0.3026138664054285,1.714285714285714,-0.04729233890003002,-0.42096569174762993,-0.3004857464003722,0.03807017131577092,1.5373891001267428,0.8715115190110507,0.04326487856607094,-0.2242401732512181,-0.2193049677969588,"Furnishings, Fixtures & Appliances",Consumer Cyclical,LZB
2011Q2,2011,Q2,2010-11-24,2010-10-23,3945000.0,292982000.0,5339000.0,0.07,85106000.0,0.2904820091336669,586521000.0,347565000.0,416445000.0,129542000.0,239582000.0,140703000.0,114213000.0,409654500.0,371663500.0,6.702632340179346,3.214748884531658,0.07785739982029628,0.13138549623811374,0.009458173277805952,6.702632340179346,0.01135039489016443,1.3982241229836645,25.96036121673004,1.1786414052047818,0.0,1.4774098633291401,0.0,0.49952516619183285,1.9501783205446883,0.00672610187870511,-43.35885901778154,0.2904820091336669,0.0,1.6095524267453196,-0.35800971133431403,-0.3134335542433149,0.1633018493965199,21.23076923076923,6.079923882017127,1.3937130563600004,-0.20514309212341295,-0.2414157840089903,"Furnishings, Fixtures & Appliances",Consumer Cyclical,LZB
2011Q1,2011,Q1,2010-08-17,2010-07-24,-195000.0,263313000.0,-1051000.0,0.0,73159000.0,0.2778404408441664,574042000.0,343309000.0,402095000.0,122327000.0,229754000.0,138952000.0,109155000.0,447940250.0,400570250.0,6.629506613884329,3.2870502832571713,0.07972064761811853,0.13329973871934614,-0.0014938418451699278,6.629506613884329,-0.0005680014214599676,1.7011702802368285,-574.2823717948718,1.304772813995555,0.0,1.3684869595255915,0.0,0.45869988607105405,1.990034906439298,-0.00033969639852136257,-31.2109984671126,0.2778404408441664,0.0,-1.0611893253734448,-0.41291299898583933,-0.33373006715884695,-0.2788806529196073,-1.014262726740784,-1.0669384115661422,0.9777461531536701,-0.24141487607159762,-0.2735786631008348,"Furnishings, Fixtures & Appliances",Consumer Cyclical,LZB
2010Q4,2010,Q4,2010-06-14,2010-04-24,13672000.0,310740000.0,15701000.0,0.0,101452000.0,0.32648516444616077,608818000.0,342099000.0,428110000.0,147280000.0,262578000.0,134187000.0,108707000.0,768475000.0,708037000.0,6.566199616122841,2.906776208582292,0.07881337279778193,0.14026056784731905,0.035244902332974906,6.566199616122841,0.03996503935995136,2.4730482075046663,14.051985810415447,2.246352663994925,0.0,1.5596741860239816,0.0,0.5103988384049092,1.8567286800651819,0.022456629074698843,29.922708511798145,0.32648516444616077,-1.0,-0.34102075518528224,-0.4136496763602323,-0.35093392126558504,0.03726727125870336,0.2456268221574344,0.11520704595496839,0.7481062499891102,-0.24715832076728803,-0.30506363334889197,"Furnishings, Fixtures & Appliances",Consumer Cyclical,LZB
2010Q3,2010,Q3,2010-02-16,2010-01-23,10976000.0,305094000.0,14079000.0,0.21,97807000.0,0.3205798868545432,587065000.0,327757000.0,400442000.0,138730000.0,255103000.0,145045000.0,94925000.0,585047100.0,554063100.0,6.358534124859349,2.8864845383118287,0.08266035277183957,0.14805785993891815,0.023406061363363963,6.358534124859349,0.033488224507790834,1.917596216248107,13.325599034256559,1.7850026086399373,0.0,1.429121996621738,0.0,0.5196937306771823,1.7167663807395661,0.018696396480798547,29.600156842904124,0.3205798868545432,0.9090909090909091,0.000599634560828876,-0.40461774682715934,-0.37010809468744066,0.028659472876043837,0.8581344167936347,0.4271667511403953,2.398527611906641,-0.2472045179348728,-0.3288562396916735,"Furnishings, Fixtures & Appliances",Consumer Cyclical,LZB
2010Q2,2010,Q2,2009-11-17,2009-10-24,5907000.0,300707000.0,9865000.0,0.11,95082000.0,0.31619483417412964,572099000.0,317518000.0,378112000.0,134552000.0,250137000.0,138946000.0,87342000.0,458590300.0,448531300.0,6.162167407378655,2.810155181639812,0.08561105682757704,0.154252672289445,0.016223016374958658,6.162167407378655,0.01860366971321311,1.525040321641997,19.408765024547147,1.4442970162321507,0.0,1.4798914686281002,0.0,0.5256205656713261,1.6492880076104406,0.010325136034147937,21.963136973180077,0.31619483417412964,1.7500000000000002,-0.3266580395445443,-0.4309201894777343,-0.38127220410276674,0.18281790361505734,1.978819969742814,2.7523773297831875,2.013994680254188,-0.31944969636115883,-0.36561728868186644,"Furnishings, Fixtures & Appliances",Consumer Cyclical,LZB
2010Q1,2010,Q1,2009-08-18,2009-07-25,1983000.0,262671000.0,2629000.0,0.04,80386000.0,0.3060330222978555,545582000.0,309134000.0,347530000.0,118403000.0,231844000.0,142276000.0,81352000.0,339246610.0,350086610.0,6.005050603158569,2.9351452243608693,0.09012943975424409,0.15906694184398998,0.006115330656356425,6.005050603158569,0.006414693951490292,1.2915267007016382,42.769365859808374,1.0974095699599526,0.0,1.2812069498720797,0.0,0.4814510009494448,1.4854775639130766,0.0036346507032856655,27.478260975214646,0.3060330222978555,0.0,1.5682083548537744,-0.43143760153195027,-0.3909558754872491,-0.12086878540650496,-0.6274657148224685,-0.22653721682847897,-0.13077806839694903,-0.36914622509604705,-0.3835207867844987,"Furnishings, Fixtures & Appliances",Consumer Cyclical,LZB
2009Q4,2009,Q4,2009-06-15,2009-04-25,5323000.0,284498000.0,3399000.0,0.0,91438000.0,0.3214012049293844,552545000.0,305733000.0,347780000.0,126028000.0,246812000.0,140178000.0,70769000.0,111755000.0,155263000.0,5.936563106796116,2.7595454978258798,0.11016659276620004,0.1991018306823274,0.01675806797789352,5.936563106796116,0.017410616452918068,0.39281471222996295,5.248684952094683,0.3655313623324927,0.0020665038512117226,1.3772489263650503,9.842960046530357e-05,0.514886570324589,1.3109943822007808,0.009633604502800677,3.479188070109897,0.3214012049293844,1.0,1.1298288187105883,-0.46378643755939414,-0.3996129900818933,0.1493539142239429,1.08267838836942,1.0497730267974814,1.5200468496232784,-0.43848341868456026,-0.398916369480497,"Furnishings, Fixtures & Appliances",Consumer Cyclical,LZB
2009Q3,2009,Q3,2009-02-18,2009-01-24,-64382000.0,288576000.0,-68290000.0,-1.25,79556000.0,0.2756847416278554,605943000.0,320368000.0,373201000.0,148631000.0,285575000.0,172259000.0,65693000.0,62284750.0,133973750.0,6.223759106362312,2.5109230241335925,0.14914769210965387,0.2820974629176447,-0.15589599426411474,6.223759106362312,-0.20096264296059532,0.21583482340873808,-0.24185622534248702,0.19441626504519802,-0.016106986424777113,1.2134053953639579,0.016649340328089943,0.4762428149182349,1.157813645874683,-0.10625091799063609,2.605947449897494,0.2756847416278554,-0.20192307692307687,-5.324268810581339,-0.39828495710152706,-0.4364749830848447,-0.0858889361262079,-0.19793837451622506,-3.266525053105086,-7.174020551172583,-0.4233072833561847,-0.3706698283764633,"Furnishings, Fixtures & Appliances",Consumer Cyclical,LZB
2009Q2,2009,Q2,2008-11-18,2008-10-25,-53744000.0,331948000.0,-16006000.0,-1.04,87031000.0,0.26218263101449624,702962000.0,380799000.0,408524000.0,164476000.0,322163000.0,167113000.0,131371000.0,237221380.00000003,339719380.0,7.400190446577792,2.483790948223449,0.16641440077842046,0.3072040630358798,-0.09756768649940713,7.400190446577792,-0.14113482440867756,0.7146341595671613,-1.1034784348020246,0.6229569405381842,-0.038627567728490624,1.4655771843004435,0.008751319126463222,0.47221329175688015,1.2846190325640214,-0.07645363476261875,-13.931253229974162,0.26218263101449624,-5.117647058823529,-4.727020543493726,-0.3163220194101813,-0.31809503697820724,0.005708540855356668,-5.290262172284645,-0.2155224787363305,-7.368194763784069,-0.2670146213411242,-0.24198103148627387,"Furnishings, Fixtures & Appliances",Consumer Cyclical,LZB
2009Q1,2009,Q1,2008-08-19,2008-07-26,-8544000.0,321652000.0,-13168000.0,-0.17,86537000.0,0.2690392100779725,732929000.0,440044000.0,397089000.0,147714000.0,292885000.0,167455000.0,187289000.0,390852800.0,479446800.0,8.556506183402037,2.6882286039237986,0.1360350047548944,0.22657734226577342,-0.015340322065582003,8.556506183402037,-0.019416240194162403,1.2151418303010708,-11.436470037453182,0.88821299688213,-0.24286048689138576,1.4040488489444924,0.005308904017062178,0.4388583341633364,1.2958893537511678,-0.011657336522364376,-133.35134766291367,0.2690392100779725,0.0,-2.5668468424612305,-0.24181827353830207,-0.22369867113691091,-0.17302638494691475,-0.9330316742081448,-15.50125313283208,-3.699644875522169,-0.2778610587447904,-0.14006529713228286,"Furnishings, Fixtures & Appliances",Consumer Cyclical,LZB
2008Q4,2008,Q4,2008-06-18,2008-04-26,-4420000.0,368030000.0,-798000.0,0.0,104643000.0,0.2843327989566068,768870000.0,450596000.0,427488000.0,163913000.0,318274000.0,178361000.0,190215000.0,355174000.0,444562000.0,8.766459143968872,2.6080176679091958,0.1357446642475321,0.23162655682695807,-0.0009097705440427395,8.766459143968872,-0.009809230441459756,0.9650680651033883,-20.089027149321268,0.7882315866097347,-0.46968325791855203,1.4767073519435303,0.005845022439705609,0.47866349317830065,1.3141361575957977,-0.005748696138488951,58.24434240734667,0.2843327989566068,-1.0,-1.190416476768294,-0.2632220549473125,-0.2008788937833631,-0.036746904772863256,-1.4646761984861227,-1.2585871678548282,-1.215941721975475,-0.29608886740322976,-0.13343918954429748,"Furnishings, Fixtures & Appliances",Consumer Cyclical,LZB
2008Q3,2008,Q3,2008-02-20,2008-01-26,9512000.0,373081000.0,3086000.0,0.18,108635000.0,0.29118341593380526,838778000.0,455613000.0,501481000.0,170809000.0,383165000.0,183935000.0,196935000.0,376372440.0,463766440.0,8.861135422136648,2.9359167256994656,0.17950995376607398,0.33047564490038694,0.0035734816478055816,8.861135422136648,0.02087736741488939,1.0088223200859867,9.89204268292683,0.8260792383009264,0.6548570227081582,1.4377144099817871,0.01655009596345577,0.44479111278550465,1.623234138716344,0.011340306970378336,10.311573698630138,0.29118341593380526,1.9473684210526316,-0.5491567366062322,-0.19779519590560887,-0.17478761158779962,0.1056097213458446,1.9575196295550634,1.5060675631354543,-0.13068671007533972,-0.27011643181833145,-0.12219430380021322,"Furnishings, Fixtures & Appliances",Consumer Cyclical,LZB
2008Q2,2008,Q2,2007-11-13,2007-10-27,-9934000.0,365434000.0,-6098000.0,-0.19,98258000.0,0.26888029028497623,825917000.0,454244000.0,483996000.0,197341000.0,371673000.0,190985000.0,193681000.0,361926400.0,478361400.0,8.835712896323672,2.4525871461074993,0.1805593055960829,0.3282971266543972,-0.0053929172359554675,8.835712896323672,-0.021869303722228582,0.9904015499378821,-9.108274612442118,0.796766495539842,-0.6273404469498691,1.3989370893002069,0.017218970486817208,0.4424585036995243,1.2565407087224651,-0.012027842991487039,43.5478763085068,0.26888029028497623,-0.11764705882352934,-1.386380984461191,-0.27619518049226777,-0.16319186121920476,0.18824070043051322,-0.14262709914883828,0.5286023500309215,-2.1349588555335477,-0.3068522052544391,-0.11282819759538341,"Furnishings, Fixtures & Appliances",Consumer Cyclical,LZB
2008Q1,2008,Q1,2007-08-15,2007-07-28,-8694000.0,344396000.0,-12936000.0,-0.17,82692000.0,0.24010731831960883,835395000.0,468907000.0,492893000.0,191875000.0,366488000.0,202763000.0,210009000.0,528700199.99999994,654062200.0,9.12625535227715,2.5688234527687297,0.1785359021780116,0.31807586579001806,-0.013160512653037804,9.12625535227715,-0.01854099000441452,1.5351519762134285,-15.203019323671496,1.1275161172684562,-0.714170692431562,1.2906891296735599,0.011743895689844642,0.41225528043620085,1.2035335504885993,-0.010407052950999227,-18.19590446035242,0.24010731831960883,0.0,0.753910316998277,-0.5036040570682847,-0.13011470626569968,-0.24228235272557339,-2.1274802230579692,-1.9339397877409574,-1.4959767692415973,-0.2531040444156487,-0.07439710862988176,"Furnishings, Fixtures & Appliances",Consumer Cyclical,LZB
2007Q4,2007,Q4,2007-04-30,2007-04-30,7711000.0,406949000.0,13851000.0,0.0,109133000.0,0.26817365320961595,878691000.0,485348000.0,540798000.0,228210000.0,393343000.0,197790000.0,223896000.0,600480230.0,698161230.0,9.448634337220394,2.369738398843171,0.17002791652583218,0.3078244888203928,0.01540531053353495,9.448634337220394,0.01588756933169602,1.4755662994625862,19.46829950719751,1.2372158327632956,0.8056023862015302,1.5057181859548006,0.010345053325069502,0.46313095274675625,1.2362297883528328,0.0087755536360336,22.24083225304641,0.26817365320961595,1.0,-0.6311398132477826,-0.18067720703863652,-0.19087377995211482,-0.031211994780246607,1.9859353023909987,0.5237623762376238,1.1885594788893712,-0.23100841193705207,-0.04442398480711875,"Furnishings, Fixtures & Appliances",Consumer Cyclical,LZB
2007Q3,2007,Q3,2007-01-31,2007-01-31,-7821000.0,403874000.0,9090000.0,-0.15,112649000.0,0.27892114867508183,888910000.0,486660000.0,544308000.0,190567000.0,402250000.0,214151000.0,222601000.0,661606960.0,810253960.0,9.474176027410595,2.856255280295119,0.18689293629276305,0.34136974479102455,0.008217870919468698,9.474176027410595,-0.0160707680927136,1.6381518988595454,-21.148413246387932,1.359484979246291,-0.7942718322465158,1.3599049268973762,0.009389260354818515,0.45434745924784287,1.2309948731942046,-0.008798416037619107,28.83070245773052,0.27892114867508183,-4.75,-1.427519453617936,-0.12243857158290962,-0.19524409269752235,0.008532087093539607,-5.002558853633572,1.2084548104956268,-1.5264082153743859,-0.15610442731921764,-0.1421687255462822,"Furnishings, Fixtures & Appliances",Consumer Cyclical,LZB
2007Q2,2007,Q2,2006-10-31,2006-10-31,1954000.0,440538000.0,4116000.0,0.04,111696000.0,0.25354452964329977,939948000.0,499019000.0,573348000.0,225365000.0,440929000.0,237885000.0,236635000.0,,,,,,,,,,,,,,,,,,,,,,,,,,,,,,,"Furnishings, Fixtures & Appliances",Consumer Cyclical,LZB
2007Q1,2007,Q1,2006-07-31,2006-07-31,2295000.0,418865000.0,2830000.0,0.04,101955000.0,0.24340778054981915,923660000.0,504451000.0,554389000.0,194028000.0,419209000.0,238758000.0,240545000.0,,,,,,,,,,,,,,,,,,,,,,,,,,,,,,,"Furnishings, Fixtures & Appliances",Consumer Cyclical,LZB
