Quarters,Year,Quarter,FillingDate,Date,NetIncome,Revenue,OperatingIncome,EPSDiluted,GrossProfit,GrossProfitRatio,TotalAssets,CommonStockEquity,CurrentAssets,CurrentLiability,TotalLiability,Inventory,RetainedEarnings,MarketCap,EnterpriseValue,bookValuePerShare,currentRatio,debtToAssets,debtToEquity,roic,shareholdersEquityPerShare,roe,priceToSalesRatio,peRatio,pbRatio,payoutRatio,inventoryTurnover,dividendYield,assetTurnover,quickRatio,returnOnAssets,priceToFreeCashFlowsRatio,grossProfitMargin,epsdilutedGrowth,fiveYNetIncomeGrowthPerShare,fiveYRevenueGrowthPerShare,fiveYShareholdersEquityGrowthPerShare,grossProfitGrowth,netIncomeGrowth,operatingIncomeGrowth,threeYNetIncomeGrowthPerShare,threeYRevenueGrowthPerShare,threeYShareholdersEquityGrowthPerShare,Industry,Sector,Symbol
2023Q1,2023,Q1,2023-04-27,2023-03-31,139800000.0,845400000.0,192300000.0,1.84,382500000.0,0.4524485451,5658000000.0,3229200000.0,1524500000.0,491900000.0,2428500000.0,497600000.0,3671500000.0,17465868000.0,18425868000.0,42.714285714285715,3.0992071559260013,0.2638034641215977,0.46221974482844047,0.030873246411170605,42.714285714285715,0.0432924563359346,20.659886444286727,31.233669527896993,5.408729096989966,0.32546494992846925,0.9302652733118971,0.002605080949884655,0.1494167550371156,1.945923968286237,0.024708377518557794,143.9890189612531,0.4524485450674237,0.07602339181286556,0.4280250207158593,0.39559857199783105,0.618427922266267,0.10645067978015621,0.07538461538461538,0.09885714285714285,0.3731532862300132,0.4247597921407181,0.4508919461814066,Specialty Industrial Machinery,Industrials,IEX
2022Q4,2022,Q4,2023-02-23,2022-12-31,130000000.0,810700000.0,175000000.0,1.71,345700000.0,0.426421611,5511900000.0,3039300000.0,1399300000.0,543600000.0,2472300000.0,470900000.0,3531700000.0,17238915000.0,18299015000.0,40.255629139072845,2.5741353936718174,0.2703786353163156,0.4903431711249301,0.029937546987144487,40.255629139072845,0.04277300694238805,21.26423461206365,33.15175961538462,5.672001776724905,0.3476923076923077,0.9874708005946061,0.0026219747588522827,0.14708176853716504,1.6059602649006623,0.023585333551044106,117.03268839103869,0.42642161095349695,-0.2754237288135593,0.4011073744002923,0.3980236642071779,0.6277507511711341,-0.09455212152959665,-0.27252378287632906,-0.13452027695351138,0.34724209964887315,0.3427390429128847,0.3478668400457051,Specialty Industrial Machinery,Industrials,IEX
2022Q3,2022,Q3,2022-10-26,2022-09-30,178700000.0,824000000.0,202200000.0,2.36,381800000.0,0.4633495146,4892600000.0,2802800000.0,1635000000.0,506500000.0,2090000000.0,455300000.0,3447100000.0,15068690000.0,15687090000.0,37.172413793103445,3.228035538005923,0.26552344356783714,0.46350078492935637,0.037578360140090104,37.172413793103445,0.06375767090052804,18.28724514563107,21.080987688864017,5.376298701298702,0.25349748181309456,0.9712277619152208,0.0030062334549320483,0.16841761026856886,2.145705824284304,0.03652454727547725,82.88608360836083,0.4633495145631068,0.303867403314917,1.1589909525284818,0.4516073372978538,0.5669065465720444,0.06976744186046512,0.2930535455861071,0.08360128617363344,0.7054800454827205,0.3252093851221053,0.30088230815904393,Specialty Industrial Machinery,Industrials,IEX
2022Q2,2022,Q2,2022-07-27,2022-06-30,138200000.0,796100000.0,186600000.0,1.81,356900000.0,0.4483105138,4912800000.0,2788200000.0,1551300000.0,513800000.0,2124800000.0,457400000.0,3313800000.0,13767554000.0,14513454000.0,36.78364116094987,3.019268197742312,0.265368018238072,0.46757764866221935,0.03460602697067895,36.78364116094987,0.049566028261961124,17.29374952895365,24.90512662807525,4.9377928412595935,0.329232995658466,0.960209881941408,0.003304871729575203,0.16204608369972318,1.9141689373297002,0.028130597622537046,142.3738779731127,0.44831051375455344,-0.010928961748633888,0.6574322787425675,0.39616075626985126,0.6234112749065286,0.04204379562043795,-0.012151536812008578,-0.005330490405117271,0.21527533624444256,0.23427867494323265,0.31422333278817843,Specialty Industrial Machinery,Industrials,IEX
2022Q1,2022,Q1,2022-04-27,2022-03-31,139900000.0,751100000.0,187600000.0,1.83,342500000.0,0.4559978698,4999700000.0,2899000000.0,1681300000.0,468300000.0,2100800000.0,428500000.0,3266500000.0,14590653000.0,15163453000.0,38.0946123521682,3.590219944480034,0.2612156729403764,0.4505001724732666,0.033673639481931854,38.0946123521682,0.04825802000689893,19.425712954333644,26.073361329521084,5.032995170748534,0.29592566118656183,0.953558926487748,0.002837432978496576,0.15022901374082445,2.443732650010677,0.027981678900734042,229.4127830188679,0.45599786979097323,0.1806451612903226,0.843602360485325,0.3571408803874551,0.7666255931623206,0.09007001909611713,0.17860151642796968,0.1516267648864334,0.25775702985634763,0.19667069066893828,0.3983500378897726,Specialty Industrial Machinery,Industrials,IEX
2021Q4,2021,Q4,2022-02-24,2021-12-31,118700000.0,714800000.0,162900000.0,1.55,314200000.0,0.4395635143,4917200000.0,2803100000.0,1678000000.0,480000000.0,2114100000.0,370400000.0,3452046000.0,17983952000.0,18318852000.0,36.83442838370565,3.495833333333333,0.2420686569592451,0.42463700902572155,0.03160605011323515,36.83442838370565,0.042345974100103455,25.1594180190263,37.876899747262,6.415736862759088,0.34381634372367315,1.0815334773218142,0.0022693009856787874,0.14536728219311804,2.524583333333333,0.024139754331733508,132.37315432289597,0.4395635142697258,0.026490066225165587,1.0702634287103936,0.3478794944394974,0.8159617929895158,0.008444357429654426,0.025556841941559674,0.010639947885969538,0.2099786432539125,0.16441945583910683,0.4058333152823284,Specialty Industrial Machinery,Industrials,IEX
2021Q3,2021,Q3,2021-10-27,2021-09-30,115742000.0,712019000.0,161185000.0,1.51,311569000.0,0.43758523297833346,4854579000.0,2726245000.0,1583361000.0,469108000.0,2128296000.0,353924000.0,3048856000.0,15730269500.0,16228409500.0,35.866925404552035,3.375259002191393,0.2687435923897829,0.47854723254879883,0.02978534282341014,35.866925404552035,0.042454731691392376,22.092485593783312,33.97701245010454,5.769939788977146,0.35464222149263014,1.1314576010668957,0.002609427638858953,0.14666956702115672,2.501078642871151,0.023841820269069676,110.98053111705318,0.43758523297833346,0.126865671641791,0.6523000350252991,0.3391567536663438,0.7490957780467451,0.01795982644606498,0.13256030138460786,0.018507987058942472,0.09619510515499742,0.15139451402050455,0.33265951274902666,Specialty Industrial Machinery,Industrials,IEX
2021Q2,2021,Q2,2021-07-28,2021-06-30,102195000.0,685947000.0,158256000.0,1.34,306072000.0,0.4462035696635454,4782997000.0,2672796000.0,1493689000.0,450359000.0,2110133000.0,360079000.0,2974163000.0,16716758400.0,17300565400.0,35.18318239258635,3.3166629289078267,0.2714170634018796,0.48570373496518254,0.030521591551909494,35.18318239258635,0.03823524129787683,24.37033531745164,40.89426684280053,6.254408641736967,0.4021038211262782,1.0549768245301725,0.0024581918944285275,0.14341363793454187,2.3777675143607655,0.02136631070435545,138.9727853152434,0.4462035696635454,-0.09459459459459453,0.3440122491556468,0.2432996077132483,0.7789843715436668,0.045960160342830195,-0.09327643113177414,0.017415957877683273,-0.038859561689404715,0.08944889176674119,0.3537864129702406,Specialty Industrial Machinery,Industrials,IEX
2021Q1,2021,Q1,2021-04-28,2021-03-31,112708000.0,652036000.0,155547000.0,1.48,292623000.0,0.44878350275138185,4460731000.0,2609926000.0,1651144000.0,377513000.0,1850716000.0,304636000.0,2954254000.0,15885713440.0,16080757440.0,34.390001581194326,4.3737407718409695,0.258519511712318,0.4418462439164942,0.03108580013039259,34.390001581194326,0.04318436614677964,24.363245955744773,35.236437165063705,6.086652816976421,0.3384764169357987,1.1798113157998398,0.0024014659551859574,0.14617245469408488,3.443417842564362,0.025266710770050917,167.72119980995618,0.44878350275138185,0.12121212121212115,0.651190800087038,0.2949535526845436,0.7449198074725796,0.08713888723771028,0.11516998456484744,0.11932500989457777,0.14685677955675353,0.07224898766238612,0.3030239854197384,Specialty Industrial Machinery,Industrials,IEX
2020Q4,2020,Q4,2021-02-25,2020-12-31,101068000.0,614822000.0,138965000.0,1.32,269168000.0,0.43779825705651393,4414398000.0,2540203000.0,1657231000.0,399058000.0,1874072000.0,289910000.0,2841546000.0,15102746400.0,15232308400.0,33.5043987496208,4.152857479363902,0.2617373875214695,0.45485065563657706,0.028409995095793,33.5043987496208,0.03978737132426031,24.564420921827782,37.35788380100526,5.9454879787166615,0.371927810978747,1.192280362871236,0.002488951281072958,0.1392765219629041,3.3052764259831906,0.02289508105068913,101.17940603080386,0.43779825705651393,-0.036496350364963535,0.49015469307918463,0.22903766784943724,0.758428966081702,0.07025049701789264,-0.026769894461135507,0.05907951193860365,0.0847311054400831,0.05580594925888041,0.3547623375558685,Specialty Industrial Machinery,Industrials,IEX
2020Q3,2020,Q3,2020-10-28,2020-09-30,103848000.0,581113000.0,131213000.0,1.37,251500000.0,0.43279018022312354,4225595000.0,2396529000.0,1520752000.0,409699000.0,1829066000.0,302410000.0,2778130000.0,13744958320.0,14020865320.0,31.804451109459603,3.7118762799030507,0.2730183559948362,0.4813899602299826,0.0307022678243678,31.804451109459603,0.04333266987380499,23.652815063507443,33.08912622294122,5.735360732125503,0.36351205608196596,1.089954035911511,0.002746461584031926,0.1375221714338454,2.8147249566144903,0.024575947292629796,101.56398158616155,0.43279018022312354,0.4731182795698925,0.33181958446986165,0.17612068521335872,0.7104716201121597,0.07112436115843271,0.4654549559720027,0.18643868564298244,0.25545447418924544,0.024375295261122126,0.34063402314725466,Specialty Industrial Machinery,Industrials,IEX
2020Q2,2020,Q2,2020-07-24,2020-06-30,70864000.0,561249000.0,110594000.0,0.93,234800000.0,0.41835263849022447,4073592000.0,2261037000.0,1397250000.0,401307000.0,1812555000.0,324931000.0,2712312000.0,11880024840.0,12289436840.0,30.078580835694616,3.4817483871450037,0.28372011728224134,0.5111636828587944,0.02422686824440815,30.078580835694616,0.03134137123806466,21.167119834511954,41.91135428426281,5.25423725485253,0.5328798825920072,1.0046717610815834,0.0031786128824289562,0.1377774210082895,2.533230170418159,0.01739594932433096,73.72944107242598,0.41835263849022447,-0.3007518796992481,0.049471949518079344,0.12333558871882688,0.6016322037120495,-0.1366250422862522,-0.30524127924076944,-0.20970980627550181,-0.14301683528062067,-0.007473157828482701,0.3274897677528652,Specialty Industrial Machinery,Industrials,IEX
2020Q1,2020,Q1,2020-04-24,2020-03-31,101998000.0,594462000.0,139941000.0,1.33,271956000.0,0.45748256406633225,3943677000.0,2229787000.0,1289072000.0,366890000.0,1713890000.0,340581000.0,2717129000.0,10460451400.000002,10906688400.000002,29.440018484288355,3.513510861566137,0.25748964735195096,0.4554049332963193,0.03349672544236488,29.440018484288355,0.045743382663904666,17.596501374351938,25.63886399733328,4.6912334675912994,0.379772152395145,0.9469289243968395,0.0037030906715937706,0.15073800415196276,2.4450216686200226,0.02586368001233367,145.28808300230565,0.45748256406633225,0.0555555555555556,0.5925663900035665,0.2189787907305352,0.5825060935556879,0.019000693182456865,0.05315436241610738,0.04298927504043287,0.3505185478291508,0.07922159027260192,0.3652715412014271,Specialty Industrial Machinery,Industrials,IEX
2019Q4,2019,Q4,2020-02-21,2019-12-31,96850000.0,605997000.0,134173000.0,1.26,266885000.0,0.44040647065909566,3813912000.0,2263229000.0,1261445000.0,357877000.0,1550683000.0,293467000.0,2615131000.0,13033988000.0,13265894000.0,29.866176645244725,3.5248004202561214,0.22666674008209942,0.3819706269228611,0.033142282987557316,29.866176645244725,0.04279284155514091,21.508337500020627,33.64478058853898,5.759023059531316,0.3921631388745483,1.1555370791264434,0.0029139968519228342,0.15889118574314248,2.600801392657254,0.025393873796773495,95.1240174863707,0.44040647065909566,-0.08029197080291978,0.6177126880670045,0.19054650764804607,0.5671167859704137,-0.05352545234025349,-0.07932011331444759,-0.05355341586428244,0.6963298459876316,0.14755308166312145,0.4724223524107239,Specialty Industrial Machinery,Industrials,IEX
2019Q3,2019,Q3,2019-10-30,2019-09-30,105194000.0,624246000.0,141765000.0,1.37,281978000.0,0.45170974263351305,3713895000.0,2163053000.0,1190624000.0,370670000.0,1550842000.0,303494000.0,2556423000.0,12405388240.0,12752467240.0,28.57477079975693,3.212086222246203,0.23238783002750482,0.39900270589763637,0.03730945019912918,28.57477079975693,0.048632187930670215,19.87259548319092,29.48216685362283,5.735129116115046,0.3607049831739453,1.1277587036317027,0.0030586708989609177,0.1680839119038099,2.2480643159683815,0.02832444105177987,84.94921175350777,0.45170974263351305,-0.07432432432432425,0.5475436092318569,0.2305016037272674,0.4316717773707803,-0.03543513137235451,-0.0707982580890212,-0.08705395954483106,0.5079093224629937,0.17891346643581002,0.3934846770603055,Specialty Industrial Machinery,Industrials,IEX
2019Q2,2019,Q2,2019-07-26,2019-06-30,113209000.0,642099000.0,155283000.0,1.48,292337000.0,0.4552833753050542,3640215000.0,2112041000.0,1216882000.0,361791000.0,1528174000.0,301006000.0,2489911000.0,13082500200.0,13401291200.0,27.98888152663663,3.3634943931717483,0.23679370586627438,0.4081265467857868,0.039956043137325536,27.98888152663663,0.05360170564870663,20.3745842930763,28.890150518068353,6.194245376865316,0.3342225441440168,1.1619768376710098,0.002892184171340582,0.17639040551176235,2.403451163793461,0.031099536703189233,110.58001318592149,0.4552833753050542,0.027777777777777804,0.6743409422492,0.24682851448759344,0.3798358553996392,0.029957651303226532,0.026671382450030832,0.050757196410929614,0.4988853853862417,0.17165869872258155,0.4152154360932886,Specialty Industrial Machinery,Industrials,IEX
2019Q1,2019,Q1,2019-04-26,2019-03-31,110268000.0,622231000.0,147782000.0,1.44,283834000.0,0.4561553506655888,3551460000.0,2055232000.0,1129228000.0,339247000.0,1496228000.0,298327000.0,2452375000.0,11752354760.0,12158310760.0,27.2425439410408,3.3286307616574353,0.2427412951293271,0.41945921433687294,0.03984126635371678,27.2425439410408,0.05365233705975773,18.88744655923604,26.64498032067327,5.718261860461495,0.3033155584575761,1.1343157005567717,0.0028458977526645054,0.175204282182539,2.3284273700283276,0.031048639151222315,155.06880719902887,0.4561553506655888,0.13385826771653536,0.5788534765814045,0.2209117251617108,0.35333932302210885,0.037241953932678706,0.12361290848507699,0.05981741381659627,0.6250802763542671,0.24313148468749074,0.3822638075904773,Specialty Industrial Machinery,Industrials,IEX
2018Q4,2018,Q4,2019-02-28,2018-12-31,98137000.0,614094000.0,139441000.0,1.27,273643000.0,0.4456044188674698,3473857000.0,1994640000.0,1092532000.0,364661000.0,1479217000.0,279995000.0,2342079000.0,9611921280.0,9994332280.0,26.20113493064313,2.996020961934509,0.24434454267979366,0.4255494725865319,0.03720538012815134,26.20113493064313,0.049200356956643806,15.652198653626318,24.485976950589485,4.818875225604621,0.33183203073254736,1.2159181413953821,0.0033879803060559398,0.17677584310465283,2.135130984667952,0.028250155374847034,69.97663989982455,0.4456044188674698,-0.07299270072992707,0.5415068545645664,0.2516536989944523,0.3455784382263406,-0.023516145493214576,-0.07724349330525049,-0.039219198941660406,0.44102871969236385,0.22256743568664025,0.3751279332174081,Specialty Industrial Machinery,Industrials,IEX
2018Q3,2018,Q3,2018-10-24,2018-09-30,106352000.0,622888000.0,145133000.0,1.37,280233000.0,0.44989307869151435,3554807000.0,2060574000.0,1155239000.0,360213000.0,1494233000.0,287126000.0,2276634000.0,11569283820.000002,11926298820.000002,26.91379535539824,3.2070996882400133,0.23877020608995086,0.4119153206824894,0.039659438079140845,26.91379535539824,0.051612803034494274,18.57361808222345,27.195736375432528,5.614592739692921,0.3102621483375959,1.1933959307063797,0.0028521212300935666,0.17522414015725749,2.2671641501000797,0.029917798631543147,101.09563889932629,0.44989307869151435,-0.007246376811594049,0.7692532152245624,0.34749007579803093,0.44401019514006096,-0.024825397488229338,-0.0072251367548494295,-0.018250569907529542,0.34237679311490343,0.24074569059853132,0.44744781120347227,Specialty Industrial Machinery,Industrials,IEX
2018Q2,2018,Q2,2018-07-25,2018-06-30,107126000.0,634360000.0,147831000.0,1.38,287367000.0,0.4530030266725519,3483458000.0,1989151000.0,1113745000.0,347030000.0,1494307000.0,283854000.0,2203473000.0,10446042720.0,10846448720.0,25.988724702439278,3.209362302970925,0.24663911549959838,0.4319214579486424,0.04049051070387665,25.988724702439278,0.05385513719169636,16.46705769594552,24.377935141795643,5.251508166046721,0.3077777570337733,1.222434772805738,0.003156314872891885,0.18210640116803475,2.2719736045874996,0.030752774972455533,98.79175622765703,0.4530030266725519,0.08661417322834636,0.8306936159648778,0.30815004395983575,0.43740645686215507,0.03873096887063893,0.08254006750338527,0.08156098417506201,0.5581440484570545,0.24697363807851003,0.38385446588083183,Specialty Industrial Machinery,Industrials,IEX
2018Q1,2018,Q1,2018-04-30,2018-03-31,98958000.0,612324000.0,136683000.0,1.27,276652000.0,0.45180655992579094,3485459000.0,2016885000.0,1069288000.0,316282000.0,1468574000.0,283876000.0,2162663000.0,10890471690.0,11338064690.0,26.392454756016175,3.380805736652734,0.2469017710436416,0.42668074778680987,0.03604945515687,26.392454756016175,0.049064770673588234,17.78547254394732,27.512863260170977,5.399649305736321,0.2924978273611027,1.1824599473009343,0.0026578279457425413,0.17567958768127814,2.3448409963260635,0.028391669504647738,176.44963852883993,0.45180655992579094,0.049586776859504175,0.7363811063359861,0.3320338891121445,0.4641683232107657,0.06044878527456858,0.055597038806989095,0.010610138412397965,0.531372168028694,0.244449516753934,0.41868866344558603,Specialty Industrial Machinery,Industrials,IEX
2017Q4,2017,Q4,2018-02-22,2017-12-31,93746000.0,585904000.0,135248000.0,1.21,260882000.0,0.44526407056446105,3399628000.0,1886542000.0,1004043000.0,360975000.0,1513086000.0,259724000.0,2057915000.0,10067067510.0,10550163510.0,24.730831246804662,2.7814751714107624,0.25268823530103884,0.45535482379931114,0.03736136472238154,24.730831246804662,0.04969197611290923,17.182110908954368,26.84665881744288,5.336254114671181,0.30191154822605765,1.2514130384562074,0.0028114443428421984,0.1723435622956394,1.856405568252649,0.027575370011071798,83.63505146673978,0.44526407056446105,0.12037037037037027,1.8497426399465127,0.28777279955310225,0.38925001145874366,0.01144496568836506,0.11911469773660587,0.06912034402074242,0.5555200681410096,0.14346653719140032,0.2976585934724901,Specialty Industrial Machinery,Industrials,IEX
2017Q3,2017,Q3,2017-10-23,2017-09-30,83768000.0,574490000.0,126504000.0,1.08,257930000.0,0.4489721318038608,3317761000.0,1810312000.0,955478000.0,336851000.0,1507449000.0,266705000.0,1992638000.0,9269254230.0,9841163230.0,23.723440223302624,2.8365004111610177,0.26379235876243046,0.48345257613052334,0.03467868810929659,23.723440223302624,0.046272686697099726,16.13475296349806,27.663470030321843,5.120252326670761,0.33780202463948045,1.186929378901783,0.0030527806550408963,0.17315593257018816,1.8132527437947341,0.025248352729446154,80.2637072347058,0.4489721318038608,0.0,0.8062998820354932,0.2940535530565914,0.2162554668362594,0.003911647367908923,-0.0009064453031821001,0.010956342451631464,0.2224714244254909,0.12335631804028323,0.18860725315543192,Specialty Industrial Machinery,Industrials,IEX
2017Q2,2017,Q2,2017-07-26,2017-06-30,83844000.0,573366000.0,125133000.0,1.08,256925000.0,0.44809946875119905,3224165000.0,1727011000.0,861418000.0,313905000.0,1497154000.0,264545000.0,1937357000.0,8613622200.0,9284106200.0,22.658239307268435,2.7441996782466034,0.2756822309031951,0.5146724601059287,0.03535075692055565,22.658239307268435,0.04854861955135202,15.022903695022027,25.683478245312724,4.987589656348454,0.3368756261628739,1.1961707837985975,0.0032791082943015542,0.17783395080586756,1.6760357432981317,0.026004872579412034,110.114826651667,0.44809946875119905,0.090909090909091,0.6835050436833023,0.26627601646553717,0.19342014584020956,0.023846242742317916,0.10467858601562603,0.08180096999247867,0.22767323749930204,0.10226121156333334,0.1170382420119338,Specialty Industrial Machinery,Industrials,IEX
2017Q1,2017,Q1,2017-04-26,2017-03-31,75899000.0,553552000.0,115671000.0,0.99,250941000.0,0.4533286845680261,3163785000.0,1641305000.0,823680000.0,278455000.0,1522480000.0,257900000.0,1910638000.0,7117513650.0,7852024650.0,21.563489456743085,2.958036307482358,0.3004647913812095,0.5791769354263833,0.032436027323236916,21.563489456743085,0.04624308096301419,12.857895283550597,23.444029730299476,4.336496659670202,0.3468688652024401,1.1733656455990693,0.0036989040407390014,0.1749651129896627,1.8344148964823759,0.023989936105013456,95.13230482377,0.4533286845680261,0.3139981167279893,0.5826612079668438,0.230439993137808,0.1155663703616737,0.07938576682366605,0.3235042809562837,0.42082765228286106,0.077137945712238,0.07654945666212248,0.07121854282556198,Specialty Industrial Machinery,Industrials,IEX
2016Q4,2016,Q4,2017-02-23,2016-12-31,57347000.0,530419000.0,81411000.0,0.7534257373710832,232485000.0,0.43830443479588777,3154944000.0,1543894000.0,822721000.0,309158000.0,1611050000.0,252859000.0,1834739000.0,6854916900.0,7634233900.0,20.28370229258359,2.661166782033782,0.3218063458495618,0.6576105613468282,0.025077181318528582,20.28370229258359,0.03714438944642572,12.923588521527321,29.883502624374422,4.440017838012195,0.4408774652553752,1.178261402599868,0.0036883014584757397,0.168123110901493,1.6456860246217144,0.01817686779860435,64.673298236676,0.43830443479588777,-0.17205962926254595,0.3165076550450574,0.20044253257845024,0.10999460367719455,0.006912412457934332,-0.1792681006969788,-0.25212893980175827,-0.0990565033482223,0.08129096487827478,0.04168435926728522,Specialty Industrial Machinery,Industrials,IEX
2016Q3,2016,Q3,2016-10-25,2016-09-30,69873000.0,530356000.0,108857000.0,0.91,230889000.0,0.4353472007481767,3262464000.0,1554743000.0,857353000.0,305357000.0,1707721000.0,276013000.0,1803060000.0,7094383829.999999,7955758829.999999,20.50598135032116,2.8077070445413073,0.3374051024011299,0.7080089764031741,0.028842490416470246,20.50598135032116,0.044941832830249114,13.376644800850748,25.38313737065819,4.563058865677478,0.37120203798319806,1.0849742584588407,0.003655990516092502,0.1625630198524796,1.7249514502696843,0.021417247822504707,62.290996040073395,0.4353472007481767,-0.08080808080808077,0.5710802993246881,0.2086962300842317,0.12243277809274901,-0.053958485278089635,-0.07769373935770008,-0.036459070953122785,0.17378603957919225,0.15855942683576774,0.10021071871145477,Specialty Industrial Machinery,Industrials,IEX
2016Q2,2016,Q2,2016-08-01,2016-06-30,75759000.0,549696000.0,112976000.0,0.99,244058000.0,0.4439872220281756,3109356000.0,1496930000.0,969284000.0,297713000.0,1612426000.0,257659000.0,1759157000.0,6214149000.0,6908219000.0,19.77711718853217,3.2557664596440197,0.3394780140968098,0.7051485373397554,0.03235253850110102,19.77711718853217,0.05060958094232863,11.304701143904994,20.506306181443787,4.151262250071814,0.3533309573780013,1.186211232675746,0.0043075890198319994,0.17678773353710545,2.210078162525654,0.024364852400304116,77.60313951745842,0.4439872220281756,0.11235955056179772,0.6385534640432804,0.3147232654759967,0.07479241501346626,0.09278885978462847,0.11197710259797446,0.10159228526575466,0.30917978282288827,0.14627448349147473,0.09384959325254807,Specialty Industrial Machinery,Industrials,IEX
2016Q1,2016,Q1,2016-04-25,2016-03-31,68130000.0,502572000.0,102557000.0,0.89,223335000.0,0.4443840882500418,3142298000.0,1492910000.0,976508000.0,292282000.0,1649388000.0,278230000.0,1734810000.0,6278077120.0,7015197120.0,19.708643018389683,3.340978917620654,0.3486508917995683,0.7338453088263861,0.029084097448580436,19.708643018389683,0.0456357047645203,12.491895927349713,23.03712432115074,4.205261616574341,0.3619844415088801,1.0036193077669553,0.003928272865816596,0.15993772710290366,2.2419410021828234,0.02168158462373715,101.72692408652678,0.4443840882500418,-0.0051117866682408196,0.5273840504240273,0.26499099468084303,0.0895383941106513,-0.0002864829296460593,0.005415934949751339,0.04374154021514569,0.20602685261491988,0.10295229212782535,0.09337199088755732,Specialty Industrial Machinery,Industrials,IEX
2015Q4,2015,Q4,2016-02-19,2015-12-31,67763000.0,499798000.0,98259000.0,0.8945728656483914,223399000.0,0.4469785793460558,2805443000.0,1443291000.0,862684000.0,309597000.0,1362152000.0,239124000.0,1666680000.0,5803130890.0,6315906890.0,19.05359806730122,2.786474029141109,0.2997009741420517,0.5825533450981126,0.032869472820668204,19.05359806730122,0.04695033780436516,11.61095260485236,21.40965899532193,4.020762888426519,0.3615394831987958,1.1558814673558488,0.004221686614413069,0.1781529690676303,1.8993013498192812,0.024154117549349603,66.41637642346208,0.4469785793460558,-0.12296777877608683,0.7547531724941228,0.32590777146107036,0.1278473537213688,0.0006225924930574219,-0.14768882460222627,-0.19336195644143073,1.6185547563951974,0.10626241866208691,0.07033245543449289,Specialty Industrial Machinery,Industrials,IEX
2015Q3,2015,Q3,2015-10-27,2015-09-30,79505000.0,503791000.0,121813000.0,1.02,223260000.0,0.4431599611743759,2870362000.0,1428593000.0,906399000.0,324186000.0,1441769000.0,252518000.0,1624759000.0,5478050300.0,6024819300.0,18.5939659772748,2.795922711036257,0.2972625055655001,0.5972666812731128,0.03780169997344115,18.5939659772748,0.05565265964483936,10.873656536142963,17.2254899062952,3.834577307882651,0.3114646877554871,1.1109346660436088,0.004520403910858577,0.17551479569475906,1.7844385630471395,0.027698596901714837,52.38744453370056,0.4431599611743759,0.14606741573033707,1.1605457496807896,0.4126753952307878,0.1208095767288947,-0.036072793212874814,0.14255945965366099,0.10830778189229272,0.7027285790602396,0.12709223395350372,-0.04672288010682254,Specialty Industrial Machinery,Industrials,IEX
2015Q2,2015,Q2,2015-07-27,2015-06-30,69585000.0,514881000.0,109909000.0,0.89,231615000.0,0.449841808107116,2903358000.0,1454808000.0,933597000.0,307665000.0,1448550000.0,260814000.0,1569726000.0,6087278280.0,6651029280.0,18.779955077066067,3.034459558285798,0.3014598957483025,0.6016230320427163,0.03332387446097343,18.779955077066067,0.047831053994753944,11.822689670040262,21.86993705539987,4.184248560634805,0.3558094416900194,1.0860843359635601,0.00406733499950983,0.17733982512662924,1.9423918872799961,0.02396707536583501,71.38409006156553,0.449841808107116,0.059523809523809576,0.7870355816262068,0.4112000511989282,0.18645128825849672,0.024659243234634424,0.05505352215180277,0.08011242469805517,0.37472514707921617,0.11882232572500705,-0.01085091286174194,Specialty Industrial Machinery,Industrials,IEX
2015Q1,2015,Q1,2015-04-28,2015-03-31,65954000.0,502198000.0,101757000.0,0.84,226041000.0,0.4501033456923365,2869154000.0,1450992000.0,1081388000.0,360037000.0,1418162000.0,243565000.0,1549775000.0,5914436680.0,6328153680.0,18.603415559772294,3.0035468576840714,0.31654383138723124,0.6259255736764917,0.030626933846196816,18.603415559772294,0.045454420148422596,11.777101223023589,22.41879446280741,4.076133210934313,0.3358552930830579,1.1338123293576663,0.0037452425646731244,0.17503347676701914,2.115621450017637,0.022987263841536563,150.39124977750654,0.4501033456923365,0.06323661148977598,0.8489077395585354,0.44999799923718714,0.15392001978752498,-0.013425455116818044,0.0703343070431678,0.07731805958455967,0.3421188150806856,0.08936875376918768,-0.037570203376554305,Specialty Industrial Machinery,Industrials,IEX
2014Q4,2014,Q4,2015-02-23,2014-12-31,61620000.0,523899000.0,94454000.0,0.7900405148981999,229117000.0,0.43733047782110673,2908070000.0,1486451000.0,1075791000.0,411968000.0,1421619000.0,237631000.0,1483821000.0,6071208640.0,6426023640.0,19.058041438022464,2.6113460268758737,0.29708775923550673,0.581217947984831,0.029015957019187463,19.058041438022464,0.041454444176094604,11.588509693662328,24.63164816617981,4.084365135480416,0.36028886725089254,1.2405031330087404,0.0036567677568728717,0.18015350387026446,1.8573699899021283,0.021189311123872533,69.62315386291442,0.43733047782110673,-0.1022266876156819,0.9121239288254557,0.5666422726858482,0.20350378072842523,-0.023563154709647725,-0.13747008020604415,-0.14788853103827798,0.3804869333086552,0.15709173792908696,0.042922186872957256,Specialty Industrial Machinery,Industrials,IEX
2014Q3,2014,Q3,2014-10-27,2014-09-30,71441000.0,533179000.0,110847000.0,0.88,234646000.0,0.44008860063880983,2939312000.0,1587900000.0,1076957000.0,398551000.0,1351412000.0,251058000.0,1466472000.0,5757612460.0,6093969460.0,19.959023605419944,2.7021811512202953,0.28014140724087816,0.5185609925058253,0.032409925851848306,19.959023605419944,0.04499086844259714,10.798648221329048,20.148137834016882,3.625928874614271,0.3125936087120841,1.1890997299428818,0.0038786910642471407,0.18139585045752205,1.900715341323946,0.02430534764597974,64.0574582230035,0.44008860063880983,0.0,1.4046892310360308,0.6532107483226387,0.28725609547272535,-0.026898130484547884,-0.0046811652757847225,-0.011071657983013346,0.5308432121441505,0.1580222716981744,0.09249403531225765,Specialty Industrial Machinery,Industrials,IEX
2014Q2,2014,Q2,2014-07-29,2014-06-30,71777000.0,546693000.0,112088000.0,0.88,241132000.0,0.44107387509991897,2990997000.0,1624887000.0,1081526000.0,423375000.0,1366110000.0,254182000.0,1395031000.0,6467758440.0,6799288440.0,20.2842109205303,2.5545343962208444,0.27310793023195945,0.502721112298886,0.03244741098840213,20.2842109205303,0.0441735332980078,11.830695545763344,22.52726653384789,3.9804358333841057,0.31437647157167337,1.202134690890779,0.0034888439649270516,0.182779521343552,1.789160909359315,0.023997683715496872,81.3503357021571,0.44107387509991897,-0.032967032967032996,1.556794395463401,0.6161198045274918,0.34563992953777867,-0.013452254316340725,-0.03717068197671299,-0.015346773839328854,0.4668481062938345,0.23546015551382168,0.10235055160419711,Specialty Industrial Machinery,Industrials,IEX
2014Q1,2014,Q1,2014-04-29,2014-03-31,74548000.0,543996000.0,113835000.0,0.91,244420000.0,0.449304774299811,2951822000.0,1620998000.0,1063376000.0,313981000.0,1330824000.0,244175000.0,1368288000.0,5869613030.0,6191475030.0,20.129869484769085,3.3867527015965933,0.2643265752474235,0.4813361891871551,0.03390910238655274,20.129869484769085,0.04598895248482725,10.789809171390965,19.68400570773193,3.6209872128158085,0.24987927241508825,1.2268905498105867,0.0031736334073116912,0.18429160023876778,2.3768508285533203,0.025254910357060824,92.61570673441051,0.449304774299811,0.10975609756097571,2.2563277091874157,0.6445945973923846,0.3879460393793334,0.07669739966256844,0.10351565391162756,0.09590557700268597,0.5721038915761615,0.2880129668061108,0.11282474656564725,Specialty Industrial Machinery,Industrials,IEX
2013Q4,2013,Q4,2014-02-13,2013-12-31,67555000.0,520620000.0,103873000.0,0.82,227009000.0,0.4360358802965695,2887577000.0,1572989000.0,990953000.0,304609000.0,1314588000.0,230967000.0,1293740000.0,5965750700.0,6299997700.0,19.472023470575127,3.2531967210423853,0.2680018576128013,0.49197801128933516,0.03225638961876553,19.472023470575127,0.04294689918365609,11.458934923744765,22.077383983420916,3.7926207366993663,0.280482569757975,1.2712248935995185,0.003176130038420815,0.1802964907948775,2.2745716640020484,0.02339504712774759,63.99921365430827,0.4360358802965695,0.05128205128205118,1.6755907861071675,0.4422543076160037,0.32607861699493484,0.07328293358675045,0.05887239611906143,0.06679744066386632,0.6403752666085899,0.2950959721642092,0.1526153782249484,Specialty Industrial Machinery,Industrials,IEX
2013Q3,2013,Q3,2013-10-31,2013-09-30,63799000.0,490617000.0,97369000.0,0.78,211509000.0,0.43110817603140533,2849381000.0,1514524000.0,950769000.0,309042000.0,1334857000.0,236771000.0,1244804000.0,5302149750.0,5686766750.0,18.638230842122102,3.0765041644824973,0.2752955817421398,0.5179330271425213,0.031198431332963197,18.638230842122102,0.04212478640153606,10.807105644525159,20.77677451840938,3.5008687548034896,0.29053746923932977,1.1788099049292353,0.0034959404909301176,0.17218371288360523,2.1219834197293572,0.02239047708958542,47.73357235456166,0.43110817603140533,0.026315789473684233,2.3575227343302085,0.3486205877757013,0.21049809531033137,-0.05088647469811397,0.019788686242227585,-0.021997006799987947,0.6392602539181577,0.3007672118172184,0.12347778019307781,Specialty Industrial Machinery,Industrials,IEX
2013Q2,2013,Q2,2013-08-05,2013-06-30,62561000.0,518445000.0,99559000.0,0.76,222849000.0,0.4298411596215606,2827652000.0,1479492000.0,936100000.0,294683000.0,1348160000.0,231504000.0,1199610000.0,4477682880.0,4918651880.0,18.080289383959233,3.176633874366692,0.2883869726543436,0.5511743219970098,0.03070525859683348,18.080289383959233,0.04228546014442795,8.636755837166913,17.893267690733843,3.026500231160425,0.3012419878198878,1.2768505079825834,0.004208873317978249,0.18334823379963305,2.180390453470339,0.022124716902928648,44.28000712011234,0.4298411596215606,0.027027027027027053,0.35001045703813827,0.2968029847600918,0.15397739276257796,0.051189403623636186,0.020570962479608483,0.05117619731396233,0.5209857245415146,0.3452044511448537,0.14224887885281012,Specialty Industrial Machinery,Industrials,IEX
2013Q1,2013,Q1,2013-05-06,2013-03-31,61300000.0,494448000.0,94712000.0,0.74,211997000.0,0.4287548943468272,2822600000.0,1481647000.0,921918000.0,283622000.0,1340953000.0,239575000.0,1174841000.0,4313698560.0,4794991560.0,18.02556054357215,3.250516532567995,0.2913406079501169,0.5550161408216667,0.029495454615063706,18.02556054357215,0.04137287761524844,8.724271429958257,17.592571615008154,2.9114212494609037,0.2703915171288744,1.1789669205885422,0.003842410351454878,0.1751746616594629,2.1539866441954434,0.021717565365266065,66.80654421557999,0.4287548943468272,1.5103448275862068,0.46106190771510996,0.31208085764800286,0.18949706840769895,0.04505121809344467,1.5150438165334947,1.7541424806312655,0.6306131432098887,0.3546572081943265,0.11807722148064509,Specialty Industrial Machinery,Industrials,IEX
2012Q4,2012,Q4,2013-02-21,2012-12-31,-119019000.0,490838000.0,-125589000.0,-1.45,202858000.0,0.4132891096451375,2785390000.0,1464998000.0,881865000.0,291427000.0,1320392000.0,234950000.0,1113541000.0,3829232880.0,4296944880.0,17.801569942646058,3.026023669735474,0.28239348888306487,0.5369126783790831,-0.04885404944641329,17.801569942646058,-0.0812417491354937,7.8014189610421365,-8.04332266276813,2.6138144079377583,-0.13892739814651442,1.2257075973611407,0.004318097258164147,0.176218770082466,1.9729091676474726,-0.04272974341115607,49.10343126065938,0.4132891096451375,-3.4166666666666665,-4.050306548415456,0.397433722806359,0.2411553487292227,0.0411517142270581,-3.3743491531509964,-2.55840819973197,-4.500291740388417,0.3910862344564396,0.12415836635409742,Specialty Industrial Machinery,Industrials,IEX
2012Q3,2012,Q3,2012-11-02,2012-09-30,50127000.0,479859000.0,80588000.0,0.6,194840000.0,0.40603593972396057,2957435000.0,1608837000.0,843864000.0,294042000.0,1348598000.0,249564000.0,1249130000.0,3439499400.0,3966916400.0,19.505310249508984,2.86987573203828,0.26642005656929063,0.4897450767231236,0.02401485510830078,19.505310249508984,0.031157289396004692,7.167729270473202,17.153926027889163,2.1378793501143996,0.33235581622678395,1.1420677661842253,0.00484372813090184,0.16225512986760487,1.829697798273716,0.01694948494218808,37.54912008733624,0.40603593972396057,-0.07692307692307698,0.2788774657988484,0.40424662155510854,0.41046139306611584,-0.04073102164804813,-0.0777170613236187,-0.09094190637337846,0.6274506236763909,0.4351374676833983,0.25799387831521026,Specialty Industrial Machinery,Industrials,IEX
2012Q2,2012,Q2,2012-08-01,2012-06-30,54351000.0,494144000.0,88650000.0,0.65,203113000.0,0.41104010167076804,2856802000.0,1579253000.0,798089000.0,260900000.0,1277549000.0,254497000.0,1215516000.0,3242356399.9999995,3780587399.9999995,18.98597018514066,3.0589842851667304,0.2658010600664659,0.48082289538155065,0.026453503601742437,18.98597018514066,0.03441563827961701,6.561561811941457,14.913968464241686,2.0530949759158283,0.30783242258652094,1.143553755054087,0.005160136004789604,0.17297103544452852,1.8640053660406286,0.019025119696779825,45.94980939019032,0.41104010167076804,0.04838709677419359,0.2649993773794803,0.3898763853276095,0.43427841241719745,0.0011040519693034123,0.04178566636637212,0.048256453310314654,0.8645076620804643,0.40679137139643723,0.2595155750564993,Specialty Industrial Machinery,Industrials,IEX
2012Q1,2012,Q1,2012-05-08,2012-03-31,52171000.0,489417000.0,84569000.0,0.62,202889000.0,0.41455241644650676,2879126000.0,1600571000.0,829069000.0,249260000.0,1278555000.0,253564000.0,1194583000.0,3488532520.0,4016635520.0,19.329633834114293,3.3261213191045496,0.26870862893808745,0.48335625223748274,0.025104258429420566,19.329633834114293,0.032595242572806826,7.127934910311657,16.71681834735773,2.1795549963106917,0.271434321749631,1.1300026817687054,0.004059299983249116,0.16998804498309555,2.071603947685148,0.018120429602594676,69.45532323252434,0.41455241644650676,0.08336456486874323,0.37917875881951835,0.42348276256663486,0.5080825622585043,0.047969545769155277,0.10093272558453617,0.11273535874527967,1.2162128708176767,0.4389059443177095,0.3327701276459344,Specialty Industrial Machinery,Industrials,IEX
2011Q4,2011,Q4,2012-02-24,2011-12-31,47388000.0,480683000.0,76001000.0,0.5722911936621419,193602000.0,0.4027643998227522,2836107000.0,1513135000.0,789161000.0,258278000.0,1322972000.0,254258000.0,1142412000.0,3072856440.0,3651407440.0,18.273694507511713,3.0554712364196717,0.28518317538795257,0.5345260006542708,0.023094002319610746,18.273694507511713,0.03131776080785918,6.392687987717477,16.21115282349962,2.0307880261840485,0.29870431332826874,1.1290932832005287,0.004606463164286321,0.1694869058184335,1.8704806448865177,0.016708819519150722,89.22088324961528,0.4027643998227522,-0.013291045410100151,0.2887992542998604,0.5421629033911939,0.4977561689741629,0.06648965471652381,-0.01961271102284012,0.06585793422621135,0.8310232448759814,0.29910138099846273,0.24447033337482627,Specialty Industrial Machinery,Industrials,IEX
2011Q3,2011,Q3,2011-10-31,2011-09-30,48336000.0,476881000.0,71305000.0,0.58,181532000.0,0.38066519739725424,2893728000.0,1505421000.0,805306000.0,393159000.0,1388307000.0,271617000.0,1109168000.0,2567646320.0,3165784320.0,18.26922890221111,2.0482959820327147,0.2828873342622389,0.5437674909543576,0.023502528562035278,18.26922890221111,0.03210796182596098,5.384249571696084,13.280196540880505,1.7056001743034008,0.2916666666666667,1.0873730289341241,0.00549063159134783,0.16479814274181956,1.2178457061901165,0.01670371230468102,30.06435595105673,0.38066519739725424,-0.03333333333333337,0.016275057799687017,0.591110478286685,0.525391556071836,-0.017891245895076256,-0.03678609860109203,-0.10453478004244685,1.508473510119475,0.2926797124894219,0.18653250816787628,Specialty Industrial Machinery,Industrials,IEX
2011Q2,2011,Q2,2011-08-08,2011-06-30,50182000.0,453798000.0,79629000.0,0.6,184839000.0,0.4073155897557944,2923320000.0,1511650000.0,814005000.0,350126000.0,1411670000.0,282381000.0,1075006000.0,3766623350.0,4441799350.0,18.40087156577522,2.3248916104488098,0.30039030964793456,0.5809129097343962,0.022825317768449933,18.40087156577522,0.03319683789236927,8.300220252182688,18.76481283129409,2.4917297985644824,0.28035949145111794,0.9524684734454514,0.0037351756978833573,0.1552337752965806,1.3514991745828644,0.017166098819150828,84.57670034804087,0.4073155897557944,0.052631578947368474,0.3896173053645576,0.4781824888418169,0.6031374675095577,0.034353665360940124,0.046526662634772994,0.024549349596634115,0.0786382231267457,0.130650236883038,0.17443860234179875,Specialty Industrial Machinery,Industrials,IEX
2011Q1,2011,Q1,2011-05-03,2011-03-31,47951000.0,427089000.0,77721000.0,0.57,178700000.0,0.41841396055623065,2465428000.0,1472986000.0,704007000.0,328709000.0,992442000.0,215650000.0,1052991000.0,3554419500.0,3877055500.0,18.08898440378239,2.14173326559358,0.21018013910769245,0.3517915309446254,0.02660123974779007,18.08898440378239,0.03255360200300614,8.322432795038036,18.5315191549707,2.413070796328003,0.25632416425100624,1.1518154416879203,0.003457948618614094,0.17323117933275683,1.3316489661067996,0.0194493613279317,200.9849872773537,0.41841396055623065,0.11808590080215829,0.5457763805264363,0.5054680151834225,0.643131638182348,0.10316813591130207,0.15508394960614746,0.17751954427004424,0.15365869739704419,0.14401019096979936,0.19368237491202742,Specialty Industrial Machinery,Industrials,IEX
2010Q4,2010,Q4,2011-02-25,2010-12-31,41513000.0,405218000.0,66004000.0,0.5097998280731917,161988000.0,0.3997551935007823,2381695000.0,1375660000.0,692758000.0,353668000.0,1006035000.0,196546000.0,1005040000.0,3185541600.0,3478300600.0,16.89377379344222,1.9587805512514562,0.22164676837294447,0.38373944143174915,0.023766609143310767,16.89377379344222,0.030176787869095563,7.86130329847144,19.184000192710716,2.3156460171844784,0.29513646327656395,1.237522005026813,0.0038461277667822644,0.1701384938037826,1.268672879649841,0.017430023575646755,148.87795485348414,0.3997551935007823,0.08468048526211003,0.40200279782072057,0.5023351511244477,0.6207049206548247,0.0509624804551913,0.07647028316564672,0.057095725428017746,0.0752404688939908,0.16593962520349903,0.1778622768389209,Specialty Industrial Machinery,Industrials,IEX
2010Q3,2010,Q3,2010-11-04,2010-09-30,38564000.0,373731000.0,62439000.0,0.47,154133000.0,0.41241695229991626,2346461000.0,1335758000.0,660959000.0,280854000.0,1010703000.0,191698000.0,975702000.0,2859158670.0,3144733670.0,16.58976365239639,2.35339001758921,0.20951935702319366,0.36805244662581094,0.02304590211951647,16.58976365239639,0.028870498997572915,7.650311775046759,18.535153705528472,2.1404765459012784,0.3166943263146976,1.1455414245323374,0.004271536283783789,0.15927432844611525,1.482058293632991,0.016434963121057626,53.77593044688535,0.41241695229991626,-0.04081632653061228,0.30050954961844195,0.3933560641734252,0.6245352198588504,-0.004443841597716072,-0.04539828704391306,-0.00543166613571201,0.007884795058637725,0.12036740149469406,0.19963337432100903,Specialty Industrial Machinery,Industrials,IEX
2010Q2,2010,Q2,2010-08-06,2010-06-30,40398000.0,378526000.0,62780000.0,0.49,154821000.0,0.40901021330106785,2211527000.0,1272135000.0,577450000.0,237535000.0,939392000.0,170109000.0,949494000.0,2296142330.0,2607395330.0,15.828677723998059,2.431010166922769,0.21269964146944623,0.36976500135598817,0.024494538529530412,15.828677723998059,0.03175606362532278,6.066009547560801,14.209504987870686,1.804951777916652,0.301302044655676,1.3150685736792291,0.005301065112980169,0.17116046966643408,1.513747447744543,0.018267016409928526,39.19067282254348,0.40901021330106785,0.08888888888888884,0.3280795139765842,0.32486326247578007,0.6233536642681179,0.0493422167397537,0.10301706484641639,0.08441435061233656,-0.026865232565428537,0.10191657701640759,0.1957635314526962,Specialty Industrial Machinery,Industrials,IEX
2010Q1,2010,Q1,2010-05-05,2010-03-31,36625000.0,355598000.0,57893000.0,0.45,147541000.0,0.41490953267453695,2100539000.0,1291044000.0,484833000.0,183980000.0,809495000.0,166211000.0,933602000.0,2650648000.0,2964967000.0,16.12192807192807,2.635248396564844,0.18362287012999998,0.29875589058157587,0.02311237556841128,16.12192807192807,0.028368514163731057,7.454057671865421,18.093160409556315,2.0531043093806254,0.26476450511945393,1.2517643236608889,0.0036583507127313773,0.1692889301269817,1.5098108490053266,0.0174360009502323,135.3545422049737,0.41490953267453695,0.08912866080333673,0.4703934057589692,0.33922656399809475,0.6796174554981286,0.06119410499665547,0.10693021428355548,0.10396445529261455,0.0011433896713916331,0.0694481260559837,0.25781992581519864,Specialty Industrial Machinery,Industrials,IEX
2009Q4,2009,Q4,2010-03-01,2009-12-31,33087000.0,343344000.0,52441000.0,0.41317432567432566,139033000.0,0.4049379048417913,2098157000.0,1268104000.0,451712000.0,189682000.0,830053000.0,159463000.0,896977000.0,2494492000.0,2821066000.0,15.835464535464535,2.3814173195137123,0.19069116372130399,0.3155103997779362,0.021304994324034363,15.835464535464535,0.026091708566489815,7.265284962020598,18.847976546679966,1.967103644496035,0.292199353220298,1.281243924923023,0.0038757390282269898,0.16364075710254286,1.3533387459010344,0.015769553946630304,51.812067712119635,0.4049379048417913,0.11668736668736666,0.3860329410120349,0.34376527739422,0.6869111914703664,0.07729083047931938,0.11115961984081674,0.12735129092589806,-0.06953178954683542,0.1390117483523986,0.2979129473141862,Specialty Industrial Machinery,Industrials,IEX
2009Q3,2009,Q3,2009-11-04,2009-09-30,29777000.0,323249000.0,46517000.0,0.37,129058000.0,0.3992525885617589,2122843000.0,1236376000.0,458593000.0,206858000.0,886467000.0,162384000.0,873590000.0,2228733000.0,2601443000.0,15.50509154752947,2.21694592425722,0.21063215697062854,0.3616529275883712,0.01872132286059084,15.50509154752947,0.024084097394320176,6.894786990833691,18.711866541290256,1.8026336648398222,0.3246465392752796,1.1958752093802345,0.0043374419457153455,0.15227174124511328,1.2754933335911591,0.014026944055683816,28.799837181955624,0.3992525885617589,0.08823529411764697,0.2132770966319292,0.2873360401028206,0.7700680272991883,-0.015583405160906477,0.06643506912112312,-0.0046645982668235796,-0.3530316708601153,0.11452298048374857,0.29459956133450965,Specialty Industrial Machinery,Industrials,IEX
2009Q2,2009,Q2,2009-08-06,2009-06-30,27922000.0,336455000.0,46735000.0,0.34,131101000.0,0.3896538913079015,2128256000.0,1201023000.0,467544000.0,193227000.0,927233000.0,166977000.0,853484000.0,1957614750.0,2397581750.0,15.0740257295262,2.4196618484994334,0.2386381149636134,0.4228753321127072,0.018220191379096164,15.0740257295262,0.023248513975169503,5.818355352127328,17.527529815199482,1.6299560874354613,0.3502256285366378,1.2298340490007607,0.004995364894956987,0.1580895343417333,1.3916843919328044,0.01311966229626511,39.82939471007121,0.3896538913079015,0.21428571428571425,0.152456543769236,0.35747791329756895,0.7723623678138719,0.06418332061626378,0.23521344835213448,0.19340670565103035,-0.20276831157645558,0.13001249191192188,0.31329297891267877,Specialty Industrial Machinery,Industrials,IEX
2009Q1,2009,Q1,2009-05-08,2009-03-31,22605000.0,326613000.0,39161000.0,0.28,123194000.0,0.3771864561422846,2111258000.0,1153205000.0,477499000.0,185425000.0,958053000.0,176805000.0,844891000.0,1738949310.0,2219404310.0,14.503351653188787,2.57515976810031,0.2574540866156576,0.47134030809786637,0.015277793810827004,14.503351653188787,0.019601892118053597,5.324188902462548,19.2319100862641,1.5079273069402233,0.4212784782127848,1.1505274172110518,0.00547629533836153,0.1547006571437503,1.4497883241202643,0.010706886605047795,135.95100539441796,0.3771864561422846,-0.1041509737646868,0.1925102317977122,0.42049033268388036,0.761215184256742,-0.11458490552477055,-0.09041525832930951,-0.047363043689792744,-0.253723433155769,0.1790518634456304,0.3174269726306875,Specialty Industrial Machinery,Industrials,IEX
2008Q4,2008,Q4,2009-03-02,2008-12-31,24852000.0,355306000.0,41108000.0,0.31255266434419526,139137000.0,0.3915976651111999,2176317000.0,1167562000.0,505205000.0,219255000.0,1008755000.0,214160000.0,845396000.0,1920238950.0,2412885950.0,14.683913322349804,2.3041891861075006,0.2545585041149796,0.4744930033694142,0.015989650211680133,14.683913322349804,0.021285379277503035,5.4044653059616214,19.31674462819894,1.644656943271535,0.39843875744406887,1.0093808367575645,0.0051566499054714,0.16326022357956124,1.2160361223233223,0.011419292318168723,39.443726762935725,0.3915976651111999,0.3589246275834576,0.4313532976331584,0.6751644030790022,0.8404242926048098,-0.049591180147134165,0.3028571428571429,0.39742325865995853,-0.14044751342291503,0.3490465535707795,0.40870186063691805,Specialty Industrial Machinery,Industrials,IEX
2008Q3,2008,Q3,2008-11-10,2008-09-30,19075000.0,365193000.0,29417000.0,0.23,146397000.0,0.4008757013414824,2120188000.0,1255977000.0,657519000.0,210745000.0,864211000.0,190514000.0,830531000.0,2530363440.0,2768883440.0,15.397158338645614,3.1199743766162897,0.2228561806783172,0.37619876797106955,0.011479845098629008,15.397158338645614,0.015187380023678778,6.928838833164929,33.16334783748362,2.0146574658612377,0.5182699868938401,1.1484510324700548,0.0039069486397574574,0.1722455744490583,2.107599231298489,0.008996843676126834,37.76154606097688,0.4008757013414824,-0.5892857142857143,0.040913555561260424,0.6673832284971813,0.9971033029073914,-0.10300352923876281,-0.5858123072914405,-0.6014388684153479,-0.36504566514698433,0.3439153302951934,0.5077505943407474,Specialty Industrial Machinery,Industrials,IEX
2008Q2,2008,Q2,2008-08-07,2008-06-30,46054000.0,397310000.0,73808000.0,0.56,163208000.0,0.41078251239586216,2105064000.0,1274137000.0,582908000.0,231612000.0,830927000.0,197702000.0,821359000.0,2995902480.0000005,3288023480.0000005,15.667802070780354,2.516743519334059,0.19508147970798037,0.3223036455263445,0.028535509377681262,15.667802070780354,0.03614524968665065,7.5404658327250775,16.262987362661224,2.3513189554969367,0.2132496634385721,1.1841154869449981,0.003278144086986436,0.1887401048139154,1.548132221128439,0.021877719632277214,51.13683269040386,0.41078251239586216,0.1200000000000001,1.4354656227286573,0.7185248087224108,1.0927203820313127,0.05182158577532594,0.1129800140167718,0.08383383015903317,0.4962772853227995,0.37431204183295486,0.6068546183151801,Specialty Industrial Machinery,Industrials,IEX
2008Q1,2008,Q1,2008-05-08,2008-03-31,41379000.0,371662000.0,68099000.0,0.5,155167000.0,0.4174949281874391,2085961000.0,1228484000.0,568643000.0,212172000.0,857477000.0,200925000.0,794898000.0,2487946230.0,2837732230.0,15.15393439994079,2.6801038779857853,0.21553710735723247,0.3659811605197951,0.02682110589127402,15.15393439994079,0.03368297837008866,6.694109782544355,15.031454542159068,2.025216632858059,0.236569274269557,1.077491601343785,0.00393457056344823,0.1781730339157827,1.6087938087966367,0.019836900114623426,113.00627861555233,0.4174949281874391,0.054571235300239364,1.921239718163679,0.7038280036527865,1.1172894121504096,0.08065549566113688,0.07656884171089604,0.10697681979258103,0.6410275296748332,0.38268377878586524,0.5787697739411963,Specialty Industrial Machinery,Industrials,IEX
2007Q4,2007,Q4,2008-02-29,2007-12-31,38436000.0,345997000.0,61518000.0,0.4741263399410364,143586000.0,0.41499203750321534,1989594000.0,1162723000.0,637138000.0,198953000.0,826871000.0,177435000.0,753519000.0,2928950710.0,3280924710.0,14.342741189386556,3.202454851145748,0.22855466994773807,0.39109142934301633,0.025150358877766014,14.342741189386556,0.033056884571819774,8.465248860539253,19.050829365698824,2.5190442693573623,0.2539025913206369,1.1407614055851438,0.0033319099453196326,0.1739033189685936,1.4882057571386207,0.019318514229536277,54.060626995699444,0.41499203750321534,0.008779446683056276,1.8302958423162452,0.6534512145313113,1.056209118610202,0.043010205934696545,0.0006248047485160887,-0.02581237727243935,0.5905023243814339,0.3376615643493131,0.5278952236957168,Specialty Industrial Machinery,Industrials,IEX
2007Q3,2007,Q3,2007-11-08,2007-09-30,38412000.0,334884000.0,63148000.0,0.47,137665000.0,0.4110826435422415,1777280000.0,1117828000.0,466280000.0,340499000.0,659452000.0,178622000.0,724857000.0,3104757119.9999995,3333791119.9999995,13.829028107680127,1.369401965938226,0.17106252250630177,0.2719792311518409,0.029698827424163965,13.829028107680127,0.03436306837903506,9.271142007381659,20.206947828803496,2.777490919891074,0.2536967614287202,1.1041137149959133,0.003138731830978135,0.1884250090025207,0.7883987911858772,0.021612801584443644,59.26918753817959,0.4110826435422415,-0.07843137254901968,1.3317274916480666,0.5894722911780149,1.004545832420603,-0.06689305516016647,-0.0773000240211386,-0.08301749800333987,0.5439700990997727,0.31565506819930905,0.578727892511327,Specialty Industrial Machinery,Industrials,IEX
2007Q2,2007,Q2,2007-08-07,2007-06-30,41630000.0,344482000.0,68865000.0,0.51,147534000.0,0.4282778200312353,1749112000.0,1066860000.0,446268000.0,348472000.0,682252000.0,174054000.0,696206000.0,3106131300.0,3382750300.0,13.237297599106645,1.2806423471613215,0.18789191315364595,0.30804791631516787,0.0325995396253258,13.237297599106645,0.03902105243424629,9.016817424422756,18.653202618304107,2.9114703897418592,0.23319721354792217,1.1315338917807118,0.0031254313042079064,0.19694679357296732,0.7212774627516702,0.02380064855766812,55.21520398186828,0.4282778200312353,0.14179019269388612,1.3577543922903006,0.5992863158763235,0.9315105552068123,0.05634952457326154,0.1353533149698639,0.11881011177540941,0.6986285483584981,0.3739986055221205,0.5564049403375245,Specialty Industrial Machinery,Industrials,IEX
2007Q1,2007,Q1,2007-05-07,2007-03-31,36667000.0,333268000.0,61552000.0,0.446667,139664000.0,0.4190741385311521,1744240000.0,1028766000.0,466159000.0,337844000.0,715474000.0,169668000.0,674042000.0,2722537920.0,3021426920.0,12.817357827655162,1.3798054723481843,0.2157896849057469,0.36586454062439855,0.028941280067678713,12.817357827655162,0.035641729994964844,8.169214926125521,18.56258979463823,2.646411253871143,0.21967982109253553,1.1410755121767215,0.002958636476953092,0.19106774297115076,0.8105397757544902,0.02102176306012934,274.39406571255796,0.4190741385311521,0.005893682963440974,1.7166317657866634,0.6295352390140704,1.1401046469768503,0.11208077204828487,0.0287870710698353,0.04270637461672681,0.9162537904469782,0.43588109199109215,0.5564764454397689,Specialty Industrial Machinery,Industrials,IEX
