Quarters,Year,Quarter,FillingDate,Date,NetIncome,Revenue,OperatingIncome,EPSDiluted,GrossProfit,GrossProfitRatio,TotalAssets,CommonStockEquity,CurrentAssets,CurrentLiability,TotalLiability,Inventory,RetainedEarnings,MarketCap,EnterpriseValue,bookValuePerShare,currentRatio,debtToAssets,debtToEquity,roic,shareholdersEquityPerShare,roe,priceToSalesRatio,peRatio,pbRatio,payoutRatio,inventoryTurnover,dividendYield,assetTurnover,quickRatio,returnOnAssets,priceToFreeCashFlowsRatio,grossProfitMargin,epsdilutedGrowth,fiveYNetIncomeGrowthPerShare,fiveYRevenueGrowthPerShare,fiveYShareholdersEquityGrowthPerShare,grossProfitGrowth,netIncomeGrowth,operatingIncomeGrowth,threeYNetIncomeGrowthPerShare,threeYRevenueGrowthPerShare,threeYShareholdersEquityGrowthPerShare,Industry,Sector,Symbol
2023Q4,2023,Q4,2023-05-25,2023-03-31,-9431000.0,184529000.0,3533000.0,-0.0821,129276000.0,0.7005728097,840882000.0,99906000.0,272196000.0,228959000.0,740976000.0,38559000.0,-792917000.0,479233080.0,936706080.0,0.8693223347603634,1.1888416703427251,0.6765194165174186,5.694082437491242,0.0058278064865805975,0.8693223347603634,-0.09439873481072208,2.5970610581534608,-12.70366557098929,4.796839829439674,0.0,1.4329469125236651,0.0,0.21944696164265617,0.8732349459946978,-0.011215604567584988,58.52871030776746,0.7005728096938693,0.6430434782608696,0.42746535013801346,0.872421379721148,-0.6323378539221417,0.018811717327743147,0.6376872839031886,1.1953984845970909,0.8317087531456179,0.35802731148116673,-0.53171333112979,Software—Application,Technology,EGHT
2023Q3,2023,Q3,2023-02-07,2022-12-31,-26030000.0,184400000.0,-18081000.0,-0.23,126889000.0,0.6881182213,836107000.0,90027000.0,254577000.0,164769000.0,746080000.0,37912000.0,-783478000.0,489028320.00000006,972608320.0,0.7952844939532336,1.5450539846694462,0.6895528921537555,6.40407877636709,-0.02422429178098081,0.7952844939532336,-0.2891354815777489,2.651997396963124,-4.696776027660392,5.432018394481656,0.0,1.516960329183372,0.0,0.22054593491024474,1.1180258422397418,-0.03113237898977045,40.07771840681856,0.6881182212581345,-1.3,0.7609398418681208,0.9836141628386893,-0.6679389830087604,0.012269547111710317,-1.2364464301056792,0.27647058823529413,0.5118743853377511,0.3728021164586325,-0.6379513638153956,Software—Application,Technology,EGHT
2023Q2,2023,Q2,2022-11-03,2022-09-30,-11639000.0,187389000.0,-24990000.0,-0.1,125351000.0,0.668934676,855941000.0,84782000.0,263666000.0,168985000.0,771159000.0,36861000.0,-757448000.0,400244850.0,897548850.0,0.730797410635015,1.5602923336390804,0.6984313171118103,7.051213701021443,-0.03449846151735278,0.730797410635015,-0.1372814984312708,2.1359036549637387,-8.597062677205946,4.720870585737539,0.0,1.6830254198204064,0.0,0.21892747280478445,1.1200284048880078,-0.013597899855247033,36.558718487394955,0.6689346759948557,0.5454545454545454,-15.84742781289289,1.0432359077196351,-0.7816964755857371,0.036412643554614835,0.5530852820335599,0.06593406593406594,0.7589352794110292,0.4505860912728354,-0.6991082535020716,Software—Application,Technology,EGHT
2023Q1,2023,Q1,2022-08-01,2022-06-30,-26043000.0,187620000.0,-26754000.0,-0.22,120947000.0,0.6446380983,889147000.0,133522000.0,272717000.0,175416000.0,755625000.0,37100000.0,-745809000.0,616563150.0,1104551150.0,1.1152763508490573,1.554687143704109,0.653068615200861,4.348901304653915,-0.03395270680894602,1.1152763508490573,-0.19504650918949687,3.286233610489287,-5.9187032023960375,4.617689594224173,0.0,1.7971159029649595,0.0,0.21101122761478136,1.123455101017011,-0.029289869954012105,240.75093713393207,0.6446380982837651,0.4358974358974359,-8.19095036808898,1.0784645250161762,-0.6722203387856975,0.07155070833074927,0.4286685825856131,0.34004292163102195,0.3878221636938744,0.5631558423761933,-0.532711774491852,Software—Application,Technology,EGHT
2022Q4,2022,Q4,2022-05-27,2022-03-31,-45583000.0,181372000.0,-40539000.0,-0.39,112871000.0,0.6223176676,910268000.0,182366000.0,275622000.0,191527000.0,727902000.0,44173000.0,-766438000.0,1480747670.0,1926997670.0,1.5505598870873118,1.4390764748573308,0.5904360034627165,2.947122818946514,-0.049024396699220006,1.5505598870873118,-0.24995339043462048,8.164147001742275,-8.12116178180462,8.119647686520514,0.0,1.5507436669458718,0.0,0.19925120953389552,1.010040359844826,-0.050076460998299405,140.80902149106123,0.6223176675561829,-0.026315789473684233,-11.080849615365358,1.1146934341967996,-0.5101461959411587,0.163138911788953,-0.0461775033852792,0.06772606016005887,-0.3209485475005947,0.5768427608485693,-0.4038809438468087,Software—Application,Technology,EGHT
2022Q3,2022,Q3,2022-02-03,2021-12-31,-43571000.0,156874000.0,-43484000.0,-0.38,97040000.0,0.6185856165,755841000.0,117173000.0,368397000.0,121491000.0,638668000.0,0.0,-720856000.0,1902427600.0000002,2230145600.0,1.0322702845564267,3.0322986887917622,0.6986522297679009,4.506754969148183,-0.059496808111152835,1.0322702845564267,-0.3718518771389313,12.127105830156689,-10.915675564021942,16.23605779488449,0.0,0.0,0.0,0.20754894217170014,2.4145409948061998,-0.057645721785401956,423.0437180342451,0.6185856164820174,0.0,-25.297169089914778,0.9701647566977322,-0.6680425017790272,0.05375176457813009,-0.029463188734524148,-0.17027747127055468,-0.5400248704509437,0.46592236637075474,-0.5676964754525292,Software—Application,Technology,EGHT
2022Q2,2022,Q2,2021-11-03,2021-09-30,-42324000.0,151557000.0,-37157000.0,-0.38,92090000.0,0.6076261736508376,672842000.0,152551000.0,272875000.0,120940000.0,520291000.0,0.0,-677285000.0,2629550580.0,2934279580.0,1.3569497073526533,2.2562841078220606,0.605963955876714,2.6726668458417184,-0.05741957415643798,1.3569497073526533,-0.27744164246710934,17.35024169124488,-15.532266444570457,17.237190054473587,0.0,0.0,0.0,0.22524901834308797,1.6435753266082356,-0.0629033264867532,-1815.9879696132596,0.6076261736508376,0.050000000000000044,-1255.7332530801602,0.9200132398946735,-0.5659530174619186,0.03973083740727778,0.03603152188766911,0.04301130656501919,-0.6443983454013018,0.476323192399197,-0.46807172373922945,Software—Application,Technology,EGHT
2022Q1,2022,Q1,2021-08-05,2021-06-30,-43906000.0,148327000.0,-38827000.0,-0.4,88571000.0,0.5971333607502343,675658000.0,156796000.0,266230000.0,121202000.0,518862000.0,0.0,-634961000.0,3051518000.0,3347253000.0,1.4263907209460995,2.1965809145063613,0.5994497216047172,2.5831207428760936,-0.059715409618251315,1.4263907209460995,-0.28001989846679765,20.57290985457806,-17.375290393112557,19.46170820684201,0.0,0.0,0.0,0.21952970289702778,1.5698915859474265,-0.06498257994429134,-899.6220518867924,0.5971333607502343,0.04761904761904753,-66.65441320183872,1.0099186362596129,-0.5394330719290438,0.05938569002224721,0.025047741706266377,0.030197821960235786,-1.4208021315264316,0.5088693959049199,-0.472901160036341,Software—Application,Technology,EGHT
2021Q4,2021,Q4,2021-03-31,2021-03-31,-45034000.0,144719000.0,-40036000.0,-0.42,83606000.0,0.5777126707619594,678409000.0,160504000.0,276533000.0,121378000.0,517905000.0,0.0,-591055000.0,3502254839.9999995,3793556839.9999995,1.486685006622762,2.2782794246074247,0.5952648033855683,2.516030753127648,-0.06092442715479878,1.486685006622762,-0.2805786771669242,24.200380323247117,-19.442281609450635,21.82035862034591,0.0,0.0,0.0,0.21332116761422681,1.6808482591573433,-0.06638178443977011,-529.5214454188085,0.5777126707619594,-0.1052631578947368,-33.45914425452204,1.0782468058342454,-0.51999427230542,0.09608400959660186,-0.1195525170913611,-0.1356119699333428,-1.9102372073006455,0.5631777002072509,-0.37123690693237005,Software—Application,Technology,EGHT
2021Q3,2021,Q3,2020-12-31,2020-12-31,-40225000.0,136685000.0,-35255000.0,-0.38,76277000.0,0.5580495299411055,692811000.0,167403000.0,274264000.0,127754000.0,525408000.0,0.0,-546021000.0,3675915270.0,3971219270.0,1.5697808535178777,2.14681340701661,0.580506083188633,2.402471879237529,-0.05320240557668569,1.5697808535178777,-0.24028840582307365,26.893333357720305,-22.84596190180236,21.958479059515064,0.0,0.0,0.0,0.19729045872539552,1.557829891823348,-0.058060567745027145,-395.21720997742176,0.5580495299411055,-0.027027027027027053,-18.822989912528058,1.1283983917604556,-0.48536658246447395,0.05011220177044757,-0.047171530471454975,-0.06517010091244184,0.6078473613635671,0.5607854049986633,-0.34455778952585076,Software—Application,Technology,EGHT
2021Q2,2021,Q2,2020-09-30,2020-09-30,-38413000.0,129133000.0,-33098000.0,-0.37,72637000.0,0.5624975800144038,687244000.0,174459000.0,268539000.0,116413000.0,512785000.0,0.0,-505796000.0,1626841000.0,1901806000.0,1.6675492257694513,2.30677845257832,0.5773975473048873,2.2745344178288307,-0.04970798548809256,1.6675492257694513,-0.2201835388257413,12.598181719622405,-10.587828339364277,9.325062048962794,0.0,0.0,0.0,0.18789978522911804,1.6853787807203662,-0.05589426753816694,-126.81953539133146,0.5624975800144038,0.07500000000000007,-16.18562275412921,1.1457021143938395,-0.4483859206888574,0.042526623991732924,0.08350631069119366,0.12346398305084746,-60.657811262528334,0.5613619841585384,-0.5018703298313181,Software—Application,Technology,EGHT
2021Q1,2021,Q1,2020-06-30,2020-06-30,-41913000.0,121807000.0,-37760000.0,-0.4,69674000.0,0.5720032510446854,688093000.0,178866000.0,267801000.0,121540000.0,509227000.0,0.0,-467383000.0,1657712000.0,1934557000.0,1.726389143590684,2.2033980582524273,0.571921237390876,2.2001666051681146,-0.05664330086798498,1.726389143590684,-0.2343262554090772,13.609332796965692,-9.88781523632286,9.26789887401742,0.0,0.0,0.0,0.17702112941128598,1.6277933190719105,-0.06091182441908288,-80.5927366425203,0.5720032510446854,0.18367346938775503,-74.62209348216606,1.1659639321572655,-0.44897610935346743,0.09109416352161862,0.16341317365269462,0.18186939376868744,-16.092256218609688,0.5592543665379497,-0.4926143209443967,Software—Application,Technology,EGHT
2020Q4,2020,Q4,2020-03-31,2020-03-31,-50100000.0,121478000.0,-46154000.0,-0.49,63857000.0,0.5256671989989957,700641000.0,190731000.0,277162000.0,123425000.0,509910000.0,0.0,-422670000.0,1424017980.0,1676487980.0,1.8563892430627877,2.245590439538181,0.5564390322576042,2.044051570012216,-0.06818271777499116,1.8563892430627877,-0.2626736083803891,11.722435173447044,-7.105878143712575,7.466106610881293,0.0,0.0,0.0,0.17338123232868188,1.6906056309499695,-0.07150594955191032,-26.950131153125533,0.5256671989989957,-0.04255319148936174,-238.0174634369411,1.4160319647774835,-0.39339033628165293,0.02420286135882466,-0.06434959954111874,-0.0691716085989622,-14.199712900772827,0.6213541713943783,-0.4135284034488804,Software—Application,Technology,EGHT
2020Q3,2020,Q3,2019-12-31,2019-12-31,-47071000.0,118567000.0,-43168000.0,-0.47,62348000.0,0.525846146060877,732499000.0,219491000.0,302381000.0,121636000.0,513008000.0,0.0,-372570000.0,1828572600.0,2021749600.0,2.196623366225656,2.485949883258246,0.5160020696273988,1.7220341608539758,-0.06312249499955297,2.196623366225656,-0.21445526240255866,15.42227263909857,-9.711779014679951,8.330968467955406,0.0,0.0,0.0,0.16186643258216052,2.0755450688940775,-0.0642608385813496,-43.04448106212189,0.525846146060877,-0.11904761904761903,-96.05791035025337,1.5696568020919608,-0.31134584218817407,0.042260113674356406,-0.14998045538942636,-0.1376765760067468,-31.27289326429332,0.6915639166827028,-0.2936098150889463,Software—Application,Technology,EGHT
2020Q2,2020,Q2,2019-09-30,2019-09-30,-40932000.0,109517000.0,-37944000.0,-0.42,59820000.0,0.5462165691171234,666610000.0,238877000.0,267120000.0,109047000.0,427733000.0,0.0,-325499000.0,2037874160.0,2178600160.0,2.4287718727440955,2.4495859583482353,0.45445612877094554,1.2682049757825158,-0.06135410314746797,2.4287718727440955,-0.1713517835538792,18.60783403489869,-12.446705267272549,8.531060587666454,0.0,0.0,0.0,0.16428946460449137,2.038442139627867,-0.06140321927363826,-56.98593887195548,0.5462165691171234,-0.16666666666666666,-29.714098869102234,1.5047636705433896,-0.23945693114854244,0.014173335141733351,-0.19457172041441703,-0.16560685651092066,-1388.0475938710563,0.5858914503986608,-0.22310967243241633,Software—Application,Technology,EGHT
2020Q1,2020,Q1,2019-06-30,2019-06-30,-34265000.0,96675000.0,-32553000.0,-0.36,58984000.0,0.6101267132143781,558493000.0,230147000.0,357128000.0,88834000.0,328346000.0,0.0,-284567000.0,2354796180.0,2324086180.0,2.3866990220784206,4.020172456491884,0.4267108092670812,1.0354903605087182,-0.06705556618076133,2.3866990220784206,-0.14888310514584158,24.357860667183864,-17.180768860353133,10.231704866889423,0.0,0.0,0.0,0.17309975236932246,3.6007834838012474,-0.06135260424033963,-77.893426615064,0.6101267132143781,-0.24137931034482762,-3936.0258739590786,1.3426794775164157,-0.24684160929835175,1.0495500191111575,-0.21805126017560697,-0.13109798471160528,-59.188262434883,0.4933487959409176,-0.22935937489868774,Software—Application,Technology,EGHT
2019Q4,2019,Q4,2019-03-31,2019-03-31,-28131000.0,93767000.0,-28780000.0,-0.29,28779000.0,0.3069203451107532,546358000.0,249390000.0,397391000.0,74705000.0,296968000.0,0.0,-250302000.0,1974148610.0,1913600610.0,2.6010909583954778,5.319469914998996,0.39540923716683934,0.8662536589277838,-0.06235910697389861,2.6010909583954778,-0.11279923012149645,21.053767423507203,-17.54424487220504,7.915909258590961,0.0,0.0,0.0,0.17162190358702537,4.9081453717957295,-0.0514882183476768,-104.31432549537648,0.3069203451107532,-0.15999999999999992,-12.30245699840558,1.4099229767288743,-0.175439448571969,-0.573966336545721,-0.18341676833115983,-0.18739169898506478,-23.237763203008623,0.5162296774850453,-0.16018621784538944,Software—Application,Technology,EGHT
2019Q3,2019,Q3,2018-12-31,2018-12-31,-23771000.0,89912000.0,-24238000.0,-0.25,67551000.0,0.7513012723551917,304026000.0,227728000.0,161509000.0,71235000.0,76298000.0,0.0,-222170000.0,1720474800.0,1692149800.0,2.3878368459683337,2.2672703025198286,0.0,0.0,-0.10693784226906462,2.3878368459683337,-0.10438329937469261,19.135096538837974,-18.094261915779732,7.55495503407574,0.0,0.0,0.0,0.2957378645247446,1.8796939706604898,-0.07818739186780078,-145.22451253481893,0.7513012723551917,-0.08695652173913039,-224.3226572320931,1.2958737617021585,-0.3085949165342874,0.048619196199878915,-0.1065543245507867,-0.1023786783099104,-12.09884446916021,0.5655327220580716,-0.21717694937859683,Software—Application,Technology,EGHT
2019Q2,2019,Q2,2018-09-30,2018-09-30,-21482000.0,85682000.0,-21987000.0,-0.23,64419000.0,0.7518381923857986,309632000.0,239363000.0,175324000.0,66262000.0,70269000.0,0.0,-198400000.0,1924473810.0000002,1899796810.0000002,2.551001268237576,2.645920738885032,0.0,0.0,-0.09241556192214408,2.551001268237576,-0.08974653559656254,22.460654629910604,-22.396352876827113,8.039980322773362,0.0,0.0,0.0,0.2767220442331542,2.2302224502731582,-0.06937913393964448,-145.04626243593611,0.7518381923857986,-0.43750000000000006,-8.48812599796937,1.1623471820860596,0.2809424892877506,0.04128343974783803,-0.3990231195050472,-0.3756491271976475,-9.715936492181536,0.5874138118306396,-0.15614592111898642,Software—Application,Technology,EGHT
2019Q1,2019,Q1,2018-06-30,2018-06-30,-15355000.0,83225000.0,-15983000.0,-0.16,61865000.0,0.7433463502553319,315551000.0,251842000.0,186022000.0,60722000.0,63709000.0,0.0,-176918000.0,1865933200.0,1831376200.0,2.70611622109516,3.0635025196798527,0.0,0.0,-0.06384275256347292,2.70611622109516,-0.06097076738590068,22.420344848302793,-30.379895799413873,7.409142239975859,0.0,0.0,0.0,0.2637450047694351,2.6709429860676526,-0.04866091376671283,-336.44666426253156,0.7433463502553319,-0.14285714285714277,-6.593134025669828,1.1611794886559323,0.3897619320887461,0.03857840750751255,-0.15781933343387122,-0.16409322651128916,-29.84303828365972,0.6475559078620183,-0.13626965610536407,Software—Application,Technology,EGHT
2018Q4,2018,Q4,2018-03-31,2018-03-31,-13262000.0,79344000.0,-13730000.0,-0.14,59567000.0,0.7507435974994958,277209000.0,218774000.0,178598000.0,56263000.0,58435000.0,0.0,-201464000.0,1725609899.9999998,1693906899.9999998,2.364459719430214,3.174341929865098,0.0,0.0,-0.0634332434132124,2.364459719430214,-0.06061963487434521,21.748461131276464,-32.52921693560548,7.887637013539085,0.0,0.0,0.0,0.2862244732313886,2.9958942822103336,-0.0478411595583116,-455.5464361140443,0.7507435974994958,0.8541666666666666,-7.212923928387189,1.1549190044989344,0.2423020066665442,0.016814038441842205,0.8501807501129688,0.2475475420617088,-70.66908370992222,0.7522964804364487,-0.22736887178211915,Software—Application,Technology,EGHT
2018Q3,2018,Q3,2017-12-31,2017-12-31,-88520000.0,75575000.0,-18247000.0,-0.96,58582000.0,0.775150512735693,274925000.0,220409000.0,189154000.0,53356000.0,54516000.0,0.0,-188202000.0,1297608900.0,1265839900.0,2.3949950559062905,3.5451308194017543,0.0,0.0,-0.414543799467654,2.3949950559062905,-0.4016169938614122,17.1698167383394,-3.6647336760054228,5.887277289039921,0.0,0.0,0.0,0.27489315267800307,3.353212384736487,-0.3219787214694917,585.8279458239277,0.775150512735693,-95.0,-36.87527278539011,1.1509716236913743,0.2801109946223316,0.07238046423079739,-161.12454212454213,-3.089421783953384,-195.09424506709055,0.7783853143274001,-0.24915516763231915,Software—Application,Technology,EGHT
2018Q2,2018,Q2,2017-09-30,2017-09-30,-546000.0,72483000.0,-4462000.0,-0.01,54628000.0,0.7536663769435592,357843000.0,306940000.0,194215000.0,49339000.0,50903000.0,0.0,-99681000.0,1237801500.0,1203231500.0,3.3476207614872013,3.9363383935629015,0.0,0.0,-0.001984802579741828,3.3476207614872013,-0.001778849286505506,17.077128430114648,-566.7589285714286,4.032714862839643,0.0,0.0,0.0,0.2025553105691602,3.6934068384036967,-0.0015258088044198153,6801.107142857143,0.7536663769435592,0.5,-1.2437409771734858,1.1362114456105492,0.8211958582796856,0.039503729639214495,0.7482710926694329,0.18233461608942642,-1.4108613075965828,0.7782456390318552,0.04827044312555186,Software—Application,Technology,EGHT
2018Q1,2018,Q1,2017-06-30,2017-06-30,-2169000.0,69098000.0,-5457000.0,-0.02,52552000.0,0.7605429969029495,360146000.0,311817000.0,202101000.0,46425000.0,48329000.0,0.0,-99135000.0,1333405650.0,1280230650.0,3.40251846840457,4.353279483037157,0.0,0.0,-0.011147990775511204,3.40251846840457,-0.006956003040244759,19.29731178905323,-153.6889868603043,4.276244239409654,0.0,0.0,0.0,0.19186107856258294,4.141798599892299,-0.006022557518339785,754.1887160633485,0.7605429969029495,0.3333333333333333,-1.1942352235937168,1.1115152739430225,0.8856306455872885,0.020466814245213405,0.25846153846153846,-0.48046663049376015,-263.098643649815,0.7618646207426094,0.07371533246977698,Software—Application,Technology,EGHT
2017Q4,2017,Q4,2017-03-31,2017-03-31,-2925000.0,66488000.0,-3686000.0,-0.03,51498000.0,0.7745457826976296,333855000.0,288601000.0,197354000.0,43344000.0,45254000.0,908000.0,-114610000.0,1390418750.0,1349388750.0,3.1653523443926517,4.553202288667405,0.0,0.0,-0.012039309913819723,3.1653523443926517,-0.010135100016978458,20.912326284442305,-118.8392094017094,4.817789092899885,0.0,16.508810572687224,0.0,0.19915232660885715,4.3663021410114435,-0.00876128858336703,594.4500855066268,0.7745457826976296,-1.9999999999999996,-1.035267025042523,1.1156222285527053,0.8760959167419681,0.052891987487477254,-1.2075471698113207,-1.164415736934821,-0.45452197566334407,0.796983685013851,0.0034346035197664474,Software—Application,Technology,EGHT
2017Q3,2017,Q3,2016-12-31,2016-12-31,-1325000.0,63676000.0,-1703000.0,-0.01,48911000.0,0.7681229976757334,323848000.0,282275000.0,192483000.0,38491000.0,41573000.0,572000.0,-111685000.0,1298068200.0,1264611200.0,3.1096459338577125,5.000727442778832,0.0,0.0,-0.006172887210882073,3.1096459338577125,-0.004694004074041272,20.385517306363464,-244.9185283018868,4.598594278628997,0.0,25.812937062937063,0.0,0.1966231071366814,4.8250240315918,-0.004091425607074924,215.59013452914797,0.7681229976757334,-35.602076124567475,-1.3919826699288755,1.0927127447618796,3.009680484927657,0.05040374538269908,-50.074074074074076,-3.4934036939313984,-14.078306835868212,0.7082696694281135,-0.09959300189297017,Software—Application,Technology,EGHT
2017Q2,2017,Q2,2016-09-30,2016-09-30,27000.0,63183000.0,-379000.0,0.000289,46564000.0,0.7369703876042606,322032000.0,281324000.0,189235000.0,37275000.0,40708000.0,464000.0,-110360000.0,1388499410.0,1356405410.0,3.1262737951037374,5.076727028839705,0.0,0.0,-0.003031202456953548,3.1262737951037374,9.597474797742105e-05,21.975838595824825,12856.476018518519,4.93558818302029,0.0,35.81681034482759,0.0,0.19620099865851842,4.866666666666666,8.384259949321806e-05,909.8947640891218,0.7369703876042606,1.0289,-0.9770243255222335,1.2570768000775403,3.1373237673928482,0.05108236834382971,1.0511363636363635,0.5793562708102109,-0.9901863906364243,0.6626569174636635,0.5698059374395796,Software—Application,Technology,EGHT
2017Q1,2017,Q1,2016-06-30,2016-06-30,-528000.0,60041000.0,-901000.0,-0.01,44301000.0,0.737845805366333,315647000.0,276980000.0,184887000.0,35426000.0,38667000.0,463000.0,-110387000.0,1306630740.0,1279164740.0,3.0970324485095153,5.21896347315531,0.0,0.0,-0.0034980725335628285,3.0970324485095153,-0.0019062748212867356,21.762308089472192,-618.6698579545454,4.7174190916311645,0.0,33.99568034557235,0.0,0.19021565229512716,5.041805453621634,-0.001672754691158161,309.26171360946745,0.737845805366333,0.0,-1.1888001491868068,1.258636042045507,9.585366875665393,0.067211100672111,0.5092936802973977,0.6967351060249074,-1.2001328535783757,0.6224226845116821,0.5905221534203906,Software—Application,Technology,EGHT
2016Q4,2016,Q4,2016-03-31,2016-03-31,-1076000.0,57333000.0,-2971000.0,-0.01,41511000.0,0.7240332792632516,313452000.0,275306000.0,185900000.0,34734000.0,38146000.0,520000.0,-109859000.0,894213280.0,860637280.0,3.0972234722347225,5.352104566131168,0.0,0.0,-0.004511185691399708,3.0972234722347225,-0.00390837831358561,15.596833935081017,-207.76330855018588,3.248070437985369,0.0,30.426923076923078,0.0,0.18290838788714062,5.0071975585881265,-0.0034327424932685067,155.137626648161,0.7240332792632516,0.5,-1.3747952546656248,1.2085596191421655,11.158471866542007,0.0819172226855713,0.3595238095238095,-0.18413710641689918,-1.5247107197140604,0.6208475933316101,0.6273006907384027,Software—Application,Technology,EGHT
2016Q3,2016,Q3,2015-12-31,2015-12-31,-1680000.0,53168000.0,-2509000.0,-0.02,38368000.0,0.7216370749322901,303588000.0,269307000.0,174900000.0,30422000.0,34281000.0,786000.0,-108783000.0,1010909049.9999999,987043049.9999999,3.0502893905243007,5.7491289198606275,0.0,0.0,-0.0069967493629516575,3.0502893905243007,-0.00623823368868986,19.01348649563647,-150.43289434523808,3.7537421975663463,0.0,18.829516539440203,0.0,0.17513208690725587,5.407665505226481,-0.005533815565832641,154.92859003831416,0.7216370749322901,0.0,-1.8049046268383433,1.1435526628287433,10.146582140195662,0.03250807319698601,0.11205073995771671,-0.4997011356843993,-1.7097104395791096,0.5773386833124504,0.6303620234875293,Software—Application,Technology,EGHT
2016Q2,2016,Q2,2015-09-30,2015-09-30,-1892000.0,50942000.0,-1673000.0,-0.02,37160000.0,0.7294570295630325,298616000.0,267711000.0,168672000.0,26682000.0,30905000.0,879000.0,-107103000.0,732366390.0,703571390.0,3.0230360107049696,6.3215651000674615,0.0,0.0,-0.00804876154271386,3.0230360107049696,-0.007067322597876068,14.376475010796593,-96.77145745243128,2.7356604323318803,0.0,15.679180887372013,0.0,0.1705936721408096,5.969642455588037,-0.006335896268116913,624.353273657289,0.7294570295630325,-1.0,-1.6877416262467193,1.099428471145693,11.8916834734921,0.06016946734757924,-3.0084745762711864,-22.17721518987342,-1.87448301306952,0.5544559139528632,0.6446130115647757,Software—Application,Technology,EGHT
2016Q1,2016,Q1,2015-06-30,2015-06-30,-472000.0,47892000.0,79000.0,-0.01,35051000.0,0.7318758874133467,307032000.0,276439000.0,174137000.0,25688000.0,30593000.0,618000.0,-105211000.0,790567680.0000001,761269680.0000001,3.1330567928099464,6.778924011211461,0.0,0.0,-0.00043094856520004584,3.1330567928099464,-0.0017074291254128397,16.507301428213484,-418.7328813559322,2.859826869580631,0.0,20.77831715210356,0.0,0.15598374110841867,6.42350513858611,-0.001537299043747883,253.71234916559695,0.7318758874133467,-5.987531172069826,-1.3333593628247693,1.045474584739108,12.352694445567845,0.10564002271150086,-3.579234972677596,0.5192307692307693,-1.0439014321803415,0.5200573573854786,0.7362985558335564,Software—Application,Technology,EGHT
2015Q4,2015,Q4,2015-03-31,2015-03-31,183000.0,43530000.0,52000.0,0.002005,31702000.0,0.7282793475763841,295624000.0,272211000.0,191596000.0,21830000.0,23413000.0,704000.0,-104739000.0,747180000.0,694070000.0,3.0602698145025293,8.776729271644525,0.0,0.0,0.0001334281520108405,3.0602698145025293,0.0006722726120546194,17.164713990351483,1020.7377049180329,2.744856012431533,0.0,16.801136363636363,0.0,0.147247855383866,8.416674301420064,0.0006190295781127378,126.76959619952494,0.7282793475763841,-0.7995,-0.8829477536883975,0.9565789444317438,13.596796728752743,0.061367973484214404,-0.5878378378378378,-0.936969696969697,-0.9977383579769288,0.41975477781996906,0.8138137807273118,Software—Application,Technology,EGHT
2015Q3,2015,Q3,2014-12-31,2014-12-31,444000.0,41372000.0,825000.0,0.01,29869000.0,0.721961713236005,308018000.0,285781000.0,200317000.0,20052000.0,22237000.0,532000.0,-104922000.0,820681040.0,768083040.0,3.189733687523718,9.989876321563933,0.0,0.0,0.001196779375545222,3.189733687523718,0.0015536372257077971,19.836629604563473,462.0951801801802,2.8717130949923195,0.0,21.622180451127818,0.0,0.13431682564006,9.73079992020746,0.001441474199559766,282.9934620689655,0.721961713236005,0.0,-0.6928254784601621,0.8203269785208563,15.63053850918629,0.05428682362076877,-0.6560805577072037,-0.670263788968825,-0.8669188621814303,0.3775992825731945,3.112948287689336,Software—Application,Technology,EGHT
2015Q2,2015,Q2,2014-09-30,2014-09-30,1291000.0,39598000.0,2502000.0,0.01,28331000.0,0.7154654275468458,307333000.0,284452000.0,198566000.0,20349000.0,22881000.0,754000.0,-105366000.0,595007640.0,538959640.0,3.193470524176799,9.758022507248514,0.0,0.0,0.004202611177633562,3.193470524176799,0.004538551319730569,15.02620435375524,115.22223857474825,2.091768171782937,0.0,14.942970822281167,0.0,0.1288439575314073,9.476288761118482,0.004200655315244377,261.88716549295776,0.7154654275468458,113.94252873563218,-0.3189899712884359,0.7412243734614672,17.45410279707948,0.051360077188555314,160.375,3.9741550695825048,0.10985039604507633,0.42906847549397653,3.226252198651957,Software—Application,Technology,EGHT
2015Q1,2015,Q1,2014-06-30,2014-06-30,8000.0,37913000.0,503000.0,8.7e-05,26947000.0,0.7107588426133516,303154000.0,280741000.0,192749000.0,19786000.0,22413000.0,753000.0,-106657000.0,715823360.0,660750360.0,3.1689204442839083,9.741686040634793,0.0,0.0,2.1078670585427526e-05,3.1689204442839083,2.8496015900776873e-05,18.880683670508798,22369.48,2.549764231088441,0.0,14.563081009296148,0.0,0.12506184975293086,9.499494592135854,2.6389227917164214e-05,197.52300220750553,0.7107588426133516,1.00435,-0.986326504437866,0.7243455153324327,19.930701170716432,0.08129689819830666,1.0041131105398458,2.3485254691689006,-0.9971122037590143,0.43977502950306296,9.831073312998477,Software—Application,Technology,EGHT
2014Q4,2014,Q4,2014-03-31,2014-03-31,-1945000.0,35786000.0,-373000.0,-0.02,24921000.0,0.696389649583636,299203000.0,278178000.0,116933000.0,18121000.0,21025000.0,811000.0,-106665000.0,953269040.0,894110040.0,3.154517826363059,6.452899950333867,0.0,0.0,-0.011342708069989584,3.154517826363059,-0.006991926032971695,26.638043927792992,-122.52815424164524,3.4268311656565222,0.0,13.397040690505548,0.0,0.1196044157311257,6.172010374703383,-0.006500603269352246,396.04031574574157,0.696389649583636,-19.69158878504673,0.646560259668991,0.6136665719191245,20.89927059790116,0.07789792387543253,-22.853932584269664,0.79312257348863,-1.6828962975250026,0.3895396954071036,11.383386794065286,Software—Application,Technology,EGHT
2014Q3,2014,Q3,2013-12-31,2013-12-31,89000.0,32745000.0,-1803000.0,0.00107,23120000.0,0.7060619941975874,296551000.0,275397000.0,186758000.0,19470000.0,21154000.0,828000.0,-104720000.0,809381300.0,637267300.0,3.4536003611647565,9.592090395480225,0.0,0.0,0.0004787799445687958,3.4536003611647565,0.0003231698239269128,24.7177065200794,2273.54297752809,2.9389619349520872,0.0,11.6243961352657,0.0,0.11041945567541502,9.203081664098614,0.00030011701191363374,447.4191818684356,0.7060619941975874,-0.9643333333333333,-0.6135071717399725,0.579695935797316,19.801025965032522,0.05943270861018192,-0.9601075750784401,-1.7795071335927366,-0.9527888452961336,0.46166653022992077,11.620389470166135,Software—Application,Technology,EGHT
2014Q2,2014,Q2,2013-09-30,2013-09-30,2231000.0,30815000.0,2313000.0,0.03,21823000.0,0.7081940613337661,161898000.0,145320000.0,74509000.0,14845000.0,16578000.0,403000.0,-104809000.0,734807900.0,675462900.0,1.9915033575441963,5.019131020545638,0.0,0.0,0.010235046501851723,1.9915033575441963,0.01535232590145885,23.84578614311212,82.34064320932318,5.056481557941096,0.0,22.312655086848636,0.0,0.19033589049895613,4.441899629504884,0.01378028141175308,276.8680859080633,0.7081940613337661,0.0,42.275012769880526,0.6012056162860867,11.448744966489757,0.018053741369658517,0.043010752688172046,-0.27469426152398874,-0.015802406117627118,0.5412241751262491,7.492730761705159,Software—Application,Technology,EGHT
2014Q1,2014,Q1,2013-06-30,2013-06-30,2139000.0,30004000.0,3189000.0,0.03,21436000.0,0.7144380749233435,157281000.0,141190000.0,68132000.0,14303000.0,16091000.0,567000.0,-107040000.0,611259300.0,555344300.0,1.9471796993518136,4.763476193805495,0.0,0.0,0.01507887212306948,1.9471796993518136,0.0151497981443445,20.372593654179443,71.4421809256662,4.329338480062328,0.0,15.11111111111111,0.0,0.1907668440561797,4.293434943718101,0.013599862666183455,137.70202748366748,0.7144380749233435,0.4999999999999999,0.5419136893692127,0.5782064019753889,11.815269805082163,0.06024334751211791,0.28777844671884406,-0.12701888858472488,0.8382923675048953,0.5593493063199471,7.298635254785379,Software—Application,Technology,EGHT
2013Q4,2013,Q4,2013-03-31,2013-03-31,1661000.0,28651000.0,3653000.0,0.02,20218000.0,0.705664723744372,152611000.0,137033000.0,63670000.0,13735000.0,15578000.0,511000.0,-109179000.0,482386600.0,432081600.0,1.9032889802494515,4.635602475427739,0.0,0.0,0.012071599322870443,1.9032889802494515,0.01212116789386498,16.836640954940492,72.6048464780253,3.5202221362737443,0.0,16.50293542074364,0.0,0.1877387606397966,4.088023298143429,0.010883881240539673,93.23281793583301,0.705664723744372,-0.3333333333333333,1.073169342338622,0.5130162982389426,14.05754013473945,0.08326189455636519,-0.13489583333333333,0.32355072463768114,0.31257405381340314,0.5910140431570462,8.078259122486068,Software—Application,Technology,EGHT
2013Q3,2013,Q3,2012-12-31,2012-12-31,1920000.0,27340000.0,2760000.0,0.03,18664000.0,0.6826627651792245,148943000.0,133979000.0,51860000.0,13070000.0,14964000.0,573000.0,-110840000.0,528489180.0,483932180.0,1.8709276507799082,3.967865340474369,0.0,0.0,0.013961336808221682,1.8709276507799082,0.014330604049888415,19.33025530358449,68.8136953125,3.9445672829323994,0.0,15.141361256544503,0.0,0.18356015388437188,3.8352716143840855,0.012890837434454792,86.4533256993293,0.6826627651792245,0.4999999999999999,0.19536156061307106,0.49600068476490444,16.29267710893244,0.04419827682667562,0.10281447443997703,-0.001447178002894356,0.661891387384785,0.5050141667233569,8.754586869084926,Software—Application,Technology,EGHT
2013Q2,2013,Q2,2012-09-30,2012-09-30,1741000.0,26371000.0,2764000.0,0.02,17874000.0,0.6777899965871601,144719000.0,130988000.0,47050000.0,11911000.0,13731000.0,571000.0,-112760000.0,453932570.0,415824570.0,1.83814428649612,3.950130131810931,0.0,0.0,0.01324815586953451,1.83814428649612,0.01329129385897945,17.21332410602556,65.18273549684089,3.4654515680825724,0.0,14.880910683012258,0.0,0.18222209937879616,3.716732432205524,0.012030210269556866,601.2351920529801,0.6777899965871601,-0.8333333333333333,1.5909169322489356,0.5503620124990909,21.786212583753745,0.06039392501186521,-0.7979575258210514,-0.8079221681723419,0.14794268131479557,0.4494467085859423,9.622081325647375,Software—Application,Technology,EGHT
2013Q1,2013,Q1,2012-06-30,2012-06-30,8617000.0,25252000.0,14390000.0,0.12,16856000.0,0.6675114842388722,140624000.0,127605000.0,44570000.0,12980000.0,13019000.0,593000.0,-114501000.0,297011400.0,260737400.0,1.8044458899557392,3.4337442218798153,0.0,0.0,0.06749118069662977,1.8044458899557392,0.06752870185337566,11.761896087438618,8.61701868399675,2.327584342306336,0.0,14.158516020236087,0.0,0.1795710547275003,3.1647919876733437,0.06127688019114803,21.401599654128837,0.6675114842388722,-0.8620689655172414,13.816997750488001,0.496260489637848,17.290815804782724,0.018920389288520825,-0.8650705416281728,5.674397031539889,17.45084827808249,0.43880718974253347,10.918354646459319,Software—Application,Technology,EGHT
2012Q4,2012,Q4,2012-03-31,2012-03-31,63863000.0,24199000.0,2156000.0,0.87,16543000.0,0.6836232902186041,130733000.0,118450000.0,35886000.0,12215000.0,12283000.0,581000.0,-123118000.0,294861000.0,272435000.0,1.6872017662559646,2.9378632828489564,0.0,0.0,0.6483099959341908,1.6872017662559646,0.5391557619248628,12.18484234885739,1.1542716439879117,2.489328830730266,0.0,13.177280550774526,0.0,0.18510246074059342,2.181498158002456,0.48849946073294426,131.2827248441674,0.6836232902186041,20.75,34.18584772557797,0.4798599248948783,18.38289520274567,0.04676031384459631,23.695668986852283,-0.15517241379310345,15.576955917442477,0.37062868013756906,10.712879769994895,Software—Application,Technology,EGHT
2012Q3,2012,Q3,2011-12-31,2011-12-31,2586000.0,23278000.0,2552000.0,0.04,15804000.0,0.6789243062118738,66607000.0,53857000.0,25348000.0,12350000.0,12750000.0,539000.0,-186981000.0,220140650.0,200136650.0,0.7755345957232342,2.0524696356275305,0.0,0.0,0.04711147267062191,0.7755345957232342,0.04801604248287131,9.457025947246327,21.28196539056458,4.087503017249382,0.0,13.866419294990724,0.0,0.3494827870944495,1.9297975708502024,0.038824748149593885,83.57655656795748,0.6789243062118738,3.0,1.7479281329908942,0.556985240858601,3.5621429814501533,0.2020993382520727,2.108173076923077,1.9502890173410405,11.895140998872009,0.28949692727583165,3.6710428467118206,Software—Application,Technology,EGHT
2012Q2,2012,Q2,2011-09-30,2011-09-30,832000.0,19819000.0,865000.0,0.01,13147000.0,0.6633533477975679,61667000.0,48141000.0,22777000.0,13117000.0,13526000.0,654000.0,-189567000.0,258662599.99999997,241462599.99999997,0.7556270601161513,1.736448883128764,0.0,0.0,0.01750517495761742,0.7556270601161513,0.017282565796306684,13.051243755991724,77.72313701923076,5.373020917720861,0.0,10.20183486238532,0.0,0.32138745195971913,1.593352138446291,0.01349181896314074,3403.4552631578945,0.6633533477975679,-0.6666666666666666,1.2935872821817702,0.4400902050789469,2.560375842798359,0.05836419256158429,-0.5726759116589625,-0.4613947696139477,17.484074142777644,0.1795148459761185,3.723370676494396,Software—Application,Technology,EGHT
2012Q1,2012,Q1,2011-06-30,2011-06-30,1947000.0,18507000.0,1606000.0,0.03,12422000.0,0.6712054898146648,29269000.0,18217000.0,22166000.0,10624000.0,11052000.0,1566000.0,-190399000.0,304470960.0,287536960.0,0.2925767698830785,2.0864081325301207,0.0,0.0,0.10556357580922245,0.2925767698830785,0.10687819070099358,16.451664775490354,39.0948844375963,16.713562057418894,0.0,3.8856960408684547,0.0,0.6323072192422017,1.8774472891566265,0.06652089241176672,155.73962148337597,0.6712054898146648,-0.03225806451612906,1.3330064265184058,0.48091550110788195,0.19107461427031927,0.014206401045068583,-0.03182496270512183,-0.21003443187407772,0.6344668579667937,0.13365669357136922,0.925579979084223,Software—Application,Technology,EGHT
2011Q4,2011,Q4,2011-03-31,2011-03-31,2011000.0,18184000.0,2033000.0,0.031,12248000.0,0.673559172899252,26584000.0,15861000.0,22076000.0,10684000.0,10723000.0,2105000.0,-192346000.0,174961840.0,158487840.0,0.2547378902736734,2.0662673156121305,0.0,0.0,0.1251879528072299,0.2547378902736734,0.12678897925729776,9.62174659040915,21.750601690701146,11.030946346384214,0.0,2.8199524940617575,0.0,0.6840204634366537,1.8030700112317484,0.07564700571772495,120.74661145617668,0.673559172899252,0.5499999999999999,1.2971159344449612,0.7266372051598875,-0.22489597692968474,0.010644442610776466,0.3442513368983957,0.43370944992947813,1.9024224937909688,0.11039285714398099,1.0153145667516907,Software—Application,Technology,EGHT
2011Q3,2011,Q3,2010-12-31,2010-12-31,1496000.0,17778000.0,1418000.0,0.02,12119000.0,0.6816852289346383,29452000.0,17317000.0,24690000.0,12068000.0,12135000.0,2600000.0,-194357000.0,150608780.0,132022780.0,0.27365243912074716,2.0459065296652303,0.0,0.0,0.08188485303459028,0.27365243912074716,0.08638909741872149,8.471637979525257,25.168579545454545,8.697163480972455,0.0,2.1765384615384615,0.0,0.6036262393046312,1.7620152469340404,0.050794513106070895,80.58254681647941,0.6816852289346383,-0.3333333333333333,1.190949365283487,0.8160419197068844,-0.43255794472961656,0.0316676598280412,-0.24022346368715083,-0.2731932342388519,0.05398894521332836,0.10083591192372032,1.529324566780673,Software—Application,Technology,EGHT
2011Q2,2011,Q2,2010-09-30,2010-09-30,1969000.0,17367000.0,1951000.0,0.03,11747000.0,0.6763977658778142,25756000.0,14863000.0,21077000.0,10796000.0,10893000.0,1521000.0,-195853000.0,136273450.0,118398450.0,0.23449505387880032,1.9522971470915154,0.0,0.0,0.13106586471517614,0.23449505387880032,0.13247661979411962,7.846689123049462,17.302367953275773,9.168636883536298,0.0,3.694937541091387,0.0,0.6742894859450225,1.7301778436457946,0.07644820624320546,77.87054285714285,0.6763977658778142,0.4999999999999999,1.3005583070653666,1.0898631312241855,-0.34116600357229304,0.028093821109749693,0.9341846758349706,1.317102137767221,1.7513676643464788,0.1479168889149694,1.9068741702026397,Software—Application,Technology,EGHT
2011Q1,2011,Q1,2010-06-30,2010-06-30,1018000.0,16834000.0,842000.0,0.02,11426000.0,0.6787453962219318,26005000.0,14885000.0,21568000.0,11003000.0,11120000.0,2021000.0,-197822000.0,79297500.0,61205500.0,0.2346385447208298,1.960192674725075,0.0,0.0,0.05634561645807683,0.2346385447208298,0.06839099764863957,4.710556017583462,19.473845776031435,5.327342962714142,0.0,2.6759030183077686,0.0,0.6473370505671986,1.7060801599563755,0.0391463180157662,54.16495901639344,0.6787453962219318,0.17647058823529405,1.1681671566586613,1.3784428988327693,-0.48804319796865486,0.06456722258455232,-0.08699551569506726,-0.052868391451068614,0.951309890765688,0.11191885873727456,1.378420115604709,Software—Application,Technology,EGHT
2010Q4,2010,Q4,2010-03-31,2010-03-31,1115000.0,15867000.0,889000.0,0.017,10733000.0,0.6764353690048528,23712000.0,13300000.0,21449000.0,10134000.0,10412000.0,2174000.0,-198840000.0,91985100.0,73929100.0,0.20965351997225637,2.1165383856325244,0.0,0.0,0.06726439293178796,0.20965351997225637,0.08383458646616541,5.797258460956702,20.62446188340807,6.916172932330827,0.0,2.361545538178473,0.0,0.6691548582995951,1.836392342609039,0.047022604588394065,104.05554298642534,0.6764353690048528,-0.14999999999999997,1.1353562286073111,2.4421153823040282,-0.6206232717365938,-0.0029725963771481652,0.09960552268244575,-0.3027450980392157,-0.320151519162587,0.07383257131187003,1.4085395640182667,Software—Application,Technology,EGHT
2010Q3,2010,Q3,2009-12-31,2009-12-31,1014000.0,15944000.0,1275000.0,0.02,10765000.0,0.6751756146512795,23075000.0,12055000.0,21053000.0,10526000.0,11020000.0,2789000.0,-199955000.0,94278000.0,77208000.0,0.1917997836186597,2.0000950028500855,0.0,0.0,0.10545325077172106,0.1917997836186597,0.08411447532144338,5.913070747616659,23.244082840236686,7.820655329738698,0.0,1.856937970598781,0.0,0.690964247020585,1.666920007600228,0.043943661971830986,110.39578454332553,0.6751756146512795,0.0,1.1290595802794825,2.9983814771938584,-0.6114771586048413,-0.0037941884138441608,-0.2410179640718563,-0.07942238267148015,1.3240344493611846,0.17830575280862151,0.1282772445032161,Software—Application,Technology,EGHT
2010Q2,2010,Q2,2009-09-30,2009-09-30,1336000.0,16027000.0,1385000.0,0.02,10806000.0,0.6742372246833469,22388000.0,10863000.0,20265000.0,11241000.0,11525000.0,2853000.0,-200969000.0,55241120.0,39120120.0,0.1730493516423997,1.8027755537763543,0.0,0.0,0.12845852409183955,0.1730493516423997,0.12298628371536408,3.446753603294441,10.337035928143711,5.085254533738379,0.0,1.8300035050823695,0.0,0.7158745756655351,1.471666221866382,0.059674825799535466,94.10752981260647,0.6742372246833469,1.0,1.244867388007412,3.347674059850946,-0.571435337099198,0.05568581477139507,2.2270531400966185,2.251173708920188,1.4784627944755881,0.18191977169191706,-0.18462325700086568,Software—Application,Technology,EGHT
2010Q1,2010,Q1,2009-06-30,2009-06-30,414000.0,15558000.0,426000.0,0.01,10236000.0,0.6579251831854994,21223000.0,9491000.0,19260000.0,11518000.0,11732000.0,2589000.0,-202305000.0,37612800.0,22127800.0,0.15140058703420112,1.672165306476819,0.0,0.0,0.04311423620032264,0.15140058703420112,0.04362027183647666,2.417585807944466,22.713043478260868,3.9629965230218103,0.0,2.055619930475087,0.0,0.7330726099043491,1.3804479944434798,0.019507138481835745,-42.45237020316027,0.6579251831854994,1.1604363869725653,1.0994604803294314,3.6454480307849373,-0.7247973355718468,0.10815199740175381,1.1058282208588956,1.1064733816545864,1.070329836460184,0.23651851693312445,-0.3836510127782003,Software—Application,Technology,EGHT
2009Q4,2009,Q4,2009-03-31,2009-03-31,-3912000.0,15765000.0,-4001000.0,-0.06233,9237000.0,0.585918173168411,21856000.0,9030000.0,19928000.0,12514000.0,12826000.0,2297000.0,-202719000.0,35738428.800000004,19362428.800000004,0.14404670750382847,1.5924564487773694,0.0,0.0,-0.4355084392059968,0.14404670750382847,-0.43322259136212626,2.266947592768792,-2.28389754601227,3.957744053156147,0.0,2.8419677840661732,0.0,0.7213122254758418,1.341697299025092,-0.17898975109809664,1553.8447304347828,0.585918173168411,-22.605655666666667,-0.575993406610982,3.9390345515815337,-0.5641195750568494,-0.14653977640210664,-22.733333333333334,-52.294871794871796,0.4259293780090409,0.4868195065124581,-0.5617017068944873,Software—Application,Technology,EGHT
2009Q3,2009,Q3,2008-12-31,2008-12-31,180000.0,16203000.0,78000.0,0.0028848927781517453,10823000.0,0.6679627229525397,21933000.0,10349000.0,20108000.0,11518000.0,11584000.0,1901000.0,-198807000.0,29794696.0,13599696.0,0.16603028941795547,1.7457891995138044,0.0,0.0,0.006223178058244337,0.16603028941795547,0.017392984829452122,1.83883823983213,41.381522222222216,2.8789927529229873,0.0,2.83008942661757,0.0,0.7387498290247572,1.4666608786247612,0.008206811653672548,68.80992147806005,0.6679627229525397,3.0887454213254775,1.1284901028819578,1.6515515578785473,-0.5295481267159639,0.008667287977632806,3.090909090909091,1.3305084745762712,1.023324986560782,0.6803535613265178,-0.6557218018331252,Software—Application,Technology,EGHT
2009Q2,2009,Q2,2008-09-30,2008-09-30,44000.0,16425000.0,-236000.0,0.0007055691858693735,10730000.0,0.6532724505327245,21544000.0,9963000.0,19756000.0,11440000.0,11581000.0,1753000.0,-198987000.0,54175632.2,38403632.2,0.15997623558881147,1.726923076923077,0.0,0.0,-0.01708616964736739,0.15997623558881147,0.004416340459700893,3.298364213089802,307.8160920454546,5.437682645789421,0.0,3.248716486023959,0.0,0.7623932417378388,1.4407342657342657,0.0020423319717786854,67.80429561952441,0.6532724505327245,-0.9647215407065313,-0.9715608637059558,2.2688794853234597,0.6273090080920068,-0.027639329406434075,-0.9629629629629629,-1.216117216117216,1.0068355557561146,1.0115764944783145,-0.5505330245433993,Software—Application,Technology,EGHT
2009Q1,2009,Q1,2008-06-30,2008-06-30,1188000.0,16281000.0,1092000.0,0.02,11035000.0,0.6777839199066397,21602000.0,9435000.0,19619000.0,11815000.0,12167000.0,1717000.0,-199031000.0,70789440.0,57755440.0,0.15194215408399897,1.6605162928480746,0.0,0.0,0.11035172647862668,0.15194215408399897,0.12591414944356122,4.347978625391561,14.896767676767675,7.502855325914148,0.0,3.0553290623179965,0.0,0.7536802147949264,1.3873042742276767,0.0549949078789001,357.5224242424242,0.6777839199066397,0.8181818181818183,1.3631828137078075,3.600051181856154,4.108090717286743,0.013408026448709707,0.7192474674384949,0.5712230215827339,1.2004913781374393,1.35002422989431,-0.6684780866197877,Software—Application,Technology,EGHT
2008Q4,2008,Q4,2008-03-31,2008-03-31,691000.0,16332000.0,695000.0,0.011,10889000.0,0.6667278961547881,21551000.0,7849000.0,19405000.0,13258000.0,13702000.0,1539000.0,-200219000.0,60854080.0,49669080.0,0.1264010564287555,1.4636445919444863,0.0,0.0,,0.1264010564287555,0.0880366925723022,3.726064168503551,22.016671490593342,7.753099757930946,0.0,3.5367121507472383,0.0,0.7578302630968401,1.2350279076783828,0.03206347733283838,269.2658407079646,0.6667278961547881,-0.45000000000000007,1.0838718458647136,1.5762882147393737,0.6632486514828153,0.06078908913784705,-0.5025197984161267,2.6547619047619047,1.0856973282711093,2.6195604223079734,-0.771272052845451,Software—Application,Technology,EGHT
2008Q3,2008,Q3,2007-12-31,2007-12-31,1389000.0,15804000.0,-420000.0,0.02,10265000.0,0.6495191090863073,20054000.0,6700000.0,17726000.0,12843000.0,13354000.0,1896000.0,-200910000.0,55115030.0,46346030.0,0.10819190337009706,1.3802071167172778,0.0,0.0,,0.10819190337009706,0.2073134328358209,3.4874101493292837,9.919911807055435,8.226123880597015,0.0,2.9214135021097047,0.0,0.7880722050463748,1.1642918321264502,0.06926298992719657,38.978097595473834,0.6495191090863073,1.5,1.1802225280900855,2.0431919062802644,-0.4818589404669245,0.3355451470205569,1.5430023455824864,0.8761061946902655,1.1794293977597574,3.02247193361859,-0.7808390347463819,Software—Application,Technology,EGHT
2008Q2,2008,Q2,2007-09-30,2007-09-30,-2558000.0,14768000.0,-3390000.0,-0.04,7686000.0,0.5204496208017335,18808000.0,4991000.0,16257000.0,12833000.0,13817000.0,1889000.0,-202299000.0,77337500.0,71972500.0,0.08066914498141264,1.2668121249902595,0.0,0.0,,0.08066914498141264,-0.5125225405730315,5.2368296316359695,-7.558395230648945,15.495391705069123,0.0,3.749073583906829,0.0,0.7851977881752445,1.0489363360087276,-0.13600595491280307,135.6798245614035,0.5204496208017335,-5.0,0.40089149365780635,1.7746959854928177,-0.7578048631848376,-0.17998506348020912,-6.035433070866142,-4.621890547263682,0.5243092377028681,3.0646776722150437,-0.8002191594632685,Software—Application,Technology,EGHT
2008Q1,2008,Q1,2007-06-30,2007-06-30,508000.0,14742000.0,-603000.0,0.01,9373000.0,0.6358024691358025,19905000.0,6094000.0,16314000.0,11198000.0,13811000.0,2603000.0,-199741000.0,85863080.0,80345080.0,0.09865311144207732,1.4568672977317378,0.0,0.0,,0.09865311144207732,0.08336068263866098,5.824384751051418,42.25545275590551,14.089773547751886,0.0,2.0626200537840953,0.0,0.7406179351921628,1.0931416324343632,0.025521225822657624,703.795737704918,0.6358024691358025,-0.6153846153846154,1.1093125611832506,1.062717014938102,-0.7522841331858017,0.2131762878591768,-0.6819035691922355,0.7340097044552272,1.1238530411576195,3.4670724600142457,-0.8206770551236094,Software—Application,Technology,EGHT
2007Q4,2007,Q4,2007-03-31,2007-03-31,1597000.0,14388000.0,-2267000.0,0.026,7726000.0,0.5369752571587434,19958000.0,5377000.0,16799000.0,10941000.0,14581000.0,2629000.0,-200249000.0,90187120.0,83452120.0,0.08704591076863304,1.5354172379124396,0.0,0.0,,0.08704591076863304,0.2970057652966338,6.26821795941062,14.118209142141515,16.772758043518692,0.0,2.5340433624952454,0.0,0.7209139192303838,1.1578466319349237,0.08001803787954705,-148.33407894736843,0.5369752571587434,1.5199999999999998,1.234053755580904,1.9622189957503886,-0.8142134807638802,0.12788321167883213,1.5222367560497057,0.28485804416403787,1.652909845842599,3.574475120723959,-0.736602042261973,Software—Application,Technology,EGHT
2007Q3,2007,Q3,2006-12-31,2006-12-31,-3058000.0,13223000.0,-3170000.0,-0.05,6850000.0,0.5180367541405128,20896000.0,10441000.0,16635000.0,10299000.0,10455000.0,2848000.0,-206532000.0,,,,,,,,,,,,,,,,,,,,,,,,,,,,,,,Software—Application,Technology,EGHT
2007Q2,2007,Q2,2006-09-30,2006-09-30,-2728000.0,13248000.0,-2912000.0,-0.04,6879000.0,0.5192481884057971,24685000.0,13016000.0,20276000.0,11493000.0,11669000.0,3641000.0,-203474000.0,,,,,,,,,,,,,,,,,,,,,,,,,,,,,,,Software—Application,Technology,EGHT
2007Q1,2007,Q1,2006-06-30,2006-06-30,-5741000.0,12271000.0,-5984000.0,-0.09,4581000.0,0.37331920788851763,26250000.0,15018000.0,20774000.0,11037000.0,11232000.0,2685000.0,-200746000.0,,,,,,,,,,,,,,,,,,,,,,,,,,,,,,,Software—Application,Technology,EGHT
