Quarters,Year,Quarter,FillingDate,Date,NetIncome,Revenue,OperatingIncome,EPSDiluted,GrossProfit,GrossProfitRatio,TotalAssets,CommonStockEquity,CurrentAssets,CurrentLiability,TotalLiability,Inventory,RetainedEarnings,MarketCap,EnterpriseValue,bookValuePerShare,currentRatio,debtToAssets,debtToEquity,roic,shareholdersEquityPerShare,roe,priceToSalesRatio,peRatio,pbRatio,payoutRatio,inventoryTurnover,dividendYield,assetTurnover,quickRatio,returnOnAssets,priceToFreeCashFlowsRatio,grossProfitMargin,epsdilutedGrowth,fiveYNetIncomeGrowthPerShare,fiveYRevenueGrowthPerShare,fiveYShareholdersEquityGrowthPerShare,grossProfitGrowth,netIncomeGrowth,operatingIncomeGrowth,threeYNetIncomeGrowthPerShare,threeYRevenueGrowthPerShare,threeYShareholdersEquityGrowthPerShare,Industry,Sector,Symbol
2023Q1,2023,Q1,2023-05-08,2023-03-31,17155000.0,432090000.0,44317000.0,0.51,297643000.0,0.6888449166,6618190000.0,381185000.0,1124777000.0,553250000.0,6002859000.0,113107000.0,-62566000.0,811537717.4300001,3210576717.4300003,13.334983596660065,2.0330356981473114,0.3942180565985564,6.844471844380026,0.009701537971507957,13.334983596660065,0.04500439419179664,1.8781682460367055,11.826547907752841,2.1289864958747065,2.8486155639755175,1.1886709045417172,0.060216548104204605,0.06528824346233637,2.028786262991414,0.0025920984438343414,15.937191285127945,0.6888449165683075,1.2297297297297298,2.494348134406174,3.1379557922587074,0.28758107817651907,0.3557266164112141,1.2703490662674337,65.88579795021963,1.158319828895062,1910.9179250519753,0.4767635773344944,Financial Conglomerates,Financial Services,RILY
2022Q4,2022,Q4,2023-03-16,2022-12-31,-63455000.0,382092000.0,-683000.0,-2.22,219545000.0,0.5745867487,6111202000.0,446514000.0,1171506000.0,638994000.0,5426687000.0,101675000.0,-45220000.0,976263418.8000001,3253540418.8,15.642068017636554,1.8333599376519967,0.4165948040990954,5.7017137200625285,-0.0001603016354906512,15.642068017636554,-0.14211200544663774,2.555048048114067,-3.8462824789220713,2.1864116663755224,-0.4901898983531637,1.5986919104991395,0.031861277807821095,0.06252321556381216,3.5970071706463598,-0.010383391025202571,12.689622518002444,0.5745867487411409,-2.450980392156863,-8.509344314619984,2.1769920052288465,0.5376007629941763,-0.20253610554151047,-2.3264836841775196,-1.00659514682168,-4.4451549126653465,1.1504807492647502,0.1513623341423002,Financial Conglomerates,Financial Services,RILY
2022Q3,2022,Q3,2022-11-04,2022-09-30,47837000.0,340363000.0,103561000.0,1.53,275304000.0,0.8088540764,5833987000.0,513613000.0,1445909000.0,384708000.0,5077534000.0,0.0,46916000.0,1259607209.28,3442852209.2799997,18.153318424614596,3.758458363226135,0.4139621840089805,4.702081138911982,0.02612472437110654,18.153318424614596,0.09313821885349476,3.7007759635448036,6.582808334970839,2.452444173492494,0.6336935844639087,0.0,0.024066232533971985,0.058341405285956244,6.468298033833453,0.008199709735383367,-9.193609246691823,0.8088540763831557,1.3141683778234086,118.72974219071624,2.39183029527297,0.7222197869299263,31.864271218813418,1.3502284241661053,1.6523157742238235,0.30897339105991645,0.7742065827912303,0.6131181061999716,Financial Conglomerates,Financial Services,RILY
2022Q2,2022,Q2,2022-07-29,2022-06-30,-136588000.0,42700000.0,-158759000.0,-4.87,8377000.0,0.1961826698,5875217000.0,487909000.0,1572319000.0,452592000.0,4978947000.0,928000.0,32570000.0,1185178832.5,3155831832.5,17.39328672156318,3.4740317990596385,0.3721991885576311,4.481882892096682,-0.041765217483685356,17.39328672156318,-0.2799456456019463,27.75594455503513,-2.16925870592585,2.4290981156322182,-0.2647011450493455,36.98599137931034,0.030505944764247214,0.00726781666106971,4.940456305016439,-0.02324816257850561,-33.178769701296154,0.19618266978922716,-13.757575757575758,-32.49647890509359,-0.5156250888004446,0.5439439294085658,-0.9534406767414587,-13.852979556328838,-14.728727084053961,-6.774874371842447,-0.7571056455244594,0.6532362186805099,Financial Conglomerates,Financial Services,RILY
2022Q1,2022,Q1,2022-04-29,2022-03-31,-9196000.0,205589000.0,11564000.0,-0.33,179921000.0,0.8751489622,5251759000.0,654364000.0,1593178000.0,398602000.0,4206582000.0,0.0,205765000.0,1948738108.6799998,3880884108.68,23.491768974030652,3.9969142151820614,0.40857358458375564,3.2791076526214766,0.0028719080416677012,23.491768974030652,-0.01405334034268389,9.4788053284952,-52.977873767942576,2.978064362770568,-3.2501087429317095,0.0,0.01533710449181136,0.03914669351735295,6.40592119457504,-0.0017510323683931422,-129.2781019424174,0.8751489622499258,-1.1460176991150444,-1.4516525845319532,1.6764144034978392,1.7979535428270765,-0.5401192125428772,-1.1363461139281796,-0.8989690721649485,-2.0788102116811187,0.3614544244580571,1.3385190928342996,Financial Conglomerates,Financial Services,RILY
2021Q4,2021,Q4,2022-02-28,2021-12-31,67446000.0,422110000.0,114460000.0,2.26,391234000.0,0.9268531899,5851919000.0,661271000.0,1647237000.0,517753000.0,4801718000.0,0.0,248862000.0,2449798045.68,6361924045.68,23.985871473617575,3.18151126116121,0.7161854085813559,6.337884165493421,0.01718239187207861,23.985871473617575,0.10199449242443719,5.803695827343583,9.080590567565162,3.7046809034117634,1.6690537615277408,0.0,0.045951134706188904,0.07213189382833221,5.443553200078029,0.011525450027589241,11.267480041946076,0.9268531899267963,0.33727810650887563,2.7373983351208167,2.122811906110305,2.0522249910757897,0.1474349198155817,0.3342433234421365,0.18309800922001943,8.273308800025191,2.9282460864156814,1.4331413467240406,Financial Conglomerates,Financial Services,RILY
2021Q3,2021,Q3,2021-11-09,2021-09-30,50550000.0,381522000.0,96746000.0,1.69,340964000.0,0.893694203741855,5046851000.0,706695000.0,1785786000.0,430100000.0,4299644000.0,0.0,309550000.0,1627775072.6399999,4363684072.639999,25.632087320474376,4.152025110439433,0.6170410023993179,4.406588415087131,0.017266450566706212,25.632087320474376,0.07153015091376053,4.26653003664271,8.050321823145401,2.303362939655721,1.1318298714144412,0.0,0.035148590835223766,0.0755960498932899,3.31085794001395,0.010016146702171314,-85.60478951564554,0.893694203741855,-0.3449612403100776,2.892363427454677,3.6098311811899455,2.41341562346708,0.0996462054975215,-0.33202071991120036,-0.12164873575741068,15.920149591780449,2.6050752256831844,1.4801761607589765,Financial Conglomerates,Financial Services,RILY
2021Q2,2021,Q2,2021-08-02,2021-06-30,75676000.0,336770000.0,110145000.0,2.58,310067000.0,0.9207084954122992,4106727000.0,724169000.0,1172162000.0,295332000.0,3344980000.0,0.0,338260000.0,2064485892.0,4450219892.0,26.48347451143541,3.968963742499966,0.6533499791926758,3.7051157947937567,0.025012693830475805,26.48347451143541,0.10450046881321902,6.130254749532321,6.82014737829695,2.8508343936291114,1.1612003805697975,0.0,0.04256507653577126,0.08200447704461485,3.5594754378123605,0.018427326676450615,-19.625509934026656,0.9207084954122992,-0.7071509648127129,492.45002165182495,9.902223579256841,2.562658202312562,-0.45054950896828405,-0.7028304850464941,-0.7046876759487155,3.139690253013529,1.4949862887456795,1.5560529114394275,Financial Conglomerates,Financial Services,RILY
2021Q1,2021,Q1,2021-05-10,2021-03-31,254656000.0,600159000.0,372978000.0,8.81,564322000.0,0.940287490481689,4111811000.0,731997000.0,1113648000.0,344669000.0,3345991000.0,0.0,352910000.0,1520696864.5,3890586864.5,27.138867596448577,3.2310651668702435,0.6341439331720257,3.562145746498961,0.0791846551043294,27.138867596448577,0.34789213616995696,2.5338233109892547,1.4928932211493153,2.077463247117133,0.38063897964312643,0.0,0.0637418293302465,0.14595977295649046,2.9364520743089746,0.06193280770930376,-35.36915605302942,0.940287490481689,0.3450381679389314,626.7836444968385,17.395782796172377,3.0614654715928156,0.4538536052514968,0.4840612142615709,0.48556566348558955,53.9737165713772,5.091211676592441,1.6204375991191433,Financial Conglomerates,Financial Services,RILY
2020Q4,2020,Q4,2021-03-04,2020-12-31,171594000.0,410206000.0,251068000.0,6.55,388156000.0,0.9462465200411501,2662730000.0,512586000.0,637581000.0,253850000.0,2123770000.0,0.0,203080000.0,1120177413.96,2814631413.96,20.23478838041399,2.5116446720504233,0.6752678641845024,3.507813323032623,0.07778221022149939,20.23478838041399,0.3347613863819925,2.7307679896442276,1.6320171654603308,2.18534531563484,0.08421040362716645,0.0,0.012899742326456146,0.15405467321132824,2.1622375418554265,0.06444288380722041,-37.67074972962066,0.9462465200411501,2.742857142857143,110.86333821381568,12.343737686035864,2.010807563643474,1.1303725006997767,2.5468695094979226,2.006766386031305,29.977416232288146,2.8434658116991653,0.9890609104672132,Financial Conglomerates,Financial Services,RILY
2020Q3,2020,Q3,2020-10-30,2020-09-30,48379000.0,226253000.0,83501000.0,1.75,182201000.0,0.8052976093134677,2300082000.0,373859000.0,672894000.0,202604000.0,1900101000.0,0.0,43938000.0,637684077.52,2112918077.52,14.692081659677568,3.321227616434029,0.6908971071466148,4.250586451041703,0.029914164917509232,14.692081659677568,0.12940440112448812,2.8184557885199313,3.2952524727671095,1.7056806911696654,0.19473325203083983,0.0,0.01477377330266573,0.09836736255490022,2.877652958480583,0.021033597932595446,8.759516992266377,0.8052976093134677,-0.4299674267100977,20.108902898500386,5.789520800614205,1.1467677146351716,-0.26055389160802267,-0.4229604007633588,-0.3642378559463987,133.63267477989393,1.506926458193191,0.39384949647431594,Financial Conglomerates,Financial Services,RILY
2020Q2,2020,Q2,2020-08-03,2020-06-30,83840000.0,266468000.0,131340000.0,3.07,246402000.0,0.9246963988171187,2295272000.0,310009000.0,611576000.0,182466000.0,1959053000.0,0.0,5927000.0,557645369.6,1434811369.6,12.096927918255236,3.3517258009711397,0.4034619862046851,2.987187468750907,0.07303950919286765,12.096927918255236,0.2704437613101555,2.092729219268355,1.6628261259541988,1.7988038076313915,0.1069537213740458,0.0,0.016080112000987374,0.11609430167753539,2.7642410092839214,0.036527261257053634,44.38438153454314,0.9246963988171187,1.8015665796344649,5.1314389630823944,2.7139466507250622,0.7461217661983748,9.381020408163264,1.8497440835149241,2.084164300336789,20.16209660932431,2.3086954266912736,0.07380386024043097,Financial Conglomerates,Financial Services,RILY
2020Q1,2020,Q1,2020-05-11,2020-03-31,-98665000.0,-206000.0,-121144000.0,-3.83,-29400000.0,-142.71844660194174,2130896000.0,235035000.0,638528000.0,190206000.0,1867875000.0,0.0,-70232000.0,479447051.46000004,1283790765.46,9.02987032002051,3.3570339526618507,0.4357672612835164,3.9507933456719213,-0.07186865045901232,9.02987032002051,-0.4197885421320229,-2327.4128711650487,-1.2148356850453557,2.0398964046205883,-0.1080829068058582,0.0,0.022242289252851294,-9.667294884405434e-05,2.693132708747358,-0.04630211892086709,28202.767732941178,142.71844660194174,-7.491525423728814,-23.7797470650027,-1.0049002802586586,0.39510003310019665,-1.1982227376313057,-6.760114425827544,-4.224745122048606,-6.18586621271058,-1.002869943558153,0.07548978883200422,Financial Conglomerates,Financial Services,RILY
2019Q4,2019,Q4,2020-03-10,2019-12-31,17129000.0,165237000.0,37567000.0,0.59,148318000.0,0.8976076786676108,2318178000.0,360660000.0,516016000.0,204062000.0,1927927000.0,0.0,39536000.0,668454039.14,1431120039.1399999,13.585704129611822,2.528721663023983,0.3474379447997522,2.233191925913603,0.021138379801124402,13.585704129611822,0.04749348416791438,4.045425898194714,9.756174311693618,1.8534188408473353,0.9546967131764843,0.0,0.024463910818818543,0.07127882328276776,1.9915025825484411,0.00738899256226226,-8.659740632198053,0.8976076786676108,-0.512396694214876,4.685146444197281,4.055936457961586,1.2559681707801942,-0.05190554724555415,-0.5006413620197073,-0.37232460610516116,-0.014280500573281561,0.2695085667019481,0.7287937906017938,Financial Conglomerates,Financial Services,RILY
2019Q3,2019,Q3,2019-11-01,2019-09-30,34302000.0,180063000.0,59851000.0,1.21,156438000.0,0.8687959214275004,2106891000.0,298852000.0,661164000.0,192500000.0,1807487000.0,0.0,41957000.0,627257987.26,1586022987.26,11.253558158477581,3.434618181818182,0.38100499741087696,2.68606534338067,0.036115436020230415,11.253558158477581,0.11477922182217284,3.4835473543148785,4.57158465439333,2.098891716501814,0.43898314967057317,0.0,0.02400607135474932,0.08546384222059898,4.545454545454546,0.0162808612310746,14.122978953933444,0.8687959214275004,0.475609756097561,24.677946905603758,4.218483259256797,1.0065306432677326,0.17494460926058056,0.5481337726226475,0.35241215681843857,1.742163866060944,1.2587681458672269,0.4986321932142934,Financial Conglomerates,Financial Services,RILY
2019Q2,2019,Q2,2019-08-09,2019-06-30,22157000.0,164684000.0,44255000.0,0.82,133145000.0,0.8084877705180831,1978983000.0,276468000.0,544917000.0,165628000.0,1701805000.0,0.0,22424000.0,532136628.0,1411408628.0,10.52075107297444,3.2900053131113096,0.3358245118831238,2.4038622914767713,0.031041596467785617,10.52075107297444,0.08014309070127465,3.231258822957907,6.004159272464683,1.9247675246321454,0.3333032450241459,0.0,0.013878014801867764,0.08321648038411648,4.023673533460526,0.01119615479263844,-64.47015119941847,0.8084877705180831,1.7333333333333334,6.395611410325613,1.0847217527445048,-0.4192536297426981,0.15109624096552202,1.7616851551788608,0.7717591480502842,150.7266093150185,4.547533535517575,0.4152916411491488,Financial Conglomerates,Financial Services,RILY
2019Q1,2019,Q1,2019-05-01,2019-03-31,8023000.0,142128000.0,24978000.0,0.3,115668000.0,0.8138297872340425,1917986000.0,263367000.0,380701000.0,167525000.0,1654061000.0,0.0,7468000.0,445430482.84999996,1126141482.85,10.04557501626317,2.272502611550515,0.28955946498045343,2.108734199804835,0.020328498158298222,10.04557501626317,0.030463193946090438,3.1340093637425417,13.879798169325687,1.6912919342590376,0.3248161535585193,0.0,0.005850520115565549,0.07410273067686625,3.426772123563647,0.004183033661351022,62.054957209529114,0.8138297872340425,1.8823529411764706,1.3289943037733833,-0.640938380928313,3.6099350214535857,0.5060153117025155,1.9111868256672346,4.82277318640955,19.348101689315406,3.4819047026557706,0.5033698781222326,Financial Conglomerates,Financial Services,RILY
2018Q4,2018,Q4,2019-03-06,2018-12-31,-8805000.0,102031000.0,-6534000.0,-0.34,76804000.0,0.7527516147053347,1957710000.0,258058000.0,380139000.0,185802000.0,1699050000.0,0.0,1579000.0,371721352.0,1006328352.0,9.857985236209945,2.0459359963832466,0.2760725541576638,2.094374132946857,-0.005880761076571367,9.857985236209945,-0.034120236535972535,3.6432197273377698,-10.55426893810335,1.4404566105294156,-0.5419647927314026,0.0,0.012837573021632614,0.05211752506755342,3.086086263872294,-0.0044976017898463,-12.801644522505768,0.7527516147053347,-4.4,-1.5164726068910261,-0.6926650112881574,4.3960628898726934,-0.09693349637851566,-4.128997867803838,-1.5089577815859168,-4.455304076692273,2.211785554985629,0.4668053825655755,Financial Conglomerates,Financial Services,RILY
2018Q3,2018,Q3,2018-11-06,2018-09-30,2814000.0,99681000.0,12838000.0,0.1,85048000.0,0.8532017134659564,1920901000.0,268384000.0,446901000.0,94812000.0,1651755000.0,0.0,14842000.0,571577623.97,1017634623.97,10.334784974560241,4.713548917858499,0.2381455369121053,1.7044756766424227,0.010097399615729516,10.334784974560241,0.010484976749731728,5.734067916353167,50.77981733919688,2.1297008166284135,2.9719260838663826,0.0,0.014631433508388955,0.051892835705744336,6.3004261064000335,0.0014649375475362864,4.41737670484493,0.8532017134659564,-0.84375,-0.5753982272039839,-0.7469117672938047,3.813517692045486,-0.20369278016535117,-0.8344413720068248,-0.5491958704965236,0.20310130616620709,1.9310720433759094,0.5100911657721824,Financial Conglomerates,Financial Services,RILY
2018Q2,2018,Q2,2018-08-03,2018-06-30,16997000.0,125501000.0,28478000.0,0.64,106803000.0,0.8510131393375352,1877169000.0,263422000.0,510375000.0,87774000.0,1612893000.0,0.0,20408000.0,573315213.9,1033639213.9,10.361082273731721,5.8146489848930205,0.26159498691913197,1.8641495395221357,0.02898879716476724,10.361082273731721,0.06452384387029178,4.568212316236524,8.432594191622051,2.176413564167002,0.45713949520503616,0.0,0.013552753898059428,0.0668565270361912,4.8785403422425775,0.00905459231427751,-3.678540261398488,0.8510131393375352,2.7647058823529407,1.6262448030461187,-0.5354443264680672,3.6672635829667564,0.3533585919383656,2.774594714634688,1.6860969628372005,0.25295566200835723,0.7631532983371835,0.4955624603031039,Financial Conglomerates,Financial Services,RILY
2018Q1,2018,Q1,2018-05-08,2018-03-31,4503000.0,95778000.0,10602000.0,0.17,78917000.0,0.8239574850174362,1430329000.0,271543000.0,224167000.0,66823000.0,1158664000.0,0.0,10882000.0,511275901.5,800599901.5,10.356616622189849,3.354638373015279,0.14880912013949238,0.7838390236537123,0.018175035650084607,10.356616622189849,0.016583008952541587,5.338135077992859,28.38529322118588,1.8828542864297737,0.39506995336442374,0.0,0.00347953031774176,0.06696221638518131,4.556066025170974,0.0031482267366459045,-9.338713770366041,0.8239574850174362,1.7391304347826086,-0.8089168951349082,-0.7499815351238703,4.562705928395377,-0.17172724314906748,1.7366268607884836,-0.25427305338679046,0.0320911136740237,1.2617769675788542,0.6000801429438786,Financial Conglomerates,Financial Services,RILY
2017Q4,2017,Q4,2018-03-14,2017-12-31,-6113000.0,110177000.0,14217000.0,-0.23,95279000.0,0.8647812156802236,1386904000.0,266030000.0,237530000.0,79054000.0,1121058000.0,0.0,6582000.0,473324086.20000005,691725086.2,10.173036066382206,3.00465504591798,0.14843421029862197,0.7738375371198737,-0.015189156364791888,10.173036066382206,-0.022978611434800587,4.296033529684054,-19.357274914117454,1.7792131947524716,-0.5336168820546376,0.0,0.006891683933070887,0.07944097068001822,4.24223948187315,-0.0044076590737354565,-14.219914865108455,0.8647812156802236,-24.0,-1.14074292741569,-0.8033733754071689,3.859031810411505,0.2339601626648017,-17.61141304347826,9.484513274336283,-0.33509734804726693,2.422323381505964,0.6892790647438418,Financial Conglomerates,Financial Services,RILY
2017Q3,2017,Q3,2017-11-09,2017-09-30,368000.0,92426000.0,1356000.0,0.01,77214000.0,0.8354142773678402,1226077000.0,274684000.0,184937000.0,67425000.0,951440000.0,0.0,15956000.0,444314304.5,1188044304.5,10.540651409524898,2.742855024100853,0.6901189729519435,3.0804087606121944,-0.0001195131046001438,10.540651409524898,0.001339721279725066,4.807243681431632,301.84395686141306,1.6175470886545997,13.894021739130435,0.0,0.011507619602195365,0.0753835199583713,3.6479050797182055,0.0003001442813134901,13.146560478740717,0.8354142773678402,-0.9333333333333332,1.037024444553442,-0.6426738943689485,3.1592421279341973,0.6606589814177564,-0.8878048780487805,-0.4703125,1.2588646888172121,1.729696519210469,0.8794180254253191,Financial Conglomerates,Financial Services,RILY
2017Q2,2017,Q2,2017-08-08,2017-06-30,3280000.0,66676000.0,2560000.0,0.15,46496000.0,0.6973423720679105,1341420000.0,239018000.0,194660000.0,69881000.0,1101341000.0,0.0,19054000.0,393572177.95,473408177.95,11.265491181552154,2.7855926503627595,0.07924587377555128,0.4447447472575287,0.030553076089696853,11.265491181552154,0.013722815854872854,5.902756283370328,29.997879416920732,1.6466215011003356,1.024390243902439,0.0,0.008537188826459322,0.0497055359246172,3.0803079520899814,0.0024451700436850504,-8.92858842899274,0.6973423720679105,-0.7887323943661971,-0.6418238283951756,-0.7706501936739005,3.5236459929772974,0.3195220932542498,-0.7660651879323871,-0.7609933713005321,1.9892844894757762,0.04540332846714681,-0.3781439112595235,Financial Conglomerates,Financial Services,RILY
2017Q1,2017,Q1,2017-05-10,2017-03-31,14021000.0,52897000.0,10711000.0,0.71,35237000.0,0.6661436376354046,254933000.0,161051000.0,99414000.0,57087000.0,92928000.0,0.0,18888000.0,287726235.0,285032235.0,8.3960539781852,1.7414472647012456,0.108867820172359,0.17233050400183791,0.07845309683467636,8.3960539781852,0.08705937870612415,5.439367733519859,5.130273072534056,1.786553545150294,0.35803437700591967,0.0,0.01744714033463094,0.2074937336476643,2.3634627848722127,0.05499876438122958,-7.368904241151462,0.6661436376354046,0.10937499999999992,-0.01757423170357461,-0.7953041229025671,2.7255106175173163,-0.4582506956936181,0.12709003215434084,-0.6595142729989192,1.7858305845043514,-0.8173503963738415,3.1813739167946284,Financial Conglomerates,Financial Services,RILY
2016Q4,2016,Q4,2017-03-10,2016-12-31,12440000.0,93178000.0,31458000.0,0.64,65043000.0,0.6980510420914808,264618000.0,149347000.0,141402000.0,78798000.0,114226000.0,0.0,9887000.0,350633910.59999996,282807910.59999996,7.858487347344435,1.79448716972512,0.10467919793815991,0.18547409723663683,0.1312616927885601,7.858487347344435,0.08329594836186867,3.7630546974607735,7.046501418810289,2.347780073252225,0.38287781350482314,0.0,0.013583968509633365,0.35212268250837053,1.9122566562603112,0.04701116326175846,6.753089453410885,0.6980510420914808,0.36170212765957455,2.4353521567702976,-0.38143782621184835,2.3650314359350424,0.55851344227728,0.3916545474885334,1.0398132537932823,0.005101522460816117,-0.6133973153286487,3.7072385088204007,Financial Conglomerates,Financial Services,RILY
2016Q3,2016,Q3,2016-11-14,2016-09-30,8939000.0,56966000.0,15422000.0,0.47,41734000.0,0.7326124354878348,261354000.0,142503000.0,139312000.0,109056000.0,117760000.0,0.0,2210000.0,253533681.92,287881681.91999996,7.509219546619205,1.2774354460093897,0.2327188411120549,0.4268120671143765,0.043934399353910636,7.509219546619205,0.06272850396132011,4.45061408419057,7.090661201476675,1.7791462770608337,0.06387739120707014,0.0,0.002252166243458624,0.21796490583652822,0.4708131602112676,0.03420265234126893,14.594386479392124,0.7326124354878348,84.46108297029703,-0.8325996276648677,-0.8491767400088178,2.445488437555737,1.8388544996938985,89.5049504950495,84.67777777777778,0.8457488994910722,-0.8020747220930713,3.044292367947008,Financial Conglomerates,Financial Services,RILY
2016Q2,2016,Q2,2016-08-05,2016-06-30,-101000.0,20261000.0,180000.0,-0.005631367138709048,14701000.0,0.7255811657864863,169538000.0,133324000.0,84635000.0,26692000.0,35136000.0,0.0,-6158000.0,171819733.32,129596733.32,7.4336276475370795,3.1708002397722166,0.0,0.0,0.0003962233878110598,7.4336276475370795,-0.0007575530287120099,8.480318509451655,-425.2963696039604,1.2887382115748103,0.0,0.0,0.0,0.11950713114464014,3.110257755132624,-0.0005957366490108412,15.178421671378091,0.7255811657864863,-1.3758926892739278,0.9964368419589335,-0.8364817059165847,1.9202430083836943,0.1085890958449589,-1.407258064516129,-0.8918918918918919,0.99472487660402,-0.8936859047702455,2.9136460641644244,Financial Conglomerates,Financial Services,RILY
2016Q1,2016,Q1,2016-05-16,2016-03-31,248000.0,19946000.0,1665000.0,0.014981315943086222,13261000.0,0.6648450817206457,126147000.0,110188000.0,39887000.0,11248000.0,14955000.0,0.0,-6057000.0,173146869.0,147360869.0,6.682038241188179,3.5461415362731152,0.0,0.0,0.01347749840046103,6.682038241188179,0.002250698805677569,8.680781560212575,174.54321471774193,1.5713768196173812,0.0,0.0,0.0,0.15811711733136738,5.531294452347084,0.0019659603478481454,-162.88510724365005,0.6648450817206457,1.249688599051437,1.0405443174359212,-0.8758526233511866,2.0320681356768553,0.17969931500756162,1.247011952191235,2.255656108597285,-0.9832672473382903,-0.9172138848620199,3.2986403884681086,Financial Conglomerates,Financial Services,RILY
2015Q4,2015,Q4,2016-03-28,2015-12-31,-1004000.0,19761000.0,-1326000.0,-0.06,11241000.0,0.5688477303780173,132420000.0,109438000.0,47409000.0,18243000.0,23100000.0,0.0,-6305000.0,161208402.3,131468402.30000001,6.7207179312141845,2.5987502055582965,0.002054070382117505,0.0024854255377474003,-0.008915644899960004,6.7207179312141845,-0.009174144264332317,8.157907104903598,-40.141534437250996,1.4730569116760175,-0.9741035856573705,0.0,0.006066681302256166,0.14922972360670594,3.586910047689525,-0.007581936263404319,-13.036422634643378,0.5688477303780173,-1.6666666666666667,0.9541279934445861,-0.8436291516118026,2.0704556910404084,-0.30001868111339436,-1.6862611073137388,-1.4046383887702167,-1.0371221779328959,-0.9433646158914517,2.8887917263599765,Financial Conglomerates,Financial Services,RILY
2015Q3,2015,Q3,2015-11-09,2015-09-30,1463000.0,21272000.0,3277000.0,0.09,16059000.0,0.7549360661902971,142369000.0,111167000.0,68642000.0,18839000.0,29370000.0,0.0,-4323000.0,156805334.71762502,110953334.71762502,6.843815266792563,3.6436116566696746,0.0004916800708019302,0.0006296832693155343,0.02396683997676996,6.843815266792563,0.013160380328694666,7.371442963408472,26.795169979088346,1.4105385115872968,2.2303485987696514,0.0,0.02080924099856685,0.14941454951569513,4.100111470884866,0.01027611347976034,21.921618162676502,0.7549360661902971,-0.8301886792452831,-0.7212799858309533,-0.8669413866306104,2.2104406156949796,-0.5377507843758096,-0.831140350877193,-0.7766037221351149,1.2361420688909373,-0.8680628140459365,2.4019488611969746,Financial Conglomerates,Financial Services,RILY
2015Q2,2015,Q2,2015-08-11,2015-06-30,8664000.0,45461000.0,14669000.0,0.53,34741000.0,0.7641934845251974,147345000.0,112494000.0,76210000.0,22393000.0,34174000.0,0.0,-2523000.0,159163178.9628,117162178.9628,6.9278833540872995,3.403295672754879,0.0008619226984288575,0.0011289490995075294,0.07830229977475349,6.9278833540872995,0.07701744093018294,3.501092782006555,4.592658672749308,1.4148592721638489,0.0,0.0,0.0,0.3085343920730259,3.587326396641808,0.05880077369439071,8.190777015376698,0.7641934845251974,2.117647058823529,1.1130558958502208,-0.24843983911566808,2.0522497974725185,0.891902194630507,2.2304250559284116,1.6856462834126693,0.23621205271669604,-0.7956759408066492,2.551954085675975,Financial Conglomerates,Financial Services,RILY
2015Q1,2015,Q1,2015-05-07,2015-03-31,2682000.0,26031000.0,5462000.0,0.17,18363000.0,0.7054281433675234,135901000.0,104321000.0,64974000.0,25743000.0,30808000.0,0.0,-10209000.0,191494120.85733598,192017120.85733598,6.472561182551403,2.5239482577788137,0.07986696197967638,0.10404424804210083,0.03126983264143319,6.472561182551403,0.025709109383537352,7.35638741720779,17.84993669438255,1.8356238998603924,0.0,0.0,0.0,0.19154384441615588,1.4102862914190266,0.019734954121014562,11.124970711516644,0.7054281433675234,1.9709290361445784,1.077896961437133,-0.8132891537830437,3.5011661785420616,0.9717599055084291,1.9503897944720057,2.4135610766045548,-0.7763483245109482,-0.8801159152441893,2.3302050072618683,Financial Conglomerates,Financial Services,RILY
2014Q4,2014,Q4,2015-03-30,2014-12-31,-2822000.0,19842000.0,-3864000.0,-0.17509003611123417,9313000.0,0.4693579276282633,138990000.0,97061000.0,69990000.0,38243000.0,41911000.0,0.0,-12891000.0,157982648.09556,161514648.09556,6.0221169365671505,1.8301388489396753,0.1808187639398518,0.2589299512677595,-0.022982056511049696,6.0221169365671505,-0.029074499541525432,7.962032461221652,-13.995627931924167,1.627663511560359,0.0,0.0,0.0,0.14275847183250592,1.2983552545563894,-0.020303618965393195,-9.10352933592025,0.4693579276282633,-2.501800722224683,0.9462240752542714,-0.8501031384175037,9.400841082277301,-0.3352130773074452,-2.251152073732719,-2.083798882681564,0.6160655672990847,-0.8446835744097866,2.04605104849712,Financial Conglomerates,Financial Services,RILY
2014Q3,2014,Q3,2014-11-06,2014-09-30,-868000.0,20674000.0,-1253000.0,-0.05,14009000.0,0.677614394892135,115760000.0,89239000.0,57153000.0,20789000.0,26423000.0,0.0,-9590000.0,126031539.33374399,107484539.33374399,5.608465635067808,2.749194285439415,0.06042674498963373,0.07838501103777497,-0.009153213472960374,5.608465635067808,-0.009726689003686728,6.0961371449039365,-36.29940649013364,1.4122921517917502,0.0,0.0,0.0,0.1785936420179682,2.9491558035499543,-0.007498272287491362,-10.720614097800611,0.677614394892135,0.6875,-1.0149389153485506,-0.9045623453673565,2.584582003089085,0.4712245326612056,-0.11711711711711711,-0.1865530303030303,-1.0193867844206503,-0.9347176644248828,2.079602504306739,Financial Conglomerates,Financial Services,RILY
2014Q2,2014,Q2,2014-08-14,2014-06-30,-777000.0,14947000.0,-1056000.0,-0.16,9522000.0,0.6370509132267345,120853000.0,90076000.0,75829000.0,21144000.0,30631000.0,0.0,-8722000.0,40122232.473321,6086232.473320998,18.115913610124124,3.586312902005297,0.0745285594896279,0.09999333895821307,-0.006440081530311167,18.115913610124124,-0.008626049114081442,2.684300024976316,-12.90934120763224,0.44542644514988455,0.0,0.0,0.0,0.12367918049200267,3.2342981460461595,-0.006429298403845995,70.1437630652465,0.6370509132267345,0.84,-1.030798770275857,-0.8944662745300265,-0.6851480452223325,0.41570026761819806,0.41754122938530736,0.16057233704292528,0.9011234258046321,-0.5648708424017937,3.242652394046561,Financial Conglomerates,Financial Services,RILY
2014Q1,2014,Q1,2014-05-14,2014-03-31,-1334000.0,21653000.0,-1258000.0,-1.0,6726000.0,0.3106267029972752,62905000.0,-5520000.0,45748000.0,16777000.0,68149000.0,0.0,-7945000.0,8235701.016952001,47749701.016952,-3.8489751406409938,2.7268283960183584,0.8968762419521501,-10.220652173913043,-0.014037274832751136,-3.8489751406409938,0.24166666666666667,0.3803491902716483,-1.5434222295637183,-1.4919748219115943,0.0,0.0,0.0,0.34421747078928544,2.096978005602909,-0.02120658135283364,1.5669141965281583,0.3106267029972752,-2.535490364025696,-1.0332158276711612,-0.8096870233825826,-1.0687665845856071,-0.40160142348754446,-2.428265524625268,-1.432897453544391,-1.507641879046884,0.5496412918296467,0.4055100473412508,Financial Conglomerates,Financial Services,RILY
2013Q4,2013,Q4,2014-03-31,2013-12-31,934000.0,18188000.0,2906000.0,0.6512577502461392,11240000.0,0.6179898834396306,73677000.0,-4163000.0,56692000.0,26246000.0,77828000.0,0.0,-6611000.0,7951711.029991999,52466711.029992,-2.9027687519000827,2.16002438466814,0.8602684691287648,-15.225078068700457,0.023984402908124536,-2.9027687519000827,-0.22435743454239732,0.4371954601930943,2.1284023099550318,-1.9100915277424935,0.0,0.0,0.0,0.24686129999864273,1.3917168330412253,0.012676954816292737,-12.743126650628204,0.6179898834396306,2.256288751230696,2.36846825071681,0.0,-1.019944695706606,0.42875301893987544,1.5519125683060109,2.7161125319693094,1.4845285907304753,0.6341440139279124,0.5376557442153601,Financial Conglomerates,Financial Services,RILY
2013Q3,2013,Q3,2013-11-14,2013-09-30,366000.0,21751000.0,782000.0,0.2,7867000.0,0.3616845202519424,65537000.0,-5268000.0,43122000.0,19266000.0,70857000.0,0.0,-7545000.0,8519691.003912,53421691.003912,-3.67326105813347,2.2382435378386796,0.8982864641347635,-11.175208807896736,0.033426617732053465,-3.67326105813347,-0.06947608200455581,0.3916919223903269,5.819461068245902,-1.617253417599089,0.0,0.0,0.0,0.3318888566763813,1.4625246548323472,0.005584631582159696,-3.594806330764557,0.3616845202519424,1.2,-0.4081008751844869,0.0,-1.025256835098925,-0.02768508219008775,1.2390594382756368,1.4041343669250645,-0.21025197117455374,0.5409818844882044,0.3503237297491717,Financial Conglomerates,Financial Services,RILY
2013Q2,2013,Q2,2013-08-14,2013-06-30,-1531000.0,15239000.0,-1935000.0,-1.0,8091000.0,0.530940350416694,67738000.0,-5571000.0,50685000.0,19713000.0,72846000.0,1968000.0,-7911000.0,10507619.478484,51330619.478484,-3.884536324005612,2.5711459443007154,0.9067288671056128,-11.024950637228505,-0.02140277162919341,-3.884536324005612,0.27481601148806317,0.689521587931229,-1.7158098429921618,-1.8861280700922634,0.0,3.6321138211382116,0.0,0.22496973633706338,1.5212803733576827,-0.022601789246803863,-1.306430371563347,0.530940350416694,-2.25,-11.96882871133225,0.0,-1.0267588344007725,-0.39082969432314413,-2.187742435996897,-1.8251599147121536,0.7738040712833998,1.852436967322815,0.409992583406011,Financial Conglomerates,Financial Services,RILY
2013Q1,2013,Q1,2013-05-14,2013-03-31,1289000.0,20954000.0,2345000.0,0.8,13282000.0,0.6338646559129522,77594000.0,-4169000.0,61203000.0,28219000.0,81237000.0,2638000.0,-6380000.0,13915495.01956,45215495.01956,-2.9069524205312143,2.16885786172437,0.8040956775008377,-14.965939074118493,0.021981522177514458,-2.9069524205312143,-0.3091868553609978,0.6640973093232796,2.6988935259038014,-3.337849608913409,0.0,2.9082638362395756,0.0,0.2700466530917339,1.4504766292214466,0.01661210918369977,1.8797102552424692,0.6338646559129522,-0.5183382031905961,0.13949970902959805,0.0,-1.0199828554468877,-0.2864893902766586,-0.45885810243492864,-0.5249189627228525,1.4207423871316867,0.6890684125266296,-0.1233221087911919,Financial Conglomerates,Financial Services,RILY
2012Q4,2012,Q4,2013-03-29,2012-12-31,2382000.0,30730000.0,4936000.0,1.6609164465592114,18615000.0,0.6057598438008461,80583000.0,-5103000.0,63958000.0,31419000.0,84758000.0,2216000.0,-7669000.0,8803680.990872,54221680.990871996,-3.5582101707773535,2.0356472198351314,0.7959371083230954,-12.568881050362531,0.05220168355300195,-3.5582101707773535,-0.46678424456202233,0.28648490045141556,0.9239799528623005,-1.725197137149128,0.0,5.467057761732852,0.0,0.38134594145167094,1.1433527483369936,0.029559584527753993,21.899703957393033,0.6057598438008461,5.152291116398029,0.16344162180510635,0.0,-1.01904325844491,1.5786119961213465,5.354661791590494,8.490136570561457,1.5101222195326303,1.6089830676310353,-3.9636960718140664,Financial Conglomerates,Financial Services,RILY
2012Q3,2012,Q3,2012-11-14,2012-09-30,-547000.0,14235000.0,-659000.0,-0.4,7219000.0,0.5071303126097647,72862000.0,-7001000.0,55184000.0,28648000.0,79131000.0,13312000.0,-10051000.0,12779536.505867999,56960536.505868,-4.881644014425289,1.9262775760960626,0.8669539677746974,-9.022711041279818,-0.007877326205272069,-4.881644014425289,0.07813169547207542,0.8977545841846153,-5.840738805241316,-1.8253873026521925,0.0,0.5270432692307693,0.0,0.19536932831928852,0.9198547891650377,-0.007507342647745052,8.341734011663185,0.5071303126097647,-2.0,-1.3790002299091573,0.0,-1.0263033138299478,-0.31391370461889373,-1.8836833602584815,-1.862565445026178,-1.1044487694443954,-0.27092974863323527,-4.1200428812799315,Financial Conglomerates,Financial Services,RILY
2012Q2,2012,Q2,2012-08-14,2012-06-30,619000.0,19651000.0,764000.0,0.4,10522000.0,0.5354434888809729,74995000.0,-6402000.0,57270000.0,28263000.0,80470000.0,2331000.0,-9504000.0,9371659.530644,51488659.530644,-4.463974429417327,2.0263241694087677,0.8740849389959331,-10.239300218681661,0.012426388798065385,-4.463974429417327,-0.09668853483286473,0.4769049682277747,3.7849998104378026,-1.4638643440556074,0.0,3.9163449163449164,0.0,0.26203080205347024,1.1952022078335633,0.008253883592239483,1.5118018278180352,0.5354434888809729,-0.5,0.0,0.0,-97.25444863431112,-0.036358640901181426,-0.4198687910028116,-0.6816666666666666,-0.9149336328200836,-0.5189648962904152,-1.0775832290563643,Financial Conglomerates,Financial Services,RILY
2012Q1,2012,Q1,2012-05-15,2012-03-31,1067000.0,19320000.0,2400000.0,0.8,10919000.0,0.5651656314699793,78816000.0,-6978000.0,61506000.0,33581000.0,85794000.0,12467000.0,-10123000.0,3407715.3910399997,49596715.39104,-4.865837331250697,1.8315714243173222,0.8500177628907836,-9.600888506735455,0.02406492251485883,-4.865837331250697,-0.1529091430209229,0.1763827842153209,0.798433784217432,-0.48835130281456,0.0,0.6738589877276009,0.0,0.2451278928136419,1.1273041303117834,0.013537860332927325,0.4578416486685476,0.5651656314699793,2.7542262996941895,386.03605098739257,0.0,-105.91961745509316,0.7013088189467124,2.6314984709480123,6.5,-0.9734310579832545,-0.8301842214069607,-1.0869340544411858,Financial Conglomerates,Financial Services,RILY
2011Q4,2011,Q4,2012-03-30,2011-12-31,-654000.0,11367000.0,320000.0,-0.45604150396072746,6418000.0,0.564616873405472,76358000.0,-8256000.0,58446000.0,32394000.0,84614000.0,12934000.0,-11190000.0,3407715.3910399997,55801715.39104,-5.757001004128082,1.8042230042600482,0.8830508918515414,-8.167151162790697,0.007716810744774006,-5.757001004128082,0.07921511627906977,0.29979021650743376,-1.3026434981039754,-0.4127562246899225,-4.529051987767584,0.3826349157259935,0.8692040443835388,0.14886455905078708,1.070136445020683,-0.008564917886796407,0.9418782175345494,0.564616873405472,-1.1628719657002597,-1.3194487405297626,0.0,-1.030811012483073,-0.677892095357591,-1.1622426196973457,-0.9645547186530793,-3.3587609153522875,0.0,-1.0395559009427813,Financial Conglomerates,Financial Services,RILY
2011Q3,2011,Q3,2011-11-14,2011-09-30,4031000.0,28512000.0,9028000.0,2.8,19925000.0,0.6988285634118967,91720000.0,-7442000.0,74134000.0,46933000.0,99162000.0,12907000.0,-10536000.0,2836730.6647019996,62791730.664702,-5.194935740417955,1.579570877634074,0.8326973397296119,-10.262698199408762,0.08721375435873241,-5.194935740417955,-0.541655468959957,0.09949251770138888,0.17593219205544527,-0.38117853597178175,0.0,0.6652979003641435,0.0,0.3108591365023986,0.6825687682440926,0.043948975141735715,-1.1120073166217168,0.6988285634118967,2.75,1.7960789566624782,0.0,-1.027991394846253,2.350428787624012,2.7923521565140064,5.079530049706281,5.526252857137047,0.0,-1.0357196597978582,Financial Conglomerates,Financial Services,RILY
2011Q2,2011,Q2,2011-08-15,2011-06-30,-2249000.0,9831000.0,-2213000.0,-1.6,5947000.0,0.6049232021157562,68076000.0,-11495000.0,45876000.0,27373000.0,79571000.0,0.0,-14567000.0,8453578.133286,58951578.133286,-8.077896359781564,1.6759580608628941,0.9972383806334097,-5.90587211831231,-0.028377449752659323,-8.077896359781564,0.19565028273162244,0.8598899535434849,-0.9397041055231214,-0.7354134957186602,0.0,0.0,0.0,0.14441212762206945,0.9315018448836445,-0.03303660614607204,-2.662544293948346,0.6049232021157562,-3.0000000000000004,0.0,0.0,-175.17964025778994,-0.2654397233201581,-3.2756653992395437,-8.255737704918033,-18.199870161562675,0.0,-1.0556450173119003,Financial Conglomerates,Financial Services,RILY
2011Q1,2011,Q1,2011-05-16,2011-03-31,-526000.0,13816000.0,305000.0,-0.4,8096000.0,0.5859872611464968,71082000.0,-9181000.0,52028000.0,28059000.0,80263000.0,12896000.0,-12318000.0,8424017.737542,52120017.737542,-6.474415796982179,1.8542357175950674,0.9228496665822571,-7.144973314453763,-0.015958004476556962,-6.474415796982179,0.05729223396144211,0.6097291356066878,-4.003810711759505,-0.9175490401418146,0.0,0.4435483870967742,0.0,0.1943670690188796,0.9671763070672511,-0.007399904335837483,-41.91053600767164,0.5859872611464968,0.702404407135362,-190.95821283275612,0.0,-140.60459062242825,0.36067226890756304,0.7240293809024134,1.3605200945626477,-1.470274701736368,0.0,-1.0445061687492287,Financial Conglomerates,Financial Services,RILY
2010Q4,2010,Q4,2011-03-31,2010-12-31,-1906000.0,11005000.0,-846000.0,-1.3441059262659878,5950000.0,0.5406633348477965,72274000.0,-8903000.0,52480000.0,28966000.0,81177000.0,0.0,-11792000.0,13759228.68771,59586228.68771,-6.278370966183677,1.811779327487399,0.9119046960179318,-7.4027855778950915,-0.013734987424654593,-6.278370966183677,0.2140851398405032,1.250270666761472,-1.8047256935611227,-1.5454598099191286,-0.5178384050367262,0.0,0.07173367217027266,0.15226775880676316,1.0045225436718912,-0.026371862633865567,17.915662353789063,0.5406633348477965,-4.360264815664969,-1.9415216412435028,0.0,-1.0336013431426778,-0.43034944949736714,-5.189010989010989,-1.3485784919653894,-1.9415216412435028,0.0,-1.0336013431426778,Financial Conglomerates,Financial Services,RILY
2010Q3,2010,Q3,2010-11-15,2010-09-30,455000.0,13858000.0,2427000.0,0.4,10445000.0,0.7537162649733006,70194000.0,-7961000.0,48701000.0,25935000.0,78155000.0,0.0,-9886000.0,12546828.587403,57126828.587403,-5.653986802866126,1.8778099093888567,0.9345243183178049,-8.239919608089435,0.01433264213055809,-5.653986802866126,-0.05715362391659339,0.9053852350557801,6.893861861210439,-1.576036752594272,0.6329670329670329,0.0,0.022954007699535456,0.1974242812776021,1.13903990746096,0.0064820355016098246,1.7929163457277792,0.7537162649733006,1.0833333333333335,-0.6788967643112711,0.0,-1.0304648575002,7.292168674698795,1.0688663538671106,1.2491019193266961,-0.6788967643112711,0.0,-1.0304648575002,Financial Conglomerates,Financial Services,RILY
2010Q2,2010,Q2,2010-08-16,2010-06-30,-6607000.0,5215000.0,-9743000.0,-4.8,-1660000.0,-0.31831255992329816,80003000.0,-9217000.0,59793000.0,35270000.0,89220000.0,0.0,-10341000.0,41859442.43565,82688442.43564999,-6.583877108580041,1.6952934505245252,0.8414934439958501,-7.304111967017468,-0.10177509087101069,-6.583877108580041,0.7168276011717478,8.026738722080536,-1.5839050414579234,-4.541547405408484,0.0,0.0,0.0,0.06518505556041648,0.9062943011057556,-0.08258440308488432,-5.081879620693213,-0.31831255992329816,-1.1818181818181817,0.0,0.0,-142.96485015375714,-1.3120887384846776,-1.2171140939597316,-2.0475445730372224,0.0,0.0,-142.96485015375714,Financial Conglomerates,Financial Services,RILY
2010Q1,2010,Q1,2010-05-17,2010-03-31,-2980000.0,12067000.0,-3197000.0,-2.2,5319000.0,0.4407889284826386,72831000.0,-3610000.0,61435000.0,22485000.0,76441000.0,0.0,-3734000.0,60772192.281284,99797192.281284,-2.5878173302040577,2.732265955081165,0.9243591327868628,-18.648753462603878,-0.03280469227760301,-2.5878173302040577,0.8254847645429363,5.036230403686417,-5.098338278631208,-16.834402293984486,0.0,0.0,0.0,0.16568494185168403,1.5334667556148542,-0.04091664263843693,-9.795646724900708,0.4407889284826386,0.3243074416556583,-1104.4854558931268,0.0,-56.79981118252499,0.5690265486725664,0.34390136503742846,0.4900303078640932,-1104.4854558931268,0.0,-56.79981118252499,Financial Conglomerates,Financial Services,RILY
2009Q4,2009,Q4,2010-03-30,2009-12-31,-4542000.0,11457000.0,-6269000.0,-3.2559186464783463,3390000.0,0.29588897617177273,78673000.0,-1000000.0,66704000.0,35110000.0,79673000.0,0.0,-754000.0,102207773.235348,131540773.235348,-0.7168469058737001,1.899857590430077,0.8557192429423055,-67.322,-0.049482421113809225,-0.7168469058737001,4.542,8.920989197464257,-5.625703062271466,-102.207773235348,-0.04425363276089828,0.0,0.001966582321847173,0.14562810621178804,1.1881800056963827,-0.05773264016879997,-13.789499896835942,0.29588897617177273,-1.9576231313171606,-3.280711518253492,0.0,-1.0038365077493454,-0.4697325199436884,-2.1262087775849245,-6.3493552168815945,-3.280711518253492,0.0,-1.0038365077493454,Financial Conglomerates,Financial Services,RILY
2009Q3,2009,Q3,2009-11-16,2009-09-30,4033000.0,15036000.0,-853000.0,3.4,6393000.0,0.42517956903431764,109454000.0,1728000.0,99119000.0,63128000.0,107726000.0,0.0,4038000.0,95134066.14672999,116563066.14672999,1.5646079878308268,1.5701273602838677,0.623714071664809,39.50694444444444,0.014181149804041594,1.5646079878308268,2.333912037037037,6.327086069880952,5.897227011327176,55.054436427505784,0.0,0.0,0.0,0.137372777605204,0.7823628184007096,0.03684652913552725,-93.45193138185657,0.42517956903431764,-0.32,2.628575347753839,0.0,-0.9915695665634064,-0.26339440027652955,0.5054124673385592,-1.2161682716675115,2.628575347753839,0.0,-0.9915695665634064,Financial Conglomerates,Financial Services,RILY
2009Q2,2009,Q2,2009-06-30,2009-06-30,2679000.0,15040000.0,3946000.0,5.0,8679000.0,0.5770611702127659,79460000.0,30380000.0,71553000.0,45944000.0,49080000.0,0.0,0.0,102149703.216,70610703.216,57.53787878787879,1.5573959602994951,0.04004530581424616,0.10473996050032916,0.11646989374262101,57.53787878787879,0.08818301514154049,6.791868564893617,9.53244710862262,3.3623997108624097,0.0,0.0,0.0,0.18927762396174175,0.8355606825700853,0.03371507676818525,-3.60138567254266,0.5770611702127659,-0.8214285714285714,0.0,0.0,1239.6605113636365,-0.750596281502342,-0.8188150953604761,-0.8093167101575336,0.0,0.0,1239.6605113636365,Financial Conglomerates,Financial Services,RILY
2009Q1,2009,Q1,2009-03-31,2009-03-31,14786000.0,41888000.0,20694000.0,28.0,34799000.0,0.830762987012987,120829000.0,29553000.0,113087000.0,87099000.0,91276000.0,0.0,0.0,100685940.43200001,54121940.43200001,55.97159090909091,1.2983731156500076,0.09794834021633879,0.40046695766927215,,55.97159090909091,0.5003214563665279,2.403694147058824,1.7023863863113757,3.406961744391433,0.0,0.0,0.0,0.34667174271077306,0.7047727298820882,0.12237128503918761,1.874203127806113,0.830762987012987,143.8230151340603,14492.960227272728,0.0,1205.8874289772727,0.0,37.889853288515056,85.55158324821247,14492.960227272728,0.0,1205.8874289772727,Financial Conglomerates,Financial Services,RILY
2008Q4,2008,Q4,2008-12-31,2008-12-31,380202.0,0.0,-244750.0,0.1933394355453852,0.0,0.0,408867045.0,286206159.0,1088638.0,327374.0,122660886.0,0.0,6329294.0,359811077.2515,358924964.2515,145.54088939740657,3.3253648732031253,0.0,0.0,-0.000564400495770474,145.54088939740657,0.0013284200498284876,0.0,236.5920466301466,1.2571744734937726,0.0,0.0,0.0,0.0,2.706729917464429,0.0009298915250066192,517.1839457296985,0.0,-0.03330282227307399,-0.8645692581852655,0.0,-0.22107671045991212,0.0,-0.5515840722368076,0.07545216905154047,-0.8645692581852655,0.0,-0.22107671045991212,Financial Conglomerates,Financial Services,RILY
2008Q3,2008,Q3,2008-09-30,2008-09-30,847878.0,0.0,-264724.0,0.2,0.0,0.0,408715130.0,286000516.0,1518586.0,555661.0,122714614.0,0.0,5949092.0,350465341.0635,349144357.0635,145.43631629799137,2.732936088730359,0.0,0.0,-0.0006072980675489516,145.43631629799137,0.0029646030428840207,0.0,103.33601681595111,1.2254010795683319,0.0,0.0,0.0,0.0,2.37731998466691,0.002074496238981904,224.15020192366114,0.0,3.42968252889611,-0.5715644156194908,0.0,-0.21635886218795125,0.0,6.237921086283691,0.84054211968798,-0.5715644156194908,0.0,-0.21635886218795125,Financial Conglomerates,Financial Services,RILY
2008Q2,2008,Q2,2008-06-30,2008-06-30,-161873.0,0.0,-1660150.0,-0.08231528095601322,0.0,0.0,407924376.0,285473596.0,2518280.0,612784.0,122450780.0,0.0,5101215.0,362147527.0305,361441229.0305,145.16836816679378,4.109572051489595,0.0,0.0,-0.003838181733314177,145.16836816679378,-0.0005670331766865052,0.0,-559.3081104175805,1.268585018386429,0.0,0.0,0.0,0.0,1.1526051594036397,-0.000396821100977795,-371.1045053721625,0.0,-1.1371921349266887,0.0,0.0,3129.192938596491,0.0,-1.104360400645737,-6.303815678907518,0.0,0.0,3129.192938596491,Financial Conglomerates,Financial Services,RILY
2008Q1,2008,Q1,2008-03-31,2008-03-31,1551096.0,0.0,-227299.0,0.6,0.0,0.0,409596097.0,286071325.0,3169176.0,2122633.0,123524772.0,0.0,5263087.0,368767420.875,366631704.875,145.47232392575643,1.493040012098182,0.0,0.0,-0.0005243122199186926,145.47232392575643,0.00542206039000938,0.0,59.43658884991645,1.2890750964816204,0.0,0.0,0.0,0.0,1.0061635713757395,0.003786891553314777,18367.655569806248,0.0,-0.5797109634688792,409.18315789473684,0.0,3135.746984649123,0.0,-0.2877650569132794,0.14410245210266298,409.18315789473684,0.0,3135.746984649123,Financial Conglomerates,Financial Services,RILY
2007Q4,2007,Q4,2007-12-31,2007-12-31,2177787.0,0.0,-265568.0,1.4275889872173058,0.0,0.0,408191806.0,285037859.0,5243411.0,2269438.0,123153947.0,0.0,3711991.0,276402486.213,275254901.213,186.84880957063257,2.310444700406004,0.0,0.0,-0.0010903344103209913,186.84880957063257,0.007640342962301018,0.0,31.729742878091386,0.9697044707769856,0.0,0.0,0.0,0.0,0.5056692449848817,0.005335205087384826,117.99299570721095,0.0,0.42758898721730576,0.0,0.0,0.0,0.0,0.4185652199968213,-1.0390976519909705,0.0,0.0,0.0,Financial Conglomerates,Financial Services,RILY
2007Q3,2007,Q3,2007-09-30,2007-09-30,1535204.0,0.0,-130238.0,1.0,0.0,0.0,405405375.0,283118241.0,405405375.0,1559644.0,122287134.0,0.0,1534204.0,271871282.88449997,270197879.88449997,185.59045624385448,259.9345587839276,0.0,0.0,-0.00024939767491133233,185.59045624385448,0.005422483534008676,0.0,44.272826752096144,0.9602746962690404,0.0,0.0,0.0,0.0,1.0729390809697599,0.0037868368173460945,92.32205595480733,0.0,0.0,0.0,0.0,0.0,0.0,0.0,0.0,0.0,0.0,0.0,Financial Conglomerates,Financial Services,RILY
2007Q2,2007,Q2,2007-06-30,2007-06-30,0.0,0.0,0.0,0.0,0.0,0.0,215000.0,24000.0,125189.0,191000.0,191000.0,0.0,-1000.0,93252471.7275,93302282.7275,0.0463768115942029,0.6554397905759163,0.0,0.0,,0.0463768115942029,0.0,0.0,0.0,3885.5196553125,0.0,0.0,0.0,0.0,0.6554397905759163,0.0,0.0,0.0,1.0,0.0,0.0,0.0,0.0,1.0,1.0,0.0,0.0,0.0,Financial Conglomerates,Financial Services,RILY
2007Q1,2007,Q1,2007-03-31,2007-03-31,-1000.0,0.0,-1000.0,-0.001932,0.0,0.0,212500.0,24000.0,180000.0,188500.0,188500.0,0.0,-1000.0,93252471.7275,93247471.7275,0.0463768115942029,0.9549071618037135,0.0,0.0,,0.0463768115942029,-0.041666666666666664,0.0,-23313.117931875,3885.5196553125,0.0,0.0,0.0,0.0,0.9549071618037135,-0.004705882352941176,0.0,0.0,0.0,0.0,0.0,0.0,0.0,0.0,0.0,0.0,0.0,0.0,Financial Conglomerates,Financial Services,RILY
