Quarters,Year,Quarter,FillingDate,Date,NetIncome,Revenue,OperatingIncome,EPSDiluted,GrossProfit,GrossProfitRatio,TotalAssets,CommonStockEquity,CurrentAssets,CurrentLiability,TotalLiability,Inventory,RetainedEarnings,MarketCap,EnterpriseValue,bookValuePerShare,currentRatio,debtToAssets,debtToEquity,roic,shareholdersEquityPerShare,roe,priceToSalesRatio,peRatio,pbRatio,payoutRatio,inventoryTurnover,dividendYield,assetTurnover,quickRatio,returnOnAssets,priceToFreeCashFlowsRatio,grossProfitMargin,epsdilutedGrowth,fiveYNetIncomeGrowthPerShare,fiveYRevenueGrowthPerShare,fiveYShareholdersEquityGrowthPerShare,grossProfitGrowth,netIncomeGrowth,operatingIncomeGrowth,threeYNetIncomeGrowthPerShare,threeYRevenueGrowthPerShare,threeYShareholdersEquityGrowthPerShare,Industry,Sector,Symbol
2023Q1,2023,Q1,2023-05-09,2023-03-31,558000000.0,2213000000.0,1414000000.0,0.78,2213000000.0,1.0,208657000000.0,18364000000.0,12574000000.0,7364000000.0,190293000000.0,0.0,22032000000.0,14850019100.02,32327019100.02,26.847267826036873,1.7074959261271048,0.09708277220510216,1.1030821171857983,0.028453496982568764,26.847267826036873,0.03038553692006099,6.710356574794397,6.653234363808244,0.8086483935972556,0.5268817204301075,0.0,0.019797954333917595,0.01060592263858869,8.967409016838674,0.002674245292513551,12.293062168890728,1.0,0.0,-0.20066225961730438,0.5380936534990102,0.1443271262790882,-0.03656943839791032,-0.24287652645861602,0.0876923076923077,0.0,0.0,0.0,Banks—Regional,Financial Services,FITBO
2022Q4,2022,Q4,2023-02-24,2022-12-31,737000000.0,2297000000.0,1300000000.0,0.78,2297000000.0,1.0,207452000000.0,17327000000.0,66024000000.0,4838000000.0,190125000000.0,0.0,21689000000.0,13598257960.0,28684257960.0,25.331241767382974,13.646961554361306,0.08942791585523398,1.0706989092168293,0.02921623938666206,25.331241767382974,0.042534772320655626,5.92000781889421,4.612706227951153,0.7848016367518901,0.30800542740841247,0.0,0.01669331473691208,0.011072440853787864,13.646961554361306,0.003552629041898849,7.082426020833333,1.0,-0.14285714285714285,0.0,0.0,0.0,0.068869241507678,0.12863705972434916,0.17434507678410116,0.0,0.0,0.0,Banks—Regional,Financial Services,FITBO
2022Q3,2022,Q3,2022-11-08,2022-09-30,653000000.0,2149000000.0,1107000000.0,0.91,2149000000.0,1.0,205463000000.0,16736000000.0,9662000000.0,6378000000.0,188727000000.0,0.0,21219000000.0,14557553007.36,29579553007.36,24.28047624633726,1.5148949513954217,0.08804504947362786,1.0809034416826004,0.024564079683376056,24.28047624633726,0.03901768642447419,6.774105633950675,5.573335760857581,0.8698346682217973,0.34915773353751917,0.0,0.01566197285249299,0.01045930410828227,9.998745688303543,0.0031781878002365388,9.254642725594406,1.0,0.1973684210526316,-0.326116404697441,0.5530216554210825,0.07047868900143023,46.75555555555555,0.1619217081850534,0.303886925795053,0.2540383528412453,0.17394861715990298,-0.1756214046264667,Banks—Regional,Financial Services,FITBO
2022Q2,2022,Q2,2022-08-05,2022-06-30,562000000.0,45000000.0,849000000.0,0.76,45000000.0,1.0,206782000000.0,18970000000.0,10856000000.0,6250000000.0,187812000000.0,-15000000.0,20818000000.0,15516697543.32,30126697543.32,27.53191513898608,1.73696,0.08727548819529746,0.9513442277279915,0.01780345210958023,27.53191513898608,0.02962572482867686,344.81550096266665,6.9024455263879005,0.817959807238798,0.4306049822064057,0.0,0.015596102155395945,0.00021762048921085975,10.64688,0.0027178381097000704,17.814807742043627,1.0,0.07042253521126768,0.6477538476625649,-0.9665369081273228,0.24320489410956073,4.0,0.13765182186234817,0.20254957507082152,0.32890466406737356,-0.974042890920559,-0.007523244545272602,Banks—Regional,Financial Services,FITBO
2022Q1,2022,Q1,2022-05-09,2022-03-31,494000000.0,9000000.0,706000000.0,0.71,9000000.0,1.0,211459000000.0,20177000000.0,74790000000.0,872000000.0,191282000000.0,0.0,20501000000.0,16301525719.19,24939525719.190002,29.34674203144286,85.76834862385321,0.05526839718337834,0.579223868761461,0.01788462895410068,29.34674203144286,0.02448332259503395,1811.2806354655556,8.249759979347166,0.8079261396238292,0.46558704453441296,0.0,0.014109108801346502,4.256144217082271e-05,86.38188073394495,0.002336150270265158,10.23965183366206,1.0,-0.25263157894736843,0.7613226708958898,-0.9930141993260898,0.33545988217135664,-0.9953584321815369,-0.2549019607843137,-0.238403451995685,-0.38713116993752694,-0.9946051368419969,-0.012578369792407592,Banks—Regional,Financial Services,FITBO
2021Q4,2021,Q4,2022-02-25,2021-12-31,663000000.0,1939000000.0,927000000.0,0.95,1939000000.0,1.0,211116000000.0,22210000000.0,81773000000.0,0.0,188906000000.0,0.0,20236000000.0,18171629340.0,26998629340.0,32.303669033566145,0.0,0.05599291384831088,0.5322377307519136,0.02181163466046942,32.303669033566145,0.02985141828005403,9.371649994842702,6.852047262443438,0.818173315623593,0.3665158371040724,0.0,0.013372493762301228,0.009184524147861839,0.0,0.003140453589495822,14.456347923627686,1.0,0.21794871794871784,0.0,0.0,0.0,0.008320332813312533,-0.05823863636363636,0.0,0.0,0.0,0.0,Banks—Regional,Financial Services,FITBO
2021Q3,2021,Q3,2021-11-05,2021-09-30,704000000.0,1923000000.0,0.0,0.78,1923000000.0,1.0,207731000000.0,22524000000.0,0.0,949000000.0,185207000000.0,0.0,19817000000.0,18685618813.68,27840618813.68,31.497598547237455,0.0,0.059538537820546765,0.5491031788314686,0.0,31.497598547237455,0.03125554963594388,9.71691045953198,6.635518044630682,0.8295870544166222,0.29829545454545453,0.0,0.011238589532087432,0.009257164313463084,82.06217070600633,0.003388998271803438,16.05293712515464,1.0,-0.17021276595744672,0.4326126885942047,0.40419115810112904,0.4098176295982107,0.014240506329113924,-0.007052186177715092,0.0,0.5179194079755464,0.16352926000625115,0.3283990454948747,Banks—Regional,Financial Services,FITBO
2021Q2,2021,Q2,2021-08-06,2021-06-30,709000000.0,1896000000.0,0.0,0.94,1896000000.0,1.0,205390000000.0,22926000000.0,126445000000.0,1000000.0,182464000000.0,0.0,19343000000.0,19336958429.36,28416958429.36,32.34331202007449,126445.0,0.06020254150640245,0.5393439762714821,0.0,32.34331202007449,0.030925586670156154,10.19881773700422,6.818391547729197,0.8434510350414376,0.3229901269393512,0.0,0.011842607038566162,0.009231218657188763,76400.0,0.003451969424022591,48.3423960734,1.0,0.0107526881720429,1.2801335052836404,0.42289428339402557,0.4678932394579561,0.0,0.021613832853025938,0.0,0.16639256726583418,0.18305782812394386,0.3616088902662105,Banks—Regional,Financial Services,FITBO
2021Q1,2021,Q1,2021-05-07,2021-03-31,694000000.0,1896000000.0,0.0,0.93,1896000000.0,1.0,206899000000.0,22595000000.0,126624000000.0,37000000.0,184304000000.0,0.0,18863000000.0,18946758200.76,30604758200.76,31.62648689821586,3422.2702702702704,0.07143582134278077,0.6541270192520469,0.0,31.62648689821586,0.030714759902633327,9.993015928670886,6.825201080965418,0.838537649956185,0.30979827089337175,0.0,0.011347587683436834,0.009163891560616533,2097.7027027027025,0.003354293640858583,-44.475958217746474,1.0,-0.04123711340206178,1.2979822785980233,0.38805001906863795,0.49881255531741225,0.06040268456375839,0.1490066225165563,0.0,-0.04816562328835177,0.26166918242281556,0.34803463432655074,Banks—Regional,Financial Services,FITBO
2020Q4,2020,Q4,2021-02-26,2020-12-31,604000000.0,1788000000.0,0.0,0.97,1788000000.0,1.0,204680000000.0,23111000000.0,123195000000.0,39000000.0,181569000000.0,0.0,18384000000.0,19333508040.0,31198508040.0,33.13609297777497,3158.846153846154,0.073343756107094,0.6495608151962269,0.0,33.13609297777497,0.02613474103240881,10.812923959731544,8.002279817880794,0.8365500428367444,0.3791390728476821,0.0,0.011844720550776981,0.008735587258159077,2038.8461538461538,0.002950947820988861,-11.332654185228606,1.0,0.2435897435897435,0.0,0.0,0.0,-0.04436130411544629,0.039586919104991396,0.0,0.0,0.0,0.0,Banks—Regional,Financial Services,FITBO
2020Q3,2020,Q3,2020-11-05,2020-09-30,581000000.0,1871000000.0,0.0,0.78,1871000000.0,1.0,201996000000.0,22951000000.0,124835000000.0,50000000.0,179045000000.0,0.0,18010000000.0,0.0,12177000000.0,0.0,2496.7,0.0751153488187885,0.6611040913249967,0.0,0.0,0.025314801097991373,0.0,0.0,0.0,0.3648881239242685,0.0,,0.009262559654646627,1483.26,0.002876294580090695,0.0,1.0,2.391304347826087,-1.0,-1.0,-1.0,0.0240831964969896,1.9794871794871796,0.0,-1.0,-1.0,-1.0,Banks—Regional,Financial Services,FITBO
2020Q2,2020,Q2,2020-08-07,2020-06-30,195000000.0,1827000000.0,0.0,0.23,1827000000.0,1.0,202906000000.0,22335000000.0,127827000000.0,81000000.0,180571000000.0,0.0,17643000000.0,0.0,13187000000.0,0.0,1578.111111111111,0.08086503109814397,0.734631743899709,0.0,0.0,0.008730691739422432,0.0,0.0,0.0,1.1641025641025642,0.0,,0.009004169418351355,895.4814814814815,0.0009610361448158261,0.0,1.0,4.75,-1.0,-1.0,-1.0,-0.03128313891834571,3.239130434782609,0.0,-1.0,-1.0,-1.0,Banks—Regional,Financial Services,FITBO
2020Q1,2020,Q1,2020-05-08,2020-03-31,46000000.0,1886000000.0,0.0,0.04,1886000000.0,1.0,185391000000.0,21873000000.0,132176000000.0,3500000000.0,163518000000.0,0.0,17677000000.0,0.0,16500000000.0,0.0,37.76457142857143,0.10670420894218166,0.9044026882457825,0.0,0.0,0.002103049421661409,0.0,0.0,0.0,4.130434782608695,0.0,,0.010173093623746568,14.487714285714286,0.00024812423472552603,0.0,1.0,0.0,-1.0,-1.0,-1.0,0.01288936627282492,-0.9373297002724795,0.0,-1.0,-1.0,-1.0,Banks—Regional,Financial Services,FITBO
2019Q4,2019,Q4,2020-03-02,2019-12-31,734000000.0,1862000000.0,0.0,0.0,1862000000.0,1.0,169369000000.0,21203000000.0,120578000000.0,1011000000.0,148166000000.0,0.0,18315000000.0,0.0,12703000000.0,0.0,119.26607319485657,0.0943561100319421,0.7537140970617365,0.0,0.0,0.03461774277224921,0.0,0.0,0.0,0.28201634877384196,0.0,,0.010993747379980988,46.612265084075176,0.004333732855481227,0.0,1.0,-1.0,0.0,0.0,0.0,-0.035233160621761656,0.33697632058287796,0.0,0.0,0.0,0.0,Banks—Regional,Financial Services,FITBO
2019Q3,2019,Q3,2019-11-08,2019-09-30,549000000.0,1930000000.0,0.0,0.71,1930000000.0,1.0,171079000000.0,21404000000.0,122144000000.0,2850000000.0,149675000000.0,0.0,17786000000.0,18037079752.44,32100079752.44,29.453064869224992,42.85754385964912,0.10126315912531637,0.809381424032891,0.0,29.453064869224992,0.025649411324985983,9.345637177430051,8.213606444644808,0.8426966806410017,0.4007285974499089,0.0,0.012197096371447771,0.011281337861455819,16.34175438596491,0.0032090437750980543,-41.27478204219679,1.0,0.24561403508771934,0.8428439526852156,0.6042864159453506,0.585829771406722,0.039310716208939146,0.2119205298013245,0.0,0.09934019059893504,0.38678100910958013,0.31830526813209986,Banks—Regional,Financial Services,FITBO
2019Q2,2019,Q2,2019-08-08,2019-06-30,453000000.0,1857000000.0,0.0,0.57,1857000000.0,1.0,168802000000.0,20474000000.0,120904000000.0,957000000.0,148131000000.0,0.0,17431000000.0,17971552101.350002,31948552101.350002,27.74061456620378,126.33646812957157,0.09917536522079122,0.8176711927322458,0.0,27.74061456620378,0.022125622741037413,9.677734034114163,9.91807511112031,0.8777743529036828,0.40397350993377484,0.0,0.010182759895638244,0.011001054489875713,47.0,0.002683617492683736,88.09584363406864,1.0,-0.49107142857142866,0.17231955203876173,0.4351817245148676,0.5036708685056314,0.15773067331670823,-0.4154838709677419,0.0,0.3991665698453957,0.33845379108917373,0.25900095064060313,Banks—Regional,Financial Services,FITBO
2019Q1,2019,Q1,2019-05-10,2019-03-31,775000000.0,1604000000.0,0.0,1.12,1604000000.0,1.0,167853000000.0,19647000000.0,120378000000.0,376000000.0,148009000000.0,0.0,17184000000.0,16096740872.0,29206740872.0,29.720578457728433,320.15425531914894,0.0944814808195266,0.8071970275360106,0.0,29.720578457728433,0.03944622588690385,10.035374608478802,5.192497055483871,0.8192976470707997,0.18451612903225806,0.0,0.008883785925183525,0.009555980530583309,118.77925531914893,0.004617135231422733,34.03116463424947,1.0,0.0,2.118416478554206,0.4535474093476201,0.6956327010718854,-0.004962779156327543,0.6419491525423728,0.0,1.7733923480876825,0.2690933051632741,0.40848954507977714,Banks—Regional,Financial Services,FITBO
2018Q4,2018,Q4,2019-03-01,2018-12-31,472000000.0,1612000000.0,0.0,0.0,1612000000.0,1.0,146069000000.0,16250000000.0,103564000000.0,0.0,129819000000.0,0.0,16578000000.0,0.0,11745000000.0,0.0,0.0,0.09876154420171289,0.8877538461538461,0.0,0.0,0.029046153846153847,0.0,0.0,0.0,0.3347457627118644,0.0,,0.011035880303144405,0.0,0.003231349567670074,0.0,1.0,-1.0,0.0,0.0,0.0,0.04471808165910564,0.09006928406466513,0.0,0.0,0.0,0.0,Banks—Regional,Financial Services,FITBO
2018Q3,2018,Q3,2018-11-06,2018-09-30,433000000.0,1543000000.0,0.0,0.61,1543000000.0,1.0,141685000000.0,15830000000.0,102270000000.0,600000000.0,125835000000.0,0.0,16440000000.0,16256647614.2,29216647614.2,23.710946386222002,170.45,0.10629212690122455,0.9513581806696146,0.0,23.710946386222002,0.02735312697409981,10.535740514711602,9.386055204503466,1.0269518391787744,0.3371824480369515,0.0,0.008980941425615367,0.010890355365776193,64.13833333333334,0.0030560750961640256,25.804202562222223,1.0,-0.23750000000000007,0.3559588506047409,0.3763605040664018,0.425446374962991,-0.0012944983818770227,-0.26109215017064846,0.0,0.3546618909432832,0.18966430008366994,0.19227859270284006,Banks—Regional,Financial Services,FITBO
2018Q2,2018,Q2,2018-08-08,2018-06-30,586000000.0,1545000000.0,0.0,0.8,1545000000.0,1.0,140695000000.0,16232000000.0,100966000000.0,1200000000.0,124443000000.0,0.0,16143000000.0,16639446951.400002,30108446951.4,23.753746212505263,84.13833333333334,0.11031664238245852,0.9561976343026122,0.0,23.753746212505263,0.03610152784622967,10.76986857695793,7.098740166979523,1.0251014632454412,0.2150170648464164,0.0,0.007572367060516917,0.010981200469099827,32.3525,0.00416503784782686,17.048613679713117,1.0,-0.17525773195876282,0.24581154648564638,0.17934499815284058,0.43230253499438187,0.0647829083390765,-0.16761363636363635,0.0,1.1886903020551982,0.22240401196342538,0.22378608956746743,Banks—Regional,Financial Services,FITBO
2018Q1,2018,Q1,2018-05-04,2018-03-31,704000000.0,1451000000.0,0.0,0.97,1451000000.0,1.0,141500000000.0,16184000000.0,101525000000.0,400000000.0,125296000000.0,0.0,15707000000.0,16797124183.250002,29959124183.25,23.461182741803793,253.8125,0.10742049469964664,0.9391992090954029,0.0,23.461182741803793,0.043499752842313395,11.576239960889044,5.964887849165484,1.0378845886832675,0.19176136363636365,0.0,0.008037090071324308,0.010254416961130742,97.2775,0.004975265017667844,77.76446381134261,1.0,0.0,1.106221479758536,0.15725836024872397,0.47189780962163286,0.011854951185495118,0.3831041257367387,0.0,1.2904819118782875,0.1901064356340441,0.19821451921621358,Banks—Regional,Financial Services,FITBO
2017Q4,2017,Q4,2018-02-28,2017-12-31,509000000.0,1434000000.0,0.0,0.0,1434000000.0,1.0,142193000000.0,16365000000.0,99590000000.0,3125000000.0,125808000000.0,0.0,15122000000.0,0.0,15515000000.0,0.0,31.8688,0.126792458137883,1.1016804155209288,0.0,0.0,0.031102963641918727,0.0,0.0,0.0,0.25147347740667975,0.0,,0.010084884628638541,13.70944,0.0035796417545167483,0.0,1.0,-1.0,0.0,0.0,0.0,-0.009668508287292817,-0.4980276134122288,0.0,0.0,0.0,0.0,Banks—Regional,Financial Services,FITBO
2017Q3,2017,Q3,2017-11-06,2017-09-30,1014000000.0,1448000000.0,0.0,1.35,1448000000.0,1.0,142264000000.0,16360000000.0,101252000000.0,4700000000.0,125884000000.0,0.0,14748000000.0,17563177472.15,34097177472.15,22.681886613722973,21.542978723404254,0.13171990102907272,1.1454156479217603,0.0,22.681886613722973,0.06198044009779951,12.129266210048344,4.330171960589251,1.0735438552658925,0.10256410256410256,0.0,0.00592147976440557,0.010178260136085025,8.598936170212767,0.007127593769330259,30.229221122461276,1.0,2.0000000000000004,2.5028679661949433,0.15360272065495434,0.4954949078179278,0.000691085003455425,1.762942779291553,0.0,2.4293712016112083,0.2127002949078739,0.22125188748344918,Banks—Regional,Financial Services,FITBO
2017Q2,2017,Q2,2017-08-08,2017-06-30,367000000.0,1447000000.0,0.0,0.45,1447000000.0,1.0,141067000000.0,16419000000.0,100773000000.0,4352000000.0,124621000000.0,0.0,13862000000.0,18053107045.0,33658107045.0,22.145919204014778,23.155560661764707,0.12623788696151475,1.084597113100676,0.0,22.145919204014778,0.02235215299348316,12.476231544574983,12.297756842643054,1.0995253696936478,0.35149863760217986,0.0,0.00714558439599614,0.01025753719863611,9.130514705882353,0.002601600657843436,1128.3191903125,1.0,0.1842105263157895,0.17457337862896954,0.13348199845018513,0.4689025139079688,0.03283369022127052,0.20327868852459016,0.0,-0.0545305521867493,0.11326140195880327,0.20041225056080175,Banks—Regional,Financial Services,FITBO
2017Q1,2017,Q1,2017-05-05,2017-03-31,305000000.0,1401000000.0,0.0,0.38,1401000000.0,1.0,140200000000.0,16430000000.0,100958000000.0,950000000.0,123743000000.0,0.0,13625000000.0,18205704136.350002,30608704136.350002,21.975008327264224,106.27157894736843,0.10419400855920113,0.8891052951917224,0.0,21.975008327264224,0.01856360316494218,12.9947923885439,14.922708308483607,1.108076940739501,0.4721311475409836,0.0,0.007909608929241342,0.009992867332382312,40.909473684210525,0.0021754636233951496,38.08724714717574,1.0,0.0,-0.13173732777282132,0.028779453872804363,0.483192841292566,-0.02573018080667594,-0.2159383033419023,0.0,0.08508241586814928,0.12251833871905014,0.2537287179330404,Banks—Regional,Financial Services,FITBO
2016Q4,2016,Q4,2017-02-24,2016-12-31,389000000.0,1438000000.0,0.0,0.0,1438000000.0,1.0,142177000000.0,16205000000.0,100336000000.0,2500000000.0,125945000000.0,0.0,13441000000.0,0.0,14496000000.0,0.0,40.1344,0.11878151881105946,1.0421474853440296,0.0,0.0,0.02400493674791731,0.0,0.0,0.0,0.2544987146529563,0.0,,0.01011415348474085,16.9416,0.002736026220837407,0.0,1.0,-1.0,0.0,0.0,0.0,0.0,-0.24612403100775193,0.0,0.0,0.0,0.0,Banks—Regional,Financial Services,FITBO
2016Q3,2016,Q3,2016-11-09,2016-09-30,516000000.0,1438000000.0,0.0,0.65,1438000000.0,1.0,143279000000.0,16776000000.0,103814000000.0,1950000000.0,126475000000.0,0.0,13180000000.0,18284070057.9,34960070057.9,22.34161205390379,53.23794871794872,0.1314917049951493,1.1230329041487839,0.0,22.34161205390379,0.030758226037195996,12.71493049923505,8.858561074563955,1.0898944955829757,0.22286821705426357,0.0,0.006289628055232261,0.010036362621179656,20.12153846153846,0.003601365168656956,46.17189408560606,1.0,0.625,0.0,0.0,0.0,0.007708479327259986,0.5495495495495496,0.0,0.4367011210607511,0.14046845371381897,0.3431252129004939,Banks—Regional,Financial Services,FITBO
2016Q2,2016,Q2,2016-08-05,2016-06-30,333000000.0,1427000000.0,0.0,0.4,1427000000.0,1.0,143625000000.0,16726000000.0,104547000000.0,2450000000.0,126871000000.0,0.0,12778000000.0,18484216124.75,34806216124.75,22.033831310523507,42.67224489795918,0.13006788511749348,1.1168838933397107,0.0,22.033831310523507,0.019909123520267847,12.953199807112824,13.877039132695195,1.105118744753677,0.36936936936936937,0.0,0.006654326002783826,0.009935596170583115,15.920408163265305,0.002318537859007833,85.57507465162037,1.0,0.0,0.0,0.0,0.0,-0.03515889114266396,0.01834862385321101,0.0,-0.3627104181980559,-0.019439920163646898,0.32859516807866584,Banks—Regional,Financial Services,FITBO
2016Q1,2016,Q1,2016-05-06,2016-03-31,327000000.0,1479000000.0,0.0,0.4,1479000000.0,1.0,142430000000.0,16323000000.0,104861000000.0,2000000000.0,126075000000.0,0.0,12570000000.0,18836287734.3,33843287734.3,21.101028801775772,52.4305,0.12149827985677175,1.060160509710225,0.0,21.101028801775772,0.020033082154015804,12.735826730425963,14.40083160114679,1.1539721702076824,0.3577981651376147,0.0,0.0062114149905954374,0.010384048304430247,18.6595,0.0022958646352594257,61.961472810197364,1.0,0.0,0.0,0.0,0.0,-0.027613412228796843,-0.5015243902439024,0.0,-0.1275937903987039,0.051890918316234026,0.3238274649621879,Banks—Regional,Financial Services,FITBO
2015Q4,2015,Q4,2016-02-25,2015-12-31,656000000.0,1521000000.0,0.0,0.0,1521000000.0,1.0,141082000000.0,15839000000.0,101239000000.0,1507000000.0,125212000000.0,0.0,12358000000.0,0.0,14811000000.0,0.0,67.17916390179164,0.12298521427255071,1.0954605720058084,0.0,0.0,0.041416756108340176,0.0,0.0,0.0,0.19207317073170732,0.0,,0.0107809642619186,26.203052422030524,0.0046497781432074965,0.0,1.0,-1.0,0.0,0.0,0.0,-0.016170763260025874,0.7217847769028871,0.0,0.0,0.0,0.0,Banks—Regional,Financial Services,FITBO
2015Q3,2015,Q3,2015-11-05,2015-09-30,381000000.0,1546000000.0,0.0,0.45,1546000000.0,1.0,141918000000.0,15826000000.0,105066000000.0,3452000000.0,126060000000.0,0.0,11826000000.0,19377555288.75,35901555288.75,19.887085561496487,30.436268829663963,0.13373215518820727,1.199229116643498,0.0,19.887085561496487,0.02407430810059396,12.533994365297541,12.714931291830709,1.2244126935896626,0.31496062992125984,0.0,0.0061927316532890105,0.010893614622528502,10.586326767091542,0.0026846488817486155,38.91075359186747,1.0,0.25000000000000006,0.0,0.0,0.0,0.03967720242098184,0.20952380952380953,0.0,0.1929298161924814,0.11635238469550822,0.3112240482925058,Banks—Regional,Financial Services,FITBO
2015Q2,2015,Q2,2015-08-05,2015-06-30,315000000.0,1487000000.0,0.0,0.36,1487000000.0,1.0,141658000000.0,15605000000.0,104043000000.0,2850000000.0,126020000000.0,0.0,11564000000.0,19576549137.95,33162549137.95,19.410047568771386,36.50631578947368,0.11556706998545793,1.0490868311438641,0.0,19.410047568771386,0.02018583787247677,13.1651305567922,15.53694376027778,1.2545049111150275,0.4095238095238095,0.0,0.006589516829088525,0.010497112764545596,13.158947368421053,0.0022236654477685693,46.94616100227818,1.0,-0.14285714285714285,0.0,0.0,0.0,0.03840782122905028,-0.12742382271468145,0.0,-0.07030507240746234,0.07416966381515429,0.28743663363825395,Banks—Regional,Financial Services,FITBO
2015Q1,2015,Q1,2015-05-11,2015-03-31,361000000.0,1432000000.0,0.0,0.42,1432000000.0,1.0,140470000000.0,15864000000.0,102474000000.0,1413000000.0,124566000000.0,0.0,11380000000.0,19728603394.75,32276603394.75,19.5801188898549,72.52229299363057,0.11011603901188866,0.9750378214826021,0.0,19.5801188898549,0.022755925365607665,13.776957677898045,13.662467724896123,1.243608383431039,0.3379501385041551,0.0,0.006183914672463107,0.010194347547519043,26.741684359518754,0.002569943760233502,44.53409344187359,1.0,0.0,0.0,0.0,0.0,-0.019178082191780823,-0.06233766233766234,0.0,-0.051647853544026595,-0.02962789541527116,0.3215509062200934,Banks—Regional,Financial Services,FITBO
2014Q4,2014,Q4,2015-02-25,2014-12-31,385000000.0,1460000000.0,0.0,0.0,1460000000.0,1.0,138706000000.0,15626000000.0,99876000000.0,1556000000.0,123041000000.0,0.0,11141000000.0,0.0,13432000000.0,0.0,64.18766066838046,0.11912246045592836,1.057404326123128,0.0,0.0,0.02463842314091898,0.0,0.0,0.0,0.34285714285714286,0.0,,0.010525860453044569,24.681233933161955,0.002775654982480931,0.0,1.0,-1.0,0.0,0.0,0.0,0.06336489439184267,0.1323529411764706,0.0,0.0,0.0,0.0,Banks—Regional,Financial Services,FITBO
2014Q3,2014,Q3,2014-11-07,2014-09-30,340000000.0,1373000000.0,0.0,0.39,1373000000.0,1.0,134188000000.0,15404000000.0,100493000000.0,2730000000.0,118745000000.0,0.0,10886000000.0,20195683146.75,34136683146.75,18.572652248228657,36.81062271062271,0.12717977762542104,1.1078940534925994,0.0,18.572652248228657,0.022072189041807324,14.709164709941733,14.849767019669118,1.31106745953973,0.3588235294117647,0.0,0.0060408949335112195,0.010231913434882403,12.17142857142857,0.002533758607327034,43.9993096879085,1.0,-0.20408163265306117,0.0,0.0,0.0,-0.06598639455782312,-0.2255125284738041,0.0,0.0,0.0,0.0,Banks—Regional,Financial Services,FITBO
2014Q2,2014,Q2,2014-08-07,2014-06-30,439000000.0,1470000000.0,0.0,0.49,1470000000.0,1.0,132562000000.0,15469000000.0,100285000000.0,3146000000.0,117054000000.0,0.0,10666000000.0,20417281320.100002,34212281320.100002,18.448594800385262,31.876986649713924,0.1290490487470014,1.1058891977503393,0.0,18.448594800385262,0.028379339323808907,13.889307020476192,11.627153371355353,1.3198837235826493,0.2824601366742597,0.0,0.006073286548583084,0.011089150737013624,10.19675778766688,0.0033116579411897828,33.470952983770495,1.0,0.36111111111111116,0.0,0.0,0.0,0.04107648725212465,0.3805031446540881,0.0,0.0,0.0,0.0,Banks—Regional,Financial Services,FITBO
2014Q1,2014,Q1,2014-05-08,2014-03-31,318000000.0,1412000000.0,0.0,0.36,1412000000.0,1.0,129654000000.0,14826000000.0,99510000000.0,2717000000.0,114790000000.0,0.0,10363000000.0,20596692582.75,31393692582.75,17.527721916981623,36.624953993375044,0.10759405803137581,0.9409146094698503,0.0,17.527721916981623,0.021448806151355727,14.586892763987253,16.192368382665094,1.3892278822845003,0.3522012578616352,0.0,0.0054377662602879,0.010890524010057539,10.924181082075819,0.0024526817529732983,74.08882224010792,1.0,0.0,0.0,0.0,0.0,-0.07953063885267275,-0.2109181141439206,0.0,0.0,0.0,0.0,Banks—Regional,Financial Services,FITBO
2013Q4,2013,Q4,2014-02-24,2013-12-31,403000000.0,1534000000.0,0.0,0.0,1534000000.0,1.0,130443000000.0,14589000000.0,98072000000.0,1380000000.0,115817000000.0,0.0,10156000000.0,0.0,7835000000.0,0.0,71.06666666666666,0.08442768105609347,0.7548838165741312,0.0,0.0,0.027623551991226267,0.0,0.0,0.0,0.31265508684863524,0.0,,0.011759925791341812,22.93623188405797,0.003089472029928781,0.0,1.0,-1.0,0.0,0.0,0.0,0.037889039242219216,-0.04275534441805225,0.0,0.0,0.0,0.0,Banks—Regional,Financial Services,FITBO
2013Q3,2013,Q3,2013-11-06,2013-09-30,421000000.0,1478000000.0,0.0,0.47,1478000000.0,1.0,125673000000.0,14641000000.0,97869000000.0,3487000000.0,110993000000.0,0.0,9876000000.0,21432444191.550003,30130444191.550003,16.63405007911126,28.066819615715517,0.09218368305045635,0.7912710880404344,0.0,16.63405007911126,0.028754866470869476,14.500977125541274,12.727104626811165,1.4638647764189605,0.26365795724465557,0.0,0.005179063993259485,0.011760680496208414,7.789217092056209,0.003349963794928107,19.501769055095544,1.0,-0.276923076923077,0.0,0.0,0.0,-0.10206561360874848,-0.2876480541455161,0.0,0.0,0.0,0.0,Banks—Regional,Financial Services,FITBO
2013Q2,2013,Q2,2013-08-07,2013-06-30,591000000.0,1646000000.0,0.0,0.65,1646000000.0,1.0,123360000000.0,14239000000.0,99048000000.0,2112000000.0,109083000000.0,0.0,9561000000.0,20906488988.5,27568488988.5,16.584307876407156,46.89772727272727,0.07337872892347601,0.6357188004775616,0.0,16.584307876407156,0.04150572371655313,12.701390636998784,8.843692465524535,1.4682554244328956,0.17766497461928935,0.0,0.005022364111819885,0.013343060959792477,11.009943181818182,0.004790856031128405,17.010975580553296,1.0,0.41304347826086957,0.0,0.0,0.0,0.03979785217940619,0.4004739336492891,0.0,0.0,0.0,0.0,Banks—Regional,Financial Services,FITBO
2013Q1,2013,Q1,2013-05-09,2013-03-31,422000000.0,1583000000.0,0.0,0.46,1583000000.0,1.0,121382000000.0,13882000000.0,96981000000.0,2439000000.0,107462000000.0,0.0,9084000000.0,21206976851.9,29779976851.9,15.93941005173093,39.76260762607626,0.08863752450940007,0.7750324160783749,0.0,15.93941005173093,0.030399077942659558,13.396700474984208,12.563374912263034,1.5276600527229507,0.20853080568720378,0.0,0.004149577783507402,0.013041472376464386,9.554325543255432,0.003476627506549571,18.701037788271606,1.0,0.0,0.0,0.0,0.0,0.19471698113207547,0.06030150753768844,0.0,0.0,0.0,0.0,Banks—Regional,Financial Services,FITBO
2012Q4,2012,Q4,2013-02-22,2012-12-31,398000000.0,1325000000.0,0.0,0.0,1325000000.0,1.0,121894000000.0,13716000000.0,95810000000.0,6280000000.0,108130000000.0,0.0,8768000000.0,0.0,10924000000.0,0.0,15.256369426751592,0.10964444517367548,0.9744094488188977,0.0,0.0,0.029017206182560512,0.0,0.0,0.0,0.30904522613065327,0.0,,0.010870100251037787,3.9226114649681527,0.0032651319999343694,0.0,1.0,-1.0,0.0,0.0,0.0,-0.15819567979669633,0.09641873278236915,0.0,0.0,0.0,0.0,Banks—Regional,Financial Services,FITBO
2012Q3,2012,Q3,2012-11-07,2012-09-30,363000000.0,1574000000.0,0.0,0.38,1574000000.0,1.0,117483000000.0,13718000000.0,94115000000.0,5503000000.0,103714000000.0,0.0,8466000000.0,22023965982.15,33163965982.15,15.166809659564837,17.102489551153916,0.11601678540725041,0.993585070710016,0.0,15.166809659564837,0.026461583321183847,13.992354499459976,15.168020648863637,1.605479368869369,0.20110192837465565,0.0,0.003314571047701631,0.013397683069039776,1.3310921315646012,0.0030898087382855394,40.559790022375694,1.0,-0.050000000000000044,0.0,0.0,0.0,0.0006357279084551812,-0.05714285714285714,0.0,0.0,0.0,0.0,Banks—Regional,Financial Services,FITBO
2012Q2,2012,Q2,2012-08-08,2012-06-30,385000000.0,1573000000.0,0.0,0.4,1573000000.0,1.0,117543000000.0,13773000000.0,93319000000.0,4613000000.0,103719000000.0,0.0,8201000000.0,22244711418.5,34149711418.5,15.076507116252568,20.22956861044873,0.12164059110283046,1.038118057068177,0.0,15.076507116252568,0.02795324184999637,14.141583864272091,14.44461780422078,1.615095579648588,0.19220779220779222,0.0,0.003326633400982549,0.013382336676790622,0.9445046607413831,0.0032753970887249772,411.9391003425926,1.0,-0.11111111111111108,0.0,0.0,0.0,-0.05638872225554889,-0.10465116279069768,0.0,0.0,0.0,0.0,Banks—Regional,Financial Services,FITBO
2012Q1,2012,Q1,2012-05-10,2012-03-31,430000000.0,1667000000.0,0.0,0.45,1667000000.0,1.0,116747000000.0,13560000000.0,92310000000.0,2877000000.0,103137000000.0,0.0,7902000000.0,22285748619.600002,32575748619.600002,14.816015635642865,32.08550573514077,0.10728327066220117,0.9236725663716814,0.0,14.816015635642865,0.03171091445427729,13.368775416676666,12.956830592790698,1.6434917861061948,0.17209302325581396,0.0,0.0033205077048620232,0.014278739496518112,1.3427181091414668,0.0036831781544707787,12.436243649330358,1.0,0.0,0.0,0.0,0.0,0.2932505818463926,0.36942675159235666,0.0,0.0,0.0,0.0,Banks—Regional,Financial Services,FITBO
2011Q4,2011,Q4,2012-02-29,2011-12-31,314000000.0,1289000000.0,0.0,0.0,1289000000.0,1.0,116967000000.0,13201000000.0,92096000000.0,3239000000.0,103716000000.0,0.0,7554000000.0,0.0,9883000000.0,0.0,28.43346711948132,0.10726102233963426,0.9503825467767594,0.0,0.0,0.0237860768123627,0.0,0.0,0.0,0.39490445859872614,0.0,,0.011020202279275351,7.359370175980241,0.002684517855463507,0.0,1.0,-1.0,0.0,0.0,0.0,-0.17530390275111965,-0.17585301837270342,0.0,0.0,0.0,0.0,Banks—Regional,Financial Services,FITBO
2011Q3,2011,Q3,2011-11-09,2011-09-30,381000000.0,1563000000.0,0.0,0.4,1563000000.0,1.0,114905000000.0,13029000000.0,90128000000.0,4894000000.0,101847000000.0,0.0,7323000000.0,0.0,12346000000.0,0.0,18.41601961585615,0.12787955267394804,1.127791848952337,0.0,0.0,0.029242459129633892,0.0,0.0,0.0,0.02099737532808399,0.0,,0.0136025412297115,0.8941561095218635,0.003315782603019886,0.0,1.0,0.142857142857143,0.0,0.0,0.0,0.028289473684210528,0.13056379821958458,0.0,0.0,0.0,0.0,Banks—Regional,Financial Services,FITBO
2011Q2,2011,Q2,2011-08-05,2011-06-30,337000000.0,1520000000.0,0.0,0.35,1520000000.0,1.0,110805000000.0,12572000000.0,87172000000.0,2702000000.0,98204000000.0,0.0,7024000000.0,0.0,10474000000.0,0.0,32.2620281273131,0.11600559541536934,1.0224307986000636,0.0,0.0,0.026805599745466115,0.0,0.0,0.0,0.1632047477744807,0.0,,0.01371779251838816,1.3878608438193931,0.003041378999142638,0.0,1.0,2.4999999999999996,0.0,0.0,0.0,0.03896103896103896,0.27169811320754716,0.0,0.0,0.0,0.0,Banks—Regional,Financial Services,FITBO
2011Q1,2011,Q1,2011-05-09,2011-03-31,265000000.0,1463000000.0,0.0,0.1,1463000000.0,1.0,110485000000.0,12163000000.0,86039000000.0,1297000000.0,98293000000.0,0.0,6752000000.0,0.0,9731000000.0,0.0,66.33693138010794,0.10727248042720731,0.974430650332977,0.0,0.0,0.02178738797993916,0.0,0.0,0.0,0.20754716981132076,0.0,,0.013241616509028374,3.548188126445644,0.0023985156356066436,0.0,1.0,0.0,0.0,0.0,0.0,0.0013689253935660506,-0.2042042042042042,0.0,0.0,0.0,0.0,Banks—Regional,Financial Services,FITBO
2010Q4,2010,Q4,2011-02-28,2010-12-31,333000000.0,1461000000.0,0.0,0.0,1461000000.0,1.0,111007000000.0,14051000000.0,86241000000.0,1574000000.0,96927000000.0,0.0,6719000000.0,0.0,8973000000.0,0.0,54.79097839898348,0.10028196420045583,0.7922567788769482,0.0,0.0,0.023699380826987405,0.0,0.0,0.0,0.6396396396396397,0.0,,0.013161332168241642,14.634688691232528,0.0029998108227409083,0.0,1.0,-1.0,0.0,0.0,0.0,-0.15986198964922368,0.39915966386554624,0.0,0.0,0.0,0.0,Banks—Regional,Financial Services,FITBO
2010Q3,2010,Q3,2010-11-08,2010-09-30,238000000.0,1739000000.0,0.0,0.22,1739000000.0,1.0,112322000000.0,13884000000.0,86467000000.0,1775000000.0,98409000000.0,0.0,6456000000.0,0.0,10513000000.0,0.0,48.713802816901406,0.11331707056498282,0.9167386920195909,0.0,0.0,0.01714203399596658,0.0,0.0,0.0,0.3949579831932773,0.0,,0.015482274176029629,3.0907042253521126,0.0021189081391000874,0.0,1.0,0.375,0.0,0.0,0.0,0.1577896138482024,0.23958333333333334,0.0,0.0,0.0,0.0,Banks—Regional,Financial Services,FITBO
2010Q2,2010,Q2,2010-08-09,2010-06-30,192000000.0,1502000000.0,0.0,0.16,1502000000.0,1.0,112025000000.0,13701000000.0,85049000000.0,1556000000.0,98324000000.0,0.0,6289000000.0,0.0,10329000000.0,0.0,54.65874035989717,0.11198393215800044,0.9156265965987884,0.0,0.0,0.014013575651412306,0.0,0.0,0.0,0.3072916666666667,0.0,,0.013407721490738675,4.201799485861183,0.0017139031466190582,0.0,1.0,2.7777777777777777,0.0,0.0,0.0,-0.014435695538057743,20.2,0.0,0.0,0.0,0.0,Banks—Regional,Financial Services,FITBO
2010Q1,2010,Q1,2010-05-07,2010-03-31,-10000000.0,1524000000.0,0.0,-0.09,1524000000.0,1.0,112651000000.0,13408000000.0,85040000000.0,1359000000.0,99243000000.0,0.0,6169000000.0,0.0,10173000000.0,0.0,62.57542310522443,0.10924004225439632,0.9178102625298329,0.0,0.0,-0.0007458233890214797,0.0,0.0,0.0,-5.9,0.0,,0.013528508402055908,4.442236938925681,-8.876974017097052e-05,0.0,1.0,0.0,0.0,0.0,0.0,0.39432753888380606,0.8979591836734694,0.0,0.0,0.0,0.0,Banks—Regional,Financial Services,FITBO
2009Q4,2009,Q4,2010-02-26,2009-12-31,-98000000.0,1093000000.0,0.0,0.0,1093000000.0,1.0,113380000000.0,13497000000.0,84159000000.0,1415000000.0,99883000000.0,0.0,6326000000.0,0.0,9604000000.0,0.0,59.47632508833922,0.1051508202504851,0.8833074016448099,0.0,0.0,-0.007260872786545158,0.0,0.0,0.0,-0.6020408163265306,0.0,,0.00964014817428118,19.751943462897525,-0.0008643499735403069,0.0,1.0,1.0,0.0,0.0,0.0,-0.3667439165701043,-0.010309278350515464,0.0,0.0,0.0,0.0,Banks—Regional,Financial Services,FITBO
2009Q3,2009,Q3,2009-11-06,2009-09-30,-97000000.0,1726000000.0,0.0,-0.2,1726000000.0,1.0,110740000000.0,13688000000.0,86423000000.0,3674000000.0,97052000000.0,0.0,6496000000.0,0.0,11706000000.0,0.0,23.52286336418073,0.1249413039552104,1.010812390414962,0.0,0.0,-0.007086499123319696,0.0,0.0,0.0,-0.6185567010309279,0.0,,0.015586057431822287,0.8862275449101796,-0.0008759255914755282,0.0,1.0,-1.1739130434782608,0.0,0.0,0.0,-0.4944346807264206,-1.1099773242630386,0.0,0.0,0.0,0.0,Banks—Regional,Financial Services,FITBO
2009Q2,2009,Q2,2009-08-10,2009-06-30,882000000.0,3414000000.0,0.0,1.15,3414000000.0,1.0,115984000000.0,13700000000.0,91640000000.0,6802000000.0,102284000000.0,0.0,6663000000.0,0.0,14005000000.0,0.0,13.4725080858571,0.14574424058490826,1.2338686131386862,0.0,0.0,0.06437956204379562,0.0,0.0,0.0,0.06349206349206349,0.0,,0.029435094495792524,0.5016171714201706,0.007604497172023728,0.0,1.0,29.749999999999996,0.0,0.0,0.0,1.3177189409368635,16.64,0.0,0.0,0.0,0.0,Banks—Regional,Financial Services,FITBO
2009Q1,2009,Q1,2009-05-11,2009-03-31,50000000.0,1473000000.0,0.0,-0.04,1473000000.0,1.0,119313000000.0,12102000000.0,92827000000.0,11076000000.0,107211000000.0,0.0,5792000000.0,0.0,20763000000.0,0.0,8.380913687251715,0.19489913085749247,1.9215005784167907,0.0,0.0,0.0041315485043794415,0.0,0.0,0.0,1.44,0.0,,0.012345679012345678,0.3681834597327555,0.0004190658184774501,0.0,1.0,0.0,0.0,0.0,0.0,0.6151315789473685,1.0233426704014938,0.0,0.0,0.0,0.0,Banks—Regional,Financial Services,FITBO
2008Q4,2008,Q4,2009-03-02,2008-12-31,-2142000000.0,912000000.0,0.0,0.0,912000000.0,1.0,119764000000.0,12077000000.0,95335000000.0,9959000000.0,107687000000.0,0.0,5824000000.0,0.0,19798000000.0,0.0,9.572748267898383,0.1965866203533616,1.9494907675747288,0.0,0.0,-0.1773619276310342,0.0,0.0,0.0,-0.06022408963585434,0.0,,0.007614976119702081,2.517823074605884,-0.017885174175879228,0.0,1.0,1.0,0.0,0.0,0.0,-0.48764044943820223,-37.25,0.0,0.0,0.0,0.0,Banks—Regional,Financial Services,FITBO
2008Q3,2008,Q3,2008-11-07,2008-09-30,-56000000.0,1780000000.0,0.0,-0.14,1780000000.0,1.0,116294000000.0,10696000000.0,94307000000.0,8791000000.0,105598000000.0,0.0,8013000000.0,0.0,18964000000.0,0.0,10.727676032305768,0.18692279911259393,2.0323485415108453,0.0,0.0,-0.005235602094240838,0.0,0.0,0.0,-1.9821428571428572,0.0,,0.01530603470514386,0.34159936298487087,-0.00048153817049890796,0.0,1.0,0.6216216216216216,0.0,0.0,0.0,0.2191780821917808,0.7227722772277227,0.0,0.0,0.0,0.0,Banks—Regional,Financial Services,FITBO
2008Q2,2008,Q2,2008-08-07,2008-06-30,-202000000.0,1460000000.0,0.0,-0.37,1460000000.0,1.0,114975000000.0,10754000000.0,94418000000.0,5628000000.0,104221000000.0,0.0,8178000000.0,0.0,17821000000.0,0.0,16.776474769012083,0.17981300282670146,1.922447461409708,0.0,0.0,-0.018783708387576717,0.0,0.0,0.0,-1.1534653465346534,0.0,,0.012698412698412698,0.5069296375266524,-0.001756903674711894,0.0,1.0,-1.6851851851851851,0.0,0.0,0.0,-0.1330166270783848,-1.7062937062937062,0.0,0.0,0.0,0.0,Banks—Regional,Financial Services,FITBO
2008Q1,2008,Q1,2008-05-09,2008-03-31,286000000.0,1684000000.0,0.0,0.54,1684000000.0,1.0,111396000000.0,9352000000.0,92140000000.0,6387000000.0,102044000000.0,0.0,8465000000.0,0.0,17336000000.0,0.0,14.426178174416783,0.1833818090416173,2.1843455945252352,0.0,0.0,0.03058169375534645,0.0,0.0,0.0,0.8146853146853147,0.0,,0.015117239398183059,0.4841083450759355,0.0025674171424467664,0.0,1.0,0.0,0.0,0.0,0.0,0.8185745140388769,15.823529411764707,0.0,0.0,0.0,0.0,Banks—Regional,Financial Services,FITBO
2007Q4,2007,Q4,2008-02-22,2007-12-31,17000000.0,926000000.0,0.0,0.0,926000000.0,1.0,110962000000.0,9161000000.0,93119000000.0,4747000000.0,101801000000.0,0.0,8413000000.0,0.0,14917000000.0,0.0,19.61638929850432,0.15864890683296984,1.9216242768256742,0.0,0.0,0.0018556926099770768,0.0,0.0,0.0,13.058823529411764,0.0,,0.008345199257403435,4.092690120075837,0.00015320560191777366,0.0,1.0,-1.0,0.0,0.0,0.0,-0.37262872628726285,-0.9476923076923077,0.0,0.0,0.0,0.0,Banks—Regional,Financial Services,FITBO
2007Q3,2007,Q3,2007-11-09,2007-09-30,325000000.0,1476000000.0,0.0,0.61,1476000000.0,1.0,104265000000.0,9293000000.0,86901000000.0,3796000000.0,94972000000.0,0.0,8593000000.0,0.0,13754000000.0,0.0,22.89278187565859,0.15627487651656835,1.7533627461530183,0.0,0.0,0.03497255999139137,0.0,0.0,0.0,0.6892307692307692,0.0,,0.014156236512731981,0.6691253951527925,0.0031170574977221503,0.0,1.0,-0.11594202898550719,0.0,0.0,0.0,0.02074688796680498,-0.1356382978723404,0.0,0.0,0.0,0.0,Banks—Regional,Financial Services,FITBO
2007Q2,2007,Q2,2007-08-09,2007-06-30,376000000.0,1446000000.0,0.0,0.69,1446000000.0,1.0,101390000000.0,9191000000.0,84259000000.0,3331000000.0,92199000000.0,0.0,8489000000.0,0.0,12961000000.0,0.0,25.295406784749325,0.15078410099615347,1.6633663366336633,0.0,0.0,0.04090958546404091,0.0,0.0,0.0,0.6117021276595744,0.0,,0.014261761514942302,0.698589012308616,0.003708452510109478,0.0,1.0,0.06153846153846142,0.0,0.0,0.0,0.044797687861271675,0.04735376044568245,0.0,0.0,0.0,0.0,Banks—Regional,Financial Services,FITBO
2007Q1,2007,Q1,2007-05-10,2007-03-31,359000000.0,1384000000.0,0.0,0.65,1384000000.0,1.0,99824000000.0,9804000000.0,83367000000.0,2383000000.0,90020000000.0,0.0,8330000000.0,0.0,12759000000.0,0.0,34.98405371380613,0.15029451835230004,1.5302937576499387,0.0,0.0,0.03661770705834353,0.0,0.0,0.0,0.6183844011142061,0.0,,0.01386440134636961,0.941670163659253,0.0035963295399903832,0.0,1.0,0.0,0.0,0.0,0.0,0.44467640918580376,4.523076923076923,0.0,0.0,0.0,0.0,Banks—Regional,Financial Services,FITBO
