Quarters,Year,Quarter,FillingDate,Date,NetIncome,Revenue,OperatingIncome,EPSDiluted,GrossProfit,GrossProfitRatio,TotalAssets,CommonStockEquity,CurrentAssets,CurrentLiability,TotalLiability,Inventory,RetainedEarnings,MarketCap,EnterpriseValue,bookValuePerShare,currentRatio,debtToAssets,debtToEquity,roic,shareholdersEquityPerShare,roe,priceToSalesRatio,peRatio,pbRatio,payoutRatio,inventoryTurnover,dividendYield,assetTurnover,quickRatio,returnOnAssets,priceToFreeCashFlowsRatio,grossProfitMargin,epsdilutedGrowth,fiveYNetIncomeGrowthPerShare,fiveYRevenueGrowthPerShare,fiveYShareholdersEquityGrowthPerShare,grossProfitGrowth,netIncomeGrowth,operatingIncomeGrowth,threeYNetIncomeGrowthPerShare,threeYRevenueGrowthPerShare,threeYShareholdersEquityGrowthPerShare,Industry,Sector,Symbol
2023Q1,2023,Q1,2023-04-26,2023-03-31,44690000.0,135025000.0,52920000.0,1.02,98839000.0,0.7320051842,4080461000.0,2035967000.0,9390000.0,227431000.0,2044079000.0,0.0,-345622000.0,7232915320.0,9021120320.0,46.53532490685927,0.04128724756079866,0.4405372334155381,0.8829195168683972,0.015199297871624167,46.53532490685927,0.02195025754346706,53.567230660988706,40.461598344148584,3.5525700170975263,1.234571492503916,0.0,0.007628044510273625,0.03309062382902324,0.3706398863831228,0.010952193882014802,77.38966328201067,0.7320051842251435,0.14606741573033707,0.2340580236862075,0.4827322702560885,1.088180663676824,0.04516326875898824,0.1556463499780197,0.05133502860775588,0.7047903050671273,0.35395381060656056,0.5196870424409429,REIT—Industrial,Real Estate,EGP
2022Q4,2022,Q4,2023-02-15,2022-12-31,38671000.0,129840000.0,50336000.0,0.89,94568000.0,0.7283425755,4035837000.0,1952998000.0,76643000.0,322446000.0,2082398000.0,0.0,-334898000.0,6436464320.0,8320197320.0,44.92542326094958,0.23769251285486562,0.46676538224908487,0.9645626877242066,0.013038629751290056,44.92542326094958,0.019800839529789584,49.57227603203943,41.61040779912596,3.2956840303983927,1.4051614905226137,0.0,0.008442367936563035,0.032171765113407705,0.2439788367664663,0.009581903332567693,161.11299924906132,0.7283425754775108,0.022988505747126457,0.73997948245764,0.4401329063541661,1.0623907400359602,0.04350896551724138,0.023258890770533447,0.05774565016390687,-0.3085455168694124,0.33069983013429144,0.4429628461002301,REIT—Industrial,Real Estate,EGP
2022Q3,2022,Q3,2022-10-26,2022-09-30,37792000.0,125658000.0,47588000.0,0.87,90625000.0,0.7212035843,3962323000.0,1988900000.0,4848000.0,345138000.0,1972137000.0,-79209000.0,-319063000.0,6274026780.0,7966906780.0,45.75655094669519,0.014046555290927108,0.4284678457561385,0.8536014882598422,0.012822207166353634,45.75655094669519,0.019001458092412892,49.92938595234685,41.503669956604575,3.1545209814470314,1.2650825571549533,-0.44228559885871555,0.007620305375872175,0.0317132146975398,0.2030897785813211,0.009537839292758313,62.490928993316665,0.721203584332076,-0.20183486238532117,0.8728236057611346,0.4387972085968881,1.1688227862945886,0.05369330403339263,-0.1809098593380871,0.06968171192231613,0.45494940448891297,0.3008593476228581,0.5619510175562045,REIT—Industrial,Real Estate,EGP
2022Q2,2022,Q2,2022-07-27,2022-06-30,46139000.0,118553000.0,44488000.0,1.09,86007000.0,0.7254729952,3851717000.0,1984723000.0,5555000.0,360781000.0,1865643000.0,-67722000.0,-302324000.0,6514423630.000001,8132404630.000001,47.01909454881429,0.015397152289061786,0.42150967996869965,0.8180164184120404,0.015071278490421936,47.01909454881429,0.02324707276531788,54.949462518873425,35.29781545980624,3.2822835378035125,0.9916556492338369,-0.4805823809101917,0.007023491654625475,0.0307792602623713,0.20331170433032783,0.011978813604426286,69.38505059219497,0.7254729952004588,-0.5198237885462554,0.007039980681800962,0.4059450365144745,1.2302955230889436,0.050018312782322064,-0.5088042413660946,0.07557661621778444,0.4982329389280656,0.26381171293989775,0.7244110784622468,REIT—Industrial,Real Estate,EGP
2022Q1,2022,Q1,2022-04-27,2022-03-31,93932000.0,112974000.0,41362000.0,2.27,81910000.0,0.7250340786,3344735000.0,1673033000.0,5718000.0,322025000.0,1670346000.0,-78673000.0,-300429000.0,8384486880.0,9843284880.0,40.562309072394896,0.01775638537380638,0.43785710975607933,0.8753658774214257,0.019328858532406002,40.562309072394896,0.05614473832853267,74.21607520314409,22.315310224417665,5.011549013079838,0.49006728271515565,-0.39484956719586134,0.00549025845693732,0.033776666910831504,0.19873612297181895,0.028083540250572914,101.92170183798503,0.7250340786375626,0.29714285714285715,4.926750494996076,0.3812733084759238,1.0177668457450715,0.052624815266979375,0.3066254920780648,-0.47952031609810114,2.6860908493838735,0.267528378986647,0.6079530979715351,REIT—Industrial,Real Estate,EGP
2021Q4,2021,Q4,2022-02-16,2021-12-31,71889000.0,107372000.0,79469000.0,1.75,77815000.0,0.7247233916,3215336000.0,1570070000.0,93618000.0,333227000.0,1643876000.0,5695000.0,-318056000.0,9306305400.0,10783465400.0,38.440652237782786,0.28094362101510384,0.46077703854278373,0.9436222588801774,0.0258226293364414,38.440652237782786,0.04578713051010465,86.6734847073725,32.363454075032344,5.927318781965135,0.5079914868755999,5.189991220368745,0.003924113644497418,0.03339371064174942,0.21359613716775652,0.02235816101334355,1932.3723837209302,0.7247233915732221,1.3026315789473684,2.8006506389639974,0.30247037320380116,0.9817708808675322,0.038183928595253026,1.3362581651555037,1.0377711677521924,2.427503209705691,0.21820041229671763,0.5381641383478609,REIT—Industrial,Real Estate,EGP
2021Q3,2021,Q3,2021-10-27,2021-09-30,30771000.0,104597000.0,38998000.0,0.76,74953000.0,0.716588429878486,2985010000.0,1418898000.0,81609000.0,224227000.0,1565270000.0,0.0,-344378000.0,6737517420.0,8112522420.0,35.09170500074195,0.36395706137084294,0.4607193945748925,0.9692395084072287,0.01383125079578104,35.09170500074195,0.02168654829311198,64.41405986787385,54.739181534561766,4.7484156154987875,1.0346430080270383,0.0,0.004725331010721157,0.03504075363231614,0.3142485070932582,0.01030850817920208,69.0935302985243,0.716588429878486,0.10144927536231894,0.6995081420607282,0.34034348031251344,0.9123365120169044,0.048029866607008025,0.11659046374918354,0.09702101324931785,0.18124803509045495,0.22656461071011477,0.4434009263930039,REIT—Industrial,Real Estate,EGP
2021Q2,2021,Q2,2021-07-28,2021-06-30,27558000.0,99575000.0,35549000.0,0.69,71518000.0,0.7182324880743158,2855622000.0,1372441000.0,112052000.0,113075000.0,1482291000.0,0.0,-338423000.0,6589182600.0,7879831600.0,34.252795248078264,0.9909529073623701,0.46547267110282803,0.9685035640876366,0.013094808342603712,34.252795248078264,0.020079551689289377,66.17306151142355,59.77558785107772,4.801068024053493,1.1444952463894331,0.0,0.004786633170554418,0.034869811200502025,0.8303603802785762,0.009650436927576549,156.73602759276878,0.7182324880743158,0.0,-0.4929157585112391,0.2994690362688482,0.8385030594816268,0.020068177604084952,0.008010534401404586,0.0033020997967938585,0.3280919556411751,0.16802227426568384,0.4367674337593511,REIT—Industrial,Real Estate,EGP
2021Q1,2021,Q1,2021-04-29,2021-03-31,27339000.0,97931000.0,35432000.0,0.69,70111000.0,0.715922435183956,2756921000.0,1315911000.0,70928000.0,103625000.0,1440123000.0,0.0,-334000000.0,5684347440.0,6994929440.0,33.16893101101505,0.6844680337756333,0.47540353894797854,0.9960020092544253,0.013421400224169808,33.16893101101505,0.02077572115439418,58.04441331141314,51.98020629869417,4.3197050864382165,1.1654778887303852,0.0,0.00560539276255077,0.03552187385855453,0.47898673100120626,0.009916497425932772,72.11625485270609,0.715922435183956,-0.26595744680851063,0.02374392348759663,0.2927232979957807,0.9381166511096645,0.04948731382381558,-0.26470509131007774,0.08700454043440912,-0.16746827475304368,0.18593717977666877,0.4883901747900532,REIT—Industrial,Real Estate,EGP
2020Q4,2020,Q4,2021-02-17,2020-12-31,37181000.0,92668000.0,32596000.0,0.94,66805000.0,0.7209068934259939,2720803000.0,1269638000.0,73789000.0,84267000.0,1450285000.0,0.0,-329667000.0,5454336420.0,6783752420.0,32.13703900574582,0.8756571374322095,0.48861935244852345,1.04709925191275,0.012477219581226906,32.13703900574582,0.029284725252394776,58.858898648940304,36.674218149054624,4.295977609365819,0.8393265377477744,0.0,0.005721502598477414,0.03405906271053068,0.6087555033405723,0.013665450971643298,327.0377994963425,0.7209068934259939,0.5161290322580644,1.6467527957635355,0.2362126612057051,0.8626163575551754,0.01702011052415242,0.5237490266792345,0.002521990527157532,0.840837103543355,0.13099172084324306,0.47531457350199957,REIT—Industrial,Real Estate,EGP
2020Q3,2020,Q3,2020-10-28,2020-09-30,24401000.0,92012000.0,32514000.0,0.62,65687000.0,0.7138960135634482,2635686000.0,1242920000.0,68658000.0,122587000.0,1391068000.0,0.0,-335359000.0,5087583540.000001,6318279540.000001,31.595912349382278,0.5600757013386412,0.4669429514744928,0.990180381681846,0.013071837615565594,31.595912349382278,0.01963199562320986,55.29260900752077,52.12474427277571,4.093251005696263,1.2049096348510306,0.0,0.005778971444663491,0.03491007654174283,0.3988432704936086,0.009257931331729197,80.85154612634089,0.7138960135634482,0.03333333333333337,0.6650620535572278,0.28333399426694567,0.8207114595754904,0.02055496861599652,0.039047862374382555,0.028826377242666835,0.33614015142499587,0.1641295284631794,0.4976201929410551,REIT—Industrial,Real Estate,EGP
2020Q2,2020,Q2,2020-07-29,2020-06-30,23484000.0,89715000.0,31603000.0,0.6,64364000.0,0.7174274090174442,2622518000.0,1215081000.0,64392000.0,113207000.0,1405721000.0,0.0,-328438000.0,4626620270.0,5886266270.0,31.150331991693797,0.5687987491939545,0.48035895273168766,1.0367621582429485,0.012697781313533104,31.150331991693797,0.019327106587955865,51.570197514351,49.252898462783165,3.8076640734239118,1.2438255833759155,0.0,0.00631346388840336,0.03420948874326125,0.41698834877701907,0.008954752646121018,70.91366537406311,0.7174274090174442,0.0,0.3274999816498382,0.2741614744634541,0.776109100131005,0.02492077899329607,0.008026784564536206,0.002696871628910464,-0.44533125098946763,0.151340936818196,0.47757941003483134,REIT—Industrial,Real Estate,EGP
2020Q1,2020,Q1,2020-05-04,2020-03-31,23297000.0,88628000.0,31518000.0,0.6,62799000.0,0.7085683982488604,2604762000.0,1190631000.0,64143000.0,104367000.0,1412399000.0,0.0,-322371000.0,4062391360.0,5344353360.0,30.621650120878556,0.6145908189370203,0.49241850119127967,1.0772716315970272,0.012669910991443248,30.621650120878556,0.019566935515705538,45.83643273006273,43.59350302614071,3.4119650504648376,1.2854444778297636,0.0,0.007371766367679553,0.03402537352740865,0.44404840610537816,0.008944003329286899,78.97492875055892,0.7085683982488604,-0.53125,0.932796858499181,0.26778102786038266,0.7503987477438732,0.008722050886661526,-0.5303876312765828,0.06663508071339132,0.5593238316508468,0.14949028291436464,0.5232700452441534,REIT—Industrial,Real Estate,EGP
2019Q4,2019,Q4,2020-02-13,2019-12-31,49609000.0,86550000.0,29549000.0,1.28,62256000.0,0.7193067590987868,2546078000.0,1200564000.0,64719000.0,105879000.0,1343749000.0,0.0,-316302000.0,5115887869.999999,6338225869.999999,31.134151085293432,0.6112543563879523,0.48017460580547805,1.0183230548308961,0.012123586815819867,31.134151085293432,0.041321412269566635,59.109045291738866,25.781047138624036,4.261237110224861,0.5782216936442984,0.0,0.005607042360762298,0.03399345974475252,0.43610158766138707,0.019484477694713204,202.8826090577411,0.7193067590987868,1.1333333333333335,2.2250655713772387,0.25052773273950424,0.7385395355728359,0.03446213153434582,1.1979088210535642,-0.04468009440367269,1.7780237890207413,0.1120488426785006,0.6050912362178906,REIT—Industrial,Real Estate,EGP
2019Q3,2019,Q3,2019-10-25,2019-09-30,22571000.0,83938000.0,30931000.0,0.6,60182000.0,0.716981581643594,2400444000.0,1106482000.0,76667000.0,133578000.0,1291774000.0,15949000.0,-336645000.0,4722130420.0,5862923420.0,29.294485187048263,0.5739493030289419,0.47529665345244465,1.0311265795557452,0.013674629497163037,29.294485187048263,0.02039888583817902,56.257361624055854,52.3030705329848,4.267697459154329,1.1939657082096495,1.4894977741551194,0.00570695800477277,0.03496769764260278,0.3527077812214586,0.009402843807228996,65.30487795433487,0.716981581643594,-0.17808219178082194,0.062246696484756066,0.251592703417604,0.6547634593679779,0.016948579732675443,-0.16257930471561607,0.13387587521536715,0.33450640878080057,0.1514463790667869,0.5964146975117419,REIT—Industrial,Real Estate,EGP
2019Q2,2019,Q2,2019-07-26,2019-06-30,26953000.0,82101000.0,27279000.0,0.73,59179000.0,0.7208072983276695,2295380000.0,1007343000.0,55191000.0,106697000.0,1286478000.0,0.0,-330337000.0,4289198400.0,5449606400.0,27.26675508878302,0.5172685267627019,0.505682719201178,1.1522728603861843,0.012496564235061293,27.26675508878302,0.026756526823534785,52.24294953776446,39.7840537231477,4.257932402369401,0.9785181612436463,0.0,0.006148934495545835,0.03576793384973294,0.39420039926146,0.011742282323623975,75.37471926895704,0.7208072983276695,0.17741935483870966,1.4913822991439603,0.28571785195329863,0.5834474811385033,0.04749008779382611,0.1963691242398686,-0.053239857008989,-0.46211023653141015,0.16203127528894862,0.4635305612226296,REIT—Industrial,Real Estate,EGP
2019Q1,2019,Q1,2019-04-24,2019-03-31,22529000.0,78798000.0,28813000.0,0.62,56496000.0,0.7169725119926902,2171646000.0,919868000.0,50896000.0,95315000.0,1250172000.0,0.0,-330184000.0,4076057700.0,5217437700.0,25.226052378993554,0.5339768137229187,0.5264260381296031,1.2427989668082813,0.013882464721685804,25.226052378993554,0.02449155748433471,51.72793345008757,45.23123196768609,4.431133271295447,1.1890008433574504,0.0,0.0065717911696882994,0.03628491936531092,0.4460473167916907,0.010374158587541432,98.26087700689456,0.7169725119926902,0.2156862745098039,1.2733787099515999,0.2604965844710822,0.4825945031598781,0.019213075715754722,0.21410864410433283,0.03961753563052499,-0.08215477815815954,0.1316689644565229,0.4740008395584344,REIT—Industrial,Real Estate,EGP
2018Q4,2018,Q4,2019-02-14,2018-12-31,18556000.0,77978000.0,27715000.0,0.51,55431000.0,0.7108543435327913,2131705000.0,903059000.0,50094000.0,99291000.0,1227002000.0,0.0,-326193000.0,3314663550.0,4435124550.0,24.99125501591255,0.5045170257123002,0.5257927339852372,1.2411536787740336,0.013674554966382256,24.99125501591255,0.02054793762090849,42.50767588294134,44.657571001293384,3.6704839329434735,1.392810950635913,0.0,0.007797171450477983,0.03658010841087299,0.4212768528869686,0.008704769187106096,145.78921314215341,0.7108543435327913,-0.203125,0.6595535588127752,0.23326020429459735,0.4856726840692453,0.034006118489777644,-0.19356801390699696,0.004967727899049967,0.44418447340957523,0.13731687412654067,0.44845703987069147,REIT—Industrial,Real Estate,EGP
2018Q3,2018,Q3,2018-10-22,2018-09-30,23010000.0,75326000.0,27578000.0,0.64,53608000.0,0.7116798980431723,2089165000.0,868321000.0,45780000.0,114260000.0,1219234000.0,0.0,-318410000.0,3372304720.0,4470106720.0,24.311821032590437,0.4006651496586732,0.525597068685336,1.2645772703873337,0.014003640804429899,24.311821032590437,0.026499416690371418,44.76946499216738,36.63955584528466,3.8837074307773274,0.0,0.0,0.0,0.03605555329521603,0.34929109049536144,0.011013969696026882,49.403095764785164,0.7116798980431723,0.23076923076923075,1.332716282637685,0.2461158931298126,0.47547986597348224,0.0032939062733942205,0.2624129039337247,0.0258146109209939,0.729373814923194,0.15714982848859044,0.4009663866551158,REIT—Industrial,Real Estate,EGP
2018Q2,2018,Q2,2018-07-23,2018-06-30,18227000.0,74885000.0,26884000.0,0.52,53432000.0,0.7135207317887428,2021726000.0,839079000.0,52086000.0,66383000.0,1181025000.0,0.0,-315355000.0,3363329760.0,4458723760.0,23.84018070235254,0.7846285946703222,0.5419359497775663,1.305772162096775,0.013875655872998832,23.84018070235254,0.021722626832515173,44.91326380450023,46.13114829648324,4.008358879199694,1.2461183957864705,0.0,0.0067531290776554715,0.03704013303484251,0.6749920913486886,0.009015563929038852,64.65455132641291,0.7135207317887428,-0.3734939759036144,1.0321182295390372,0.29751616843489986,0.4591947987596788,0.03697090845576106,-0.36520043186013307,0.019144016073391713,0.14189688152808386,0.17870054292620322,0.35930371161073255,REIT—Industrial,Real Estate,EGP
2018Q1,2018,Q1,2018-04-23,2018-03-31,28713000.0,72203000.0,26379000.0,0.83,51527000.0,0.713640707449829,1962785000.0,773048000.0,44364000.0,57477000.0,1188109000.0,0.0,-310707000.0,2867392740.0,3980505740.0,22.285104788261407,0.7718565687144423,0.5671278311175192,1.4399493951216484,0.013971839162039224,22.285104788261407,0.03714258364293032,39.71293076464967,24.965980043882563,3.7092040080305493,0.7918364503883258,0.0,0.007929154483386186,0.036785995409583834,0.6268246429006386,0.014628703602279414,132.0527189831445,0.713640707449829,0.6274509803921567,2.448937003254599,0.28525288350839695,0.3485081455602015,0.018159184318684792,0.6323479249573621,0.03654367558646705,1.6700635487067261,0.1576715420038716,0.27386405894949845,REIT—Industrial,Real Estate,EGP
2017Q4,2017,Q4,2018-02-14,2017-12-31,17590000.0,71356000.0,25449000.0,0.51,50608000.0,0.7092325803015864,1953221000.0,749472000.0,48494000.0,74319000.0,1202091000.0,0.0,-317032000.0,3040802280.0,4169970280.0,21.783177352787305,0.652511470821728,0.5781137925508686,1.5066393407625636,0.013532066675032595,21.783177352787305,0.023469856112036207,42.614528280733225,43.217769755542925,4.05725935058281,1.2565093803297327,0.0,0.007268476528503524,0.03653247635572216,0.4979076682947833,0.009005637354912732,94.11917419834097,0.7092325803015864,0.10869565217391301,0.23199999122216672,0.3279469797106498,0.32097847330736323,0.0405247034150955,0.10740367665575422,0.042094918308013596,0.281616289273222,0.15550240827941975,0.21637859771626514,REIT—Industrial,Real Estate,EGP
2017Q3,2017,Q3,2017-10-23,2017-09-30,15884000.0,68746000.0,24421000.0,0.46,48637000.0,0.7074884356908038,1893993000.0,721848000.0,41663000.0,75532000.0,1167819000.0,0.0,-312392000.0,3015025800.0,4094579800.0,21.097413415168784,0.551594026372928,0.5699936588994785,1.495555851093305,0.013540780087773043,21.097413415168784,0.022004632554221942,43.85747243475984,47.453818307731055,4.176815340625728,1.3808234701586501,0.0,0.007274564615665975,0.03629686065365606,0.44924005719430177,0.008386514628089967,54.314024247446454,0.7074884356908038,-0.5740740740740742,0.9822966885644313,0.23605811012633746,0.3403159720306836,0.020713536201469044,-0.5694226077527785,0.022569299053680596,-0.17476734396312898,0.1316021868329298,0.19173382237951409,REIT—Industrial,Real Estate,EGP
2017Q2,2017,Q2,2017-07-27,2017-06-30,36890000.0,67894000.0,23882000.0,1.08,47650000.0,0.7018293221786903,1870715000.0,716514000.0,41080000.0,58728000.0,1149869000.0,0.0,-306216000.0,2848110600.0,3921119600.0,21.082001941918968,0.6994959814739137,0.5736239886888168,1.497649731896376,0.013327827042954645,21.082001941918968,0.05148538618924403,41.949371078445814,19.30137300081323,3.9749545717180683,0.5740037950664136,0.0,0.007434753411612596,0.036293075107646004,0.547796621713663,0.01971973282942618,65.6518971001798,0.7018293221786903,1.842105263157895,2.845306963285787,0.21418302208175216,0.2991215164319083,0.010668759412051669,1.8777595756299243,0.11369147547099422,2.706576795007353,0.1557388366069142,0.22428366571647496,REIT—Industrial,Real Estate,EGP
2017Q1,2017,Q1,2017-04-24,2017-03-31,12819000.0,66154000.0,21444000.0,0.38,47147000.0,0.7126855518940653,1856430000.0,670642000.0,40477000.0,55122000.0,1181449000.0,0.0,-321775000.0,2453034330.0,3561246330.0,20.102574862863822,0.734316606799463,0.596982380159769,1.6525299638257074,0.012038865256668,20.102574862863822,0.01911452011654504,37.08066526589473,47.83981453311491,3.6577403890600353,1.6783680474295968,0.0,0.008770770036471524,0.03563506299725818,0.5874786836471826,0.006905188991774535,103.0124020493008,0.7126855518940653,-0.1739130434782609,0.966201994598786,0.1714877946231761,0.349933902429394,0.021957775176659297,-0.15797425118234368,-0.08304113572222697,0.4139080879162697,0.15669736223002162,0.18147566425654643,REIT—Industrial,Real Estate,EGP
2016Q4,2016,Q4,2017-02-15,2016-12-31,15224000.0,66351000.0,23386000.0,0.46,46134000.0,0.6953022561830267,1825764000.0,637661000.0,42436000.0,62496000.0,1183898000.0,0.0,-313655000.0,2427416160.0,3542679160.0,19.39712234592687,0.6790194572452637,0.6111332023196865,1.7498090678275762,0.013319315000148081,19.39712234592687,0.0238747547678155,36.584469864809876,39.86166841828692,3.806750232490305,1.3453100367840252,0.0,0.00843736658653537,0.03634149868219551,0.557315668202765,0.008338427091343678,76.06593632489346,0.6953022561830267,0.02222222222222224,0.9405436707050319,0.22762773475088255,0.29235821314337174,0.03351404632824051,0.038401200463815566,0.02624188169211866,0.4966187871084593,0.15346814810484338,0.15311435142187615,REIT—Industrial,Real Estate,EGP
2016Q3,2016,Q3,2016-10-21,2016-09-30,14661000.0,63190000.0,22788000.0,0.45,44638000.0,0.706409241968666,1718443000.0,600803000.0,38483000.0,66013000.0,1113413000.0,0.0,-308298000.0,2408427960.0,3427790960.0,18.350172566506828,0.5829609319376486,0.5932090852009639,1.6967225529832575,0.014043875710344138,18.350172566506828,0.024402341532915116,38.11406804874189,41.06861673828525,4.008681647728124,1.384557670008867,0.0,0.00842831935898967,0.036771658995963206,0.4809052762334692,0.008531560255417259,56.6262569359541,0.706409241968666,-0.6666666666666667,1.1196049514152198,0.17827131236582036,0.27840465965247335,0.010847165923141375,-0.6661353130052604,0.04040542391453226,0.6213611792104102,0.1403358003428236,0.11366853691152222,REIT—Industrial,Real Estate,EGP
2016Q2,2016,Q2,2016-07-22,2016-06-30,43913000.0,61917000.0,21903000.0,1.35,44159000.0,0.7131966988064667,1654848000.0,603191000.0,44403000.0,50481000.0,1047359000.0,3232000.0,-302540000.0,2231353920.0,3199840920.0,18.630806770447244,0.8795982646936471,0.5852483128359826,1.6056224313691683,0.013920038741978802,18.630806770447244,0.07280115253709024,36.03782353796211,12.703265092341676,3.699249358826641,0.4487509393573657,5.494430693069307,0.008831409407253512,0.03741552094210465,0.6901804639369268,0.026535971883822562,48.75464679791116,0.7131966988064667,1.0149253731343284,5.623661979929564,0.18551971288704083,0.27288072199297186,0.008910416047887774,1.0226152641518125,0.13516455040165845,4.32227123769217,0.16626694723203783,0.14034271281553345,REIT—Industrial,Real Estate,EGP
2016Q1,2016,Q1,2016-04-22,2016-03-31,21711000.0,61589000.0,19295000.0,0.67,43769000.0,0.7106626183247008,1659282000.0,551995000.0,37246000.0,37035000.0,1102999000.0,721000.0,-326790000.0,1947173980.0,2986766980.0,17.114001364171887,1.0056973133522344,0.6265390693082912,1.8833594507196623,0.012108072152689097,17.114001364171887,0.03933187800614136,31.61561285294452,22.421514209386945,3.527521046386289,0.9402146377412371,24.715672676837727,0.010483398098818063,0.03711786182216163,0.8182530039152154,0.01308457513551042,104.38931968048036,0.7106626183247008,0.9142857142857145,2.765824278708867,0.18285906683792055,0.14667055523447572,0.02092274678111588,0.8986445124617403,-0.04546354012070842,1.8047536182737667,0.17908386298206458,0.03559621828076991,REIT—Industrial,Real Estate,EGP
2015Q4,2015,Q4,2016-02-17,2015-12-31,11435000.0,61019000.0,20214000.0,0.35,42872000.0,0.7026008292499057,1666232000.0,554862000.0,38544000.0,54184000.0,1107031000.0,0.0,-328892000.0,1788361990.0,2820550990.0,17.25370813769085,0.7113539052118707,0.6195037665823246,1.8603490597662122,0.012719359237266326,17.25370813769085,0.020608727935955248,29.30828086333765,39.09842566681242,3.2230752691660265,1.6874508089199824,0.0,0.010789761864710623,0.03662095074395402,0.5829027019046213,0.0068627898155839044,64.30643617403811,0.7026008292499057,-0.054054054054054106,0.9367458702978759,0.21284243557179996,0.13133881235289205,0.026677522869869248,-0.04453542780748663,-0.006536590160711652,-0.1431344479783179,0.21491802090645315,0.04630177065061294,REIT—Industrial,Real Estate,EGP
2015Q3,2015,Q3,2015-10-19,2015-09-30,11968000.0,58553000.0,20347000.0,0.37,41758000.0,0.7131658497429679,1619908000.0,557502000.0,34909000.0,56485000.0,1058043000.0,0.0,-320876000.0,1740586680.0,2719105680.0,17.353607669800162,0.6180224838452687,0.6042695017247893,1.7557981854773614,0.013228306117579598,17.353607669800162,0.02146718756165897,29.72668659163493,36.35918031417113,3.12211737356996,1.6122159090909092,0.0,0.011085342787984566,0.03614587988947521,0.5181375586438878,0.00738807389061601,39.6371616605561,0.7131658497429679,-0.1777777777777778,1.4778130864877388,0.13054053816050304,0.11162993701136348,-0.000933081321625954,-0.17649487373563613,0.017299135043247836,0.5907072003528272,0.12124493804622966,0.10247247254794578,REIT—Industrial,Real Estate,EGP
2015Q2,2015,Q2,2015-07-20,2015-06-30,14533000.0,57844000.0,20001000.0,0.45,41797000.0,0.722581425904156,1603483000.0,562022000.0,35806000.0,44194000.0,1037061000.0,0.0,-313392000.0,1801890350.0,2775919350.0,17.538523950694337,0.8102004797031271,0.6074538987940626,1.733102974616652,0.013004627465310266,17.538523950694337,0.025858418353729925,31.15086007191757,30.996531170439688,3.206085082078637,1.2571389252047065,0.0,0.010139351709164766,0.036073971473348954,0.676969724396977,0.009063395121744353,47.1193313459376,0.722581425904156,0.4516129032258065,1.7095627787495757,0.1077006583425251,0.09874821384060792,0.015007649530100293,0.4635448136958711,0.08119357803124493,0.6066829622373701,0.09714400107805878,0.08076424115581024,REIT—Industrial,Real Estate,EGP
2015Q1,2015,Q1,2015-04-20,2015-03-31,9930000.0,57592000.0,18499000.0,0.31,41179000.0,0.7150125017363522,1581279000.0,560371000.0,38934000.0,36224000.0,1016472000.0,1983000.0,-309492000.0,1926404480.0,2886237480.0,17.49409965034965,1.0748122791519434,0.6071072846727238,1.7131614591047717,0.012150657911589662,17.49409965034965,0.01772040309009567,33.44916793999167,48.49960926485398,3.437730503541404,1.9117824773413896,8.276853252647504,0.009854628245050593,0.03642115022080227,0.7818021201413428,0.00627972672754144,89.9306512301013,0.7150125017363522,-0.22500000000000006,0.6903766613765592,0.08118149310596287,0.07389220351645705,0.0048560273304050754,-0.21946234868731332,-0.06428932726353061,0.5862741159451319,0.062181722931113896,0.17476882297857396,REIT—Industrial,Real Estate,EGP
2014Q4,2014,Q4,2015-02-17,2014-12-31,12722000.0,57241000.0,19770000.0,0.4,40980000.0,0.7159204067014902,1575824000.0,571129000.0,36448000.0,48410000.0,1000209000.0,0.0,-300852000.0,2019401440.0,2952567440.0,17.908221497554244,0.752902292914687,0.59218351795632,1.633916330636336,0.01312241011613698,17.908221497554244,0.022275177761941697,35.27893363148792,39.68325420531363,3.5358061663827263,1.4325577739349158,0.0,0.009024951472749272,0.03632448801388988,0.5990910968808097,0.008073236605103108,89.80705505647958,0.7159204067014902,-0.28571428571428575,0.878271791017827,0.12180049440678774,0.07706600108682121,0.023016625892455938,-0.2824186361328896,0.04569977784830213,0.6715556200459141,0.09168470712686501,0.19315827999686805,REIT—Industrial,Real Estate,EGP
2014Q3,2014,Q3,2014-10-20,2014-09-30,17729000.0,55957000.0,18906000.0,0.56,40058000.0,0.7158711153206927,1562977000.0,557914000.0,34745000.0,61626000.0,1000523000.0,0.0,-295202000.0,1909493850.0,2830201850.0,17.703125495795653,0.5638042384707753,0.5892799446185069,1.6508476216764592,0.012762363919758983,17.703125495795653,0.03177729901024172,34.12430705720464,26.926135850865816,3.4225594804934096,1.0179931186192115,0.0,0.009451719365317673,0.035801550502662545,0.479018596047123,0.011343097179293105,46.36606973751305,0.7158711153206927,0.931034482758621,1.3621558402253362,0.0612042038379544,0.07559759938793276,0.048803476985914016,0.9443957008115815,0.054904586541680615,1.6628714413589336,0.08399180698100919,0.23332671898386884,REIT—Industrial,Real Estate,EGP
2014Q2,2014,Q2,2014-07-21,2014-06-30,9118000.0,53819000.0,17922000.0,0.29,38194000.0,0.7096750218324384,1548608000.0,536175000.0,37136000.0,53451000.0,1007837000.0,425000.0,-294741000.0,1999929510.0000002,2935934510.0,17.219867039213796,0.694767169931339,0.6044292680910857,1.7457434606238635,0.012151892554541806,17.219867039213796,0.01700564181470602,37.16028744495439,54.83465425531916,3.7299939571968115,1.849199385830226,36.76470588235294,0.00843079714344532,0.03475314605116337,0.5245552000898018,0.005887868330784808,55.367501176600875,0.7096750218324384,0.07407407407407393,0.0363801633032603,0.016414274048394555,0.02362028751552911,0.010423280423280423,0.08910654562828475,0.042946927374301676,0.43004948574306884,0.071472237671283,0.17648350173787242,REIT—Industrial,Real Estate,EGP
2014Q1,2014,Q1,2014-04-21,2014-03-31,8372000.0,52812000.0,17184000.0,0.27,37800000.0,0.7157464212678937,1480930000.0,524158000.0,35631000.0,37954000.0,952112000.0,0.0,-286851000.0,1938005460.0,2834740460.0,17.01480231123807,0.9387943299783948,0.6067910029508484,1.7143971855814468,0.01206148662876395,17.01480231123807,0.015972283166526123,36.69630879345603,57.871639393215474,3.6973688467981023,2.069039655996178,0.0,0.008938055313837972,0.035661374946823955,0.7669283869947832,0.005653204405339888,110.04516836068366,0.7157464212678937,-0.12903225806451607,-0.11515248134951775,-0.010806238650986278,0.04675232980679601,0.01028999064546305,-0.1145425700687467,-0.01884206920178143,0.520399485302876,0.061966301025854376,0.1400240305155701,REIT—Industrial,Real Estate,EGP
2013Q4,2013,Q4,2014-02-14,2013-12-31,9455000.0,53467000.0,17514000.0,0.31,37415000.0,0.6997774328090224,1473412000.0,513998000.0,35213000.0,47205000.0,954707000.0,0.0,-278169000.0,1770109080.0,2663846080.0,16.821508050791987,0.7459591145005826,0.6065818657646334,1.7388102677442325,0.01242267745086148,16.821508050791987,0.018395013210168135,33.106571904165186,46.80351877313591,3.443805384456749,1.7499735589635115,0.0,0.009347446542672952,0.03628788146153282,0.5968859231013663,0.006417078183155831,83.61008360493128,0.6997774328090224,0.10714285714285703,-0.08271230423705735,-0.004203670168102154,0.023563625162469272,0.02051114202329324,0.13057515245725218,0.023611922852133257,0.6854040654314653,0.11848753639263329,0.10299912275637976,REIT—Industrial,Real Estate,EGP
2013Q3,2013,Q3,2013-10-21,2013-09-30,8363000.0,51250000.0,17110000.0,0.28,36663000.0,0.7153756097560976,1465647000.0,498947000.0,31912000.0,49890000.0,961963000.0,0.0,-270919000.0,1792938010.0,2690229010.0,16.477229946170866,0.6396472238925637,0.6123561812632919,1.7987842396086158,0.012232525219306085,16.477229946170866,0.016761299296318047,34.984156292682925,53.597333791701544,3.593443812669482,1.9583881382279087,0.0,0.009134727418713155,0.034967492172398945,0.5477249949889758,0.005706012430005315,50.10306022076289,0.7153756097560976,0.1200000000000001,-0.1261323643874463,-0.01779350810779416,-0.01161540249393389,0.03290604310466263,0.09420384665707184,0.052793502338173766,0.8369422385137381,0.04982594078474221,0.055491309686534956,REIT—Industrial,Real Estate,EGP
2013Q2,2013,Q2,2013-07-23,2013-06-30,7643000.0,49179000.0,16252000.0,0.25,35495000.0,0.7217511539478233,1452575000.0,489990000.0,33231000.0,41784000.0,957810000.0,0.0,-262723000.0,1683694740.0,2586077740.0,16.337901370411124,0.7953044227455486,0.6212367691857563,1.841655952162289,0.011651373581664643,16.337901370411124,0.01559827751586767,34.23605075337034,55.07309760565224,3.436181840445723,2.080204108334424,0.0,0.009442923127502315,0.033856427378964944,0.6186578594677389,0.00526169044627644,47.35731836975783,0.7217511539478233,0.041666666666666706,-0.3596759375305581,-0.03191434298102064,-0.11518857245524862,0.02252758332613142,0.06835336874475818,0.034829672078955744,0.5225695249338703,0.006266741911166521,0.0235319687739496,REIT—Industrial,Real Estate,EGP
2013Q1,2013,Q1,2013-04-22,2013-03-31,7154000.0,48275000.0,15705000.0,0.24,34713000.0,0.7190678404971518,1363655000.0,492616000.0,32754000.0,31080000.0,866216000.0,0.0,-254322000.0,1725643010.0,2548869010.0,16.52574725753967,1.053861003861004,0.6037084159849815,1.6711799860337464,0.011925499230784418,16.52574725753967,0.014522467804537408,35.74610067322631,60.303431996086104,3.503018598665086,2.2330164942689406,0.0,0.009257418775161383,0.03540118285050104,0.7863256113256113,0.0052461949686687616,100.08949654892407,0.7190678404971518,-0.4146341463414634,-0.29748697614917147,-0.05154052180352066,-0.015636314588382324,0.04711773400500739,-0.41542735741134174,-0.003805899143672693,0.30863889449619636,-0.026142588458272963,0.014448956611529402,REIT—Industrial,Real Estate,EGP
2012Q4,2012,Q4,2013-02-19,2012-12-31,12238000.0,46058000.0,15765000.0,0.41,33151000.0,0.7197663815189543,1354102000.0,486312000.0,33199000.0,36844000.0,862926000.0,0.0,-245249000.0,1586910710.0,2399578710.0,16.490183445797022,0.9010693735750733,0.6010817501192672,1.6736704008948988,0.012113989063983992,16.490183445797022,0.02516491470496307,34.45461613617613,32.417688960614484,3.263153510503545,1.3288118973688512,0.0,0.010247583495104145,0.03401368582278144,0.7085549886005863,0.009037723893768711,20.32442410891533,0.7197663815189543,0.7826086956521737,0.05668698357824962,-0.03857684786523089,-0.029403420280933314,-0.006116024584020387,0.8074139713483975,0.022307243369431295,0.9539153735405679,-0.02387430168444741,-0.008219998642615146,REIT—Industrial,Real Estate,EGP
2012Q3,2012,Q3,2012-10-22,2012-09-30,6771000.0,46997000.0,15421000.0,0.23,33355000.0,0.7097261527331532,1299072000.0,455093000.0,34998000.0,34066000.0,841212000.0,0.0,-241616000.0,1536383680.0,2325604680.0,15.740626729385722,1.0273586567251805,0.6083173219036359,1.7364538676710035,0.012382953745199106,15.740626729385722,0.014878277626770792,32.691101134114945,56.726616452518094,3.3759773936316315,2.262295081967213,0.0,0.009970165785671453,0.03617736353335304,0.8753008865144132,0.0052121822347029265,157.80440427280197,0.7097261527331532,-0.1785714285714286,-0.28466875389817975,-0.022273649301409588,-0.0839987873334148,0.008557087566521529,-0.1507588109870814,0.028409469823274424,-0.01663149151812687,-0.028475289388629615,-0.04363891409967783,REIT—Industrial,Real Estate,EGP
2012Q2,2012,Q2,2012-07-24,2012-06-30,7973000.0,46472000.0,14995000.0,0.28,33072000.0,0.7116543294887244,1296230000.0,458373000.0,40217000.0,24295000.0,835067000.0,0.0,-232923000.0,1505511800.0,2300248800.0,16.22789067478581,1.6553611854291006,0.6132052182097313,1.7340790142525846,0.011965101322345175,16.22789067478581,0.017394130980664217,32.396105181614736,47.206565909946065,3.2844687623398405,1.8573937037501569,0.0,0.00983652203855194,0.03585166212786311,1.1697057007614735,0.0061509145753454245,130.52816022195248,0.7116543294887244,0.47368421052631593,0.0840606355706567,0.04197556436468093,-0.06380993988166567,-0.018547645190966557,0.4756616694429021,0.02473860452402105,-0.0010101402091113921,-0.03251039650902117,-0.03534690015508734,REIT—Industrial,Real Estate,EGP
2012Q1,2012,Q1,2012-04-25,2012-03-31,5403000.0,46798000.0,14633000.0,0.19,33697000.0,0.7200521389802983,1292641000.0,411706000.0,35756000.0,19885000.0,878121000.0,0.0,-225932000.0,1388432340.0,2229537340.0,14.891525301117662,1.7981393009806386,0.6508458264901082,2.0434727694034094,0.011678222784066604,14.891525301117662,0.013123442456510228,29.66862558228984,64.24358411993336,3.3723879175916793,2.759207847492134,0.0,0.010737289510268826,0.03620340063482436,1.4296706059844104,0.004179814813238943,-184.11780135260577,0.7200521389802983,-0.2038391881342701,-0.3018645754151337,0.10301177615226867,-0.15231742002917498,0.040737537834331955,-0.15644028103044497,-0.021596683605242042,-0.36370064386601775,-0.023295146788239976,-0.0838718829529833,REIT—Industrial,Real Estate,EGP
2011Q4,2011,Q4,2011-12-31,2011-12-31,6405000.0,44126000.0,14956000.0,0.23864525503930847,32378000.0,0.7337624076508181,1286516000.0,402829000.0,36404000.0,31205000.0,880907000.0,0.0,-216560000.0,1166959720.0,1999471720.0,15.009091247811021,1.1666079153981734,0.6472410758980067,2.067095467307468,0.01210507359279329,15.009091247811021,0.015900046918171235,26.446079862212756,45.548779078844646,2.896910897676185,2.2110850897736145,0.0,0.012135808766389984,0.03429883499311318,0.9075148213427335,0.004978562256512939,-17.776554854827406,0.7337624076508181,0.13640597637765944,-0.5149381103627911,0.16636971834166395,-0.15668229201202213,0.03331844003319078,0.12962962962962962,0.04653278287033798,-0.29255392734167296,-0.06435858693443121,-0.08671922864368682,REIT—Industrial,Real Estate,EGP
2011Q3,2011,Q3,2011-09-30,2011-09-30,5670000.0,43962000.0,14291000.0,0.21,31334000.0,0.7127519221145535,1212193000.0,385246000.0,33117000.0,30404000.0,824202000.0,0.0,-208680000.0,1023639460.0,1801598460.0,14.353962517232386,1.0892316800420998,0.6421469188487312,2.020542718159306,0.012281163096870886,14.353962517232386,0.014717868582671852,23.284642645921476,45.13401499118166,2.6571060049942115,2.4617283950617286,0.0,0.013635660352522947,0.03626650211641216,0.9011314300749901,0.004677472976662957,-63.58404000248463,0.7127519221145535,0.049999999999999906,-0.20652699580984912,0.056805744557312,-0.2373269755716884,0.020984033887259695,0.03241077931536781,0.022465479001216284,-0.3315475795597778,-0.04941653566621603,-0.13897933623795453,REIT—Industrial,Real Estate,EGP
2011Q2,2011,Q2,2011-06-30,2011-06-30,5492000.0,43265000.0,13977000.0,0.2,30690000.0,0.7093493586039524,1179697000.0,392557000.0,32814000.0,20781000.0,784431000.0,0.0,-200270000.0,1140118200.0,1888725200.0,14.636726323639076,1.5790385448245994,0.6346604255160435,1.907256780543972,0.012246947244458775,14.636726323639076,0.013990324971914906,26.351975037559228,51.899044064093225,2.904337968753582,2.540058266569556,0.0,0.012235573469487638,0.03667467154701588,1.2525864972811702,0.004655432708568386,84.32203239405369,0.7093493586039524,0.11111111111111122,-0.19457106572644883,0.06351234034027499,-0.09723167120830567,-0.004153416834317606,0.14607679465776294,0.02756947507719453,-0.4854842606990107,-0.04763599322938889,-0.20731907854117246,REIT—Industrial,Real Estate,EGP
2011Q1,2011,Q1,2011-03-31,2011-03-31,4792000.0,43278000.0,13602000.0,0.18,30818000.0,0.7120939045242386,1180875000.0,400123000.0,34113000.0,14690000.0,778081000.0,0.0,-191690000.0,1178791730.0,1926029730.0,14.924950576299004,2.3221919673247107,0.6328747750608659,1.8677906543737801,0.011853915007725698,14.924950576299004,0.011976317282435651,27.237666481815243,61.49789910267111,2.946073407427216,2.9156928213689484,0.0,0.011852814746163854,0.036649094950778026,1.7532334921715453,0.0040580078331745525,236.5626590407385,0.7120939045242386,-0.019581470946769604,-0.3651777324619762,0.07592711187012204,-0.0930194920931205,0.00897066526977475,-0.02641202763104429,-0.0004409171075837742,-0.47677432622915417,-0.054567617743853124,-0.11098850025259337,REIT—Industrial,Real Estate,EGP
2010Q4,2010,Q4,2011-02-28,2010-12-31,4922000.0,41941000.0,13608000.0,0.18359506135999104,30544000.0,0.7282611287284518,1183276000.0,408856000.0,32878000.0,20969000.0,771770000.0,0.0,-182253000.0,1134556880.0,1870137880.0,15.250699391995225,1.567933616290715,0.6217636460132716,1.799455064863913,,15.250699391995225,0.012038468311581584,27.051259626618346,57.62682242990655,2.7749547028782753,2.9004469727752946,0.0,0.012582886104396987,0.035444815917841654,1.2123611044875768,0.0041596381571163445,484.85336752136755,0.7282611287284518,0.22396707573327365,-0.18348708585000734,0.05431356743888309,-0.08541113018481546,0.01942460449903211,0.2234650758140691,0.0637067146095521,-0.5324948464412399,-0.03693152631608326,-0.10235827776876655,REIT—Industrial,Real Estate,EGP
2010Q3,2010,Q3,2010-11-02,2010-09-30,4023000.0,43138000.0,12793000.0,0.15,29962000.0,0.694561639389865,1185495000.0,417718000.0,62707000.0,42829000.0,765190000.0,0.0,-173144000.0,1000214040.0000001,1722421040.0,15.61095747066298,1.4641247752690933,0.6093328103450457,1.7293030226133421,,15.61095747066298,0.009630899314848774,23.186379526171823,62.155980611483976,2.3944719643395787,3.4591101168282377,0.0,0.013913022056758971,0.036388175403523425,0.0035956945060589785,0.003393519162881328,55.33075399679151,0.694561639389865,-0.11764705882352951,-0.43946871012446814,0.09655001450603619,-0.08125469248654897,-0.019022361915987298,-0.10140719231628323,-0.037613781689611075,-0.5407714286373164,-0.03031277118205426,-0.0915446875238988,REIT—Industrial,Real Estate,EGP
2010Q2,2010,Q2,2010-08-03,2010-06-30,4477000.0,43588000.0,13293000.0,0.17,30543000.0,0.7007203817564467,1188119000.0,426959000.0,23780000.0,20384000.0,758557000.0,0.0,-163140000.0,951693840.0,1675366840.0,15.962277553461941,1.1666012558869703,0.6092100202084134,1.6952775325031209,,15.962277553461941,0.010485784349316914,21.8338496833991,53.14350234532052,2.2290052206417945,3.1074380165289255,0.0,0.014618146524937054,0.036686560857961195,1.1666012558869703,0.0037681410700443306,64.83369711833231,0.7007203817564467,-0.055555555555555455,-0.38157495953577997,0.12784360863239477,-0.07416517628229785,-0.012671731048973654,-0.08688558025698552,-0.023148148148148147,-0.35718715695992187,0.032045283265628416,-0.07913321072467032,REIT—Industrial,Real Estate,EGP
2010Q1,2010,Q1,2010-05-03,2010-03-31,4903000.0,44459000.0,13608000.0,0.18,30935000.0,0.6958096223486808,1191188000.0,435523000.0,23531000.0,15748000.0,753074000.0,0.0,-153585000.0,1008978900.0,1731396900.0,16.29036843089583,1.494221488442977,0.60659358556332,1.6590788546184703,,16.29036843089583,0.011257729212923314,22.69459277086754,51.44701713236794,2.316706350755299,2.8941464409545175,0.0,0.014063723235441297,0.03732324368613519,1.494221488442977,0.004116058926046938,-67.22492504497302,0.6958096223486808,-0.15246565692145123,-0.30793824071841913,0.13331745481085117,-0.09789906856146444,0.013863398007341373,-0.13649172243747798,-0.05513123177336481,-0.3448595341221178,0.08362837902544498,-0.07268991853100253,REIT—Industrial,Real Estate,EGP
2009Q4,2009,Q4,2010-02-26,2009-12-31,5678000.0,42775000.0,14402000.0,0.2123807742659435,30512000.0,0.7133138515488019,1178518000.0,444519000.0,65081000.0,731422000.0,731422000.0,0.0,-144363000.0,1023415800.0,1714458800.0,16.626856181036096,0.08897872910576932,0.5872672288416468,1.5569750674324383,,16.626856181036096,0.012773357269318072,23.925559322033898,45.060575907009515,2.3022993392858346,2.5325818950334624,0.0,0.014050984946685404,0.03629558479378338,0.005177585579870444,0.004817915381860947,1327.3875486381323,0.7133138515488019,-0.11508010722523533,-0.21108699232044353,0.12849247408296963,-0.012661374513154716,0.0020032182851137895,-0.07629738083618025,-0.014776303187850596,-0.5683223633711743,0.13505742840913387,-0.06578472912661644,REIT—Industrial,Real Estate,EGP
2009Q3,2009,Q3,2009-11-02,2009-09-30,6147000.0,43186000.0,14618000.0,0.24,30451000.0,0.7051127680266753,1179283000.0,424820000.0,22543000.0,43821000.0,751893000.0,0.0,-136188000.0,986496420.0,1694444420.0,16.458874123435745,0.5144337189931768,0.6004258519795503,1.6667576856080222,,16.458874123435745,0.014469657737394661,22.84296809151114,40.121051732552466,2.322151546537357,2.18317878639987,0.0,0.013603698632783687,0.03662055672811361,0.5144337189931768,0.005212489283742749,78.83142240690427,0.7051127680266753,-0.14285714285714296,-0.3312779668608513,0.18247358210110068,-0.03859697475001977,0.0017435357589315086,-0.14100055897149244,-0.020372604208551134,-0.1055134608960982,0.07949889807025257,-0.12548613030473954,REIT—Industrial,Real Estate,EGP
2009Q2,2009,Q2,2009-08-05,2009-06-30,7156000.0,43068000.0,14922000.0,0.28,30398000.0,0.7058140614841646,1172643000.0,426047000.0,61084000.0,37530000.0,744024000.0,0.0,-128827000.0,836264520.0000001,1541357520.0,16.82251441206665,1.6276045830002666,0.6024800386818495,1.6582536668489627,,16.82251441206665,0.01679626895624192,19.41730565617164,29.21550167691448,1.9628456954279696,1.8750698714365568,0.0,0.016045162360828123,0.036727290402961514,0.03733013589128697,0.006102454029060848,-397.842302568982,0.7058140614841646,-0.09677419354838701,0.10994382915406449,0.2548573200282108,-0.026193427244683917,-0.010932517732804061,-0.06798645480593905,-0.013682331945270671,0.11137136163367979,0.1211215507203329,0.03758401202925233,REIT—Industrial,Real Estate,EGP
2009Q1,2009,Q1,2009-05-08,2009-03-31,7678000.0,43325000.0,15129000.0,0.31,30734000.0,0.7093825735718408,1162086000.0,406355000.0,279000.0,23552000.0,753175000.0,0.0,-122492000.0,701721930.0,1415623930.0,16.25485019400776,0.011846127717391304,0.6145681128591172,1.757529746157916,,16.25485019400776,0.018894808726359957,16.196697749567225,22.848460862203698,1.7268691907322418,1.7059129981766086,0.0,0.018665513275322603,0.03728209444051473,0.011846127717391304,0.00660708415728268,325.92751045053416,0.7093825735718408,-0.0810281038776237,0.2676866691587058,0.2960273679717747,-0.0721624924784475,-0.012181403271944204,-0.08952923040436381,-0.061592854484555266,0.0907907051552311,0.15508040973481757,-0.012202270986197734,REIT—Industrial,Real Estate,EGP
2008Q4,2008,Q4,2009-02-27,2008-12-31,8433000.0,43928000.0,16122000.0,0.3373334933397336,31113000.0,0.7082726279366236,1156205000.0,410840000.0,0.0,0.0,742829000.0,0.0,0.0,889464420.0,1584863420.0,16.434257370294812,0.0,0.6017029851972617,1.693340473176906,,16.434257370294812,0.020526238925129003,20.248233928246222,26.368564567769475,2.164989825722909,0.0,0.0,0.0,0.03799326244048417,0.0,0.007293689267906643,-51.57511422938652,0.7082726279366236,0.16321894255080566,0.46636225608721776,0.3192159491859623,-0.07349743907318872,0.012562241676701273,0.07126524390243902,0.07187022139485406,0.5002427170257543,0.1842146323526959,-0.014432814639370373,REIT—Industrial,Real Estate,EGP
2008Q3,2008,Q3,2008-11-05,2008-09-30,7872000.0,42920000.0,15041000.0,0.29,30727000.0,0.7159133271202237,1134512000.0,415238000.0,0.0,531132000.0,716802000.0,0.0,0.0,1209034320.0,1738901320.0,16.6708687971736,0.0,0.4681589969960653,1.2791025869501347,,16.6708687971736,0.018957802513257457,28.169485554520037,38.396669207317075,2.911665887996763,0.0,0.0,0.0,0.03783124374180264,0.0023817054894075297,0.006938666140155415,330.9702491103203,0.7159133271202237,-0.21621621621621626,0.12944220437193774,0.1617523854760341,-0.11540450250155979,0.026183081187589753,-0.19228401395444286,-0.0169281045751634,0.17828325528864644,0.17204137836492875,-0.018876163851006256,REIT—Industrial,Real Estate,EGP
2008Q2,2008,Q2,2008-08-06,2008-06-30,9746000.0,41479000.0,15300000.0,0.37,29943000.0,0.7218833626654452,1119590000.0,452167000.0,0.0,535567000.0,664991000.0,0.0,0.0,1050535200.0,1586001200.0,18.46483992159425,0.0,0.47835993533347027,1.1844451275745467,,18.46483992159425,0.02155398337339965,25.326917235227466,26.94785553047404,2.323334520210453,0.0,0.0,0.0,0.037048383783349265,0.00018858518168595153,0.008704972355951732,129.5677355698076,0.7218833626654452,0.1935483870967742,0.276234595797848,0.07081598539498445,-0.14017185890636488,0.0,0.20454826350265728,0.01586880021246929,0.47049779206408116,0.17232551191655834,0.07098700398660268,REIT—Industrial,Real Estate,EGP
2008Q1,2008,Q1,2008-05-07,2008-03-31,8091000.0,40440000.0,15061000.0,0.31,0.0,0.0,1115787000.0,397613000.0,47445000.0,0.0,715782000.0,0.0,-102450000.0,1100358640.0,1772463640.0,16.788253673365986,0.0,0.6025271848480042,1.6908199681599947,,16.788253673365986,0.020348932253221097,27.209659742828883,33.99946360153257,2.767411125893771,1.617352614015573,0.0,0.011892486253390986,0.03624347657751883,0.0,0.007251384000709813,-19.02483903316159,0.0,-0.21061821309536607,0.03343564506118808,0.012924817954902733,-0.24243343073530424,0.0,-0.13009353832921192,0.15048506607593004,0.2891703140604666,0.16366553170605513,-0.07032800760682084,REIT—Industrial,Real Estate,EGP
2007Q4,2007,Q4,2008-02-28,2007-12-31,9301000.0,38473000.0,13091000.0,0.392712379665597,0.0,0.0,1055833000.0,402385000.0,0.0,0.0,651136000.0,0.0,0.0,991175400.0,1591255400.0,16.98973990879919,0.0,0.5690331709654841,1.4931073474408838,,16.98973990879919,0.0231146787280838,25.762883060847866,26.641635308031397,2.4632513637436784,1.423610364476938,0.0,0.013358886832744235,0.03643852768382879,0.0,0.008809158266506162,-36.98001716225796,0.0,0.30904126555199013,0.1548572361578886,-0.0748087113517049,-0.24107713281703771,0.0,0.2057298418459943,-0.09654934437543133,0.4587756620899692,0.14574992485064753,0.008887444883611692,REIT—Industrial,Real Estate,EGP
2007Q3,2007,Q3,2007-11-07,2007-09-30,7714000.0,39173000.0,14490000.0,0.3,0.0,0.0,1018817000.0,404891000.0,43476000.0,0.0,611663000.0,0.0,-94185000.0,1097989200.0,1660394200.0,17.18406756642051,0.0,0.5531513510277115,1.3918807777895779,,17.18406756642051,0.019052041166634972,28.029234421667987,35.58430127041743,2.7118142907597353,1.6121337827326938,0.0,0.011326158763674541,0.03844949583683822,0.0,0.007571526584263906,-108.84111816019032,0.0,0.30434782608695643,0.006350906295187071,0.01229965375993686,-0.24684091000296993,0.0,0.2579908675799087,0.10771347756287745,-0.08070534888474923,0.17497324669171216,0.003763344962508799,REIT—Industrial,Real Estate,EGP
2007Q2,2007,Q2,2007-08-08,2007-06-30,6132000.0,37185000.0,13081000.0,0.23,0.0,0.0,994790000.0,408215000.0,44969000.0,0.0,584333000.0,0.0,-89279000.0,1031961000.0,1573090000.0,17.333970276008493,0.0,0.5453874687119895,1.3290692404737698,,17.333970276008493,0.015021496025378783,27.752077450584913,42.07277397260274,2.5279840280244477,2.0278864970645794,0.0,0.012049873977795672,0.03737974848963098,0.0,0.00616411503935504,-138.74173164829256,0.0,-0.07999999999999996,-0.40271458201556326,-0.057462933132622504,-0.250664527798121,0.0,-0.06907545164718384,0.021713660860735767,0.022841890830847606,0.16515343786597358,0.003413269458370342,REIT—Industrial,Real Estate,EGP
2007Q1,2007,Q1,2007-05-10,2007-03-31,6587000.0,36111000.0,12803000.0,0.25,0.0,0.0,971683000.0,413377000.0,0.0,0.0,556113000.0,0.0,-82870000.0,1200786930.0,1718382930.0,17.567336704772426,0.0,0.5336483194622115,1.2543924795041814,,17.567336704772426,0.015934606908463704,33.25266345434909,45.57412061636557,2.9048227888827878,1.9080006072567177,0.0,0.010466469684176192,0.03716335471547819,0.0,0.006778959804792303,-21.4499013951162,0.0,-0.49185885808067725,-0.277408517969227,-0.049558994554249454,-0.25405777393415685,0.0,-0.4310270363652069,0.1398682336182336,0.1554036408408354,0.14761804684354488,0.002755098164896165,REIT—Industrial,Real Estate,EGP
