Year,Date,FillingDate,NetIncome,Revenue,OperatingIncome,EPSDiluted,GrossProfit,GrossProfitRatio,TotalAssets,CommonStockEquity,CurrentAssets,CurrentLiability,TotalLiability,Inventory,RetainedEarnings,EnterpriseValue,bookValuePerShare,currentRatio,debtToAssets,debtToEquity,roic,shareholdersEquityPerShare,roe,priceToSalesRatio,peRatio,pbRatio,payoutRatio,inventoryTurnover,dividendYield,assetTurnover,quickRatio,returnOnAssets,priceToFreeCashFlowsRatio,grossProfitMargin,epsdilutedGrowth,fiveYNetIncomeGrowthPerShare,fiveYRevenueGrowthPerShare,fiveYShareholdersEquityGrowthPerShare,grossProfitGrowth,netIncomeGrowth,operatingIncomeGrowth,threeYNetIncomeGrowthPerShare,threeYRevenueGrowthPerShare,threeYShareholdersEquityGrowthPerShare,Industry,Sector,Price,MarketCap,AvgVolume,Symbol
2022,2022-12-31,2023-02-23,1149000000.0,12794000000.0,1581000000.0,4.14,5223000000.0,0.4082382367,12038000000.0,5453000000.0,4258000000.0,2271000000.0,6547000000.0,2752000000.0,6656000000.0,18456911000.0,19.678816311800794,1.8749449581682078,0.3268815417843496,0.7216211259856959,0.11062358105657023,19.678816311800794,0.21070970108197323,1.156785289979678,12.880688424717146,2.714086007702182,0.24717145343777197,2.75109011627907,0.019189304584331626,1.0628011297557733,0.5618670189343902,0.09544774879548097,14.396800583657587,0.40823823667344067,0.13114754098360643,1.397487048018857,0.46337112782628326,0.44658789713703945,-0.01868223848670768,0.05328484617366091,0.07232096106003098,1.3760542734581653,0.14505513279119345,0.2185335139433628,Auto Parts,Consumer Cyclical,58.155,15544249950,1120895,LKQ
2021,2021-12-31,2022-02-25,1090873000.0,13088504000.0,1474372000.0,3.66,5322435000.0,0.4066496064,12606154000.0,5771744000.0,4254368000.0,2165446000.0,6819570000.0,2610515000.0,5793515000.0,21769169080.0,19.444218356264066,1.9646613215014366,0.3350933202941992,0.7318824258317763,0.09870022573198994,19.444218356264066,0.189002318883166,1.3614287072074853,16.334683395775677,3.087293040023951,0.06680246004805325,2.9749183590211126,0.004089608499258031,1.038263057868403,0.621999347940332,0.08653495745014697,16.597783567332133,0.40664960640268744,0.7428571428571429,1.430836141442741,0.5764304142742404,0.7332154152972853,0.15874613102514526,0.708699404626713,0.49594805885283444,1.4067492605683065,0.16734658433416186,0.27842444977778424,Auto Parts,Consumer Cyclical,58.155,15544249950,1120895,LKQ
2020,2020-12-31,2021-02-26,638423000.0,11628830000.0,985577000.0,2.1,4593271000.0,0.3949899517,12360533000.0,5655718000.0,4034032000.0,1988491000.0,6689233000.0,2414612000.0,4776040000.0,14714271600.0,18.565250787815128,2.028690097164131,0.3471461950710378,0.7586856346090806,0.06226445045754233,18.565250787815128,0.11288098168968114,0.9231808875011501,16.815674873868893,1.8981698875368256,0.0,2.913743077562772,0.0,0.9408032808941168,0.6967811269952944,0.05165011897140682,8.445346706787028,0.39498995169763423,0.20000000000000004,0.508885019070816,0.6172047335274194,0.8163139449114232,-0.053284001752753725,0.1795126187045043,0.0991855175359647,0.21169792640993582,0.2098562060520569,0.36472980241511554,Auto Parts,Consumer Cyclical,58.155,15544249950,1120895,LKQ
2019,2019-12-31,2020-02-27,541260000.0,12506109000.0,896643000.0,1.75,4851794000.0,0.3879539192,12779956000.0,5008876000.0,4687819000.0,2178512000.0,7731376000.0,2772777000.0,4140136000.0,15950393500.0,16.1495897212684,2.1518444699868535,0.4226055238374843,1.0782618695292117,0.05544802220855521,16.1495897212684,0.10806017158340514,0.8853699819824056,20.456958762886597,2.210582473992169,0.0,2.760523114552667,0.0,0.9785721484487114,0.7593035980522485,0.04235225848977884,13.870088800868842,0.3879539191606278,0.1437908496732026,0.38296405806202616,0.8087532331183038,0.7946824627644907,0.06053456971441949,0.1273478603176719,0.016324337680973793,0.15431731195127707,0.4416000493686496,0.43953937066395915,Auto Parts,Consumer Cyclical,58.155,15544249950,1120895,LKQ
2018,2018-12-31,2019-03-01,480118000.0,11876674000.0,882241000.0,1.53,4574857000.0,0.38519681520264004,11393402000.0,4782298000.0,4520949000.0,1690348000.0,6554650000.0,2836075000.0,3598876000.0,11440115440.0,15.209516964138054,2.6745670122365337,0.3783330036103352,0.901344918279873,0.0720470871864221,15.209516964138054,0.10039483110420973,0.6282378753512978,15.54071382451814,1.560207339651356,0.0,2.5746205583420747,0.0,1.042416830372526,0.8790166285285633,0.042140003486228254,16.195316032575665,0.38519681520264004,-0.10526315789473681,0.4679166249076696,1.2351686761077496,0.9382688615799217,0.20402918921166652,-0.10047138703198537,0.04121593073674819,0.0994141539018533,0.6002562474640628,0.4880088652215783,Auto Parts,Consumer Cyclical,58.155,15544249950,1120895,LKQ
2017,2017-12-31,2018-02-28,533744000.0,9736909000.0,847318000.0,1.71,3799623000.0,0.39022887037354465,9366872000.0,4198169000.0,3822134000.0,1322724000.0,5160219000.0,2380783000.0,3124103000.0,15675260690.0,13.60360912098559,2.889592991432831,0.3634062683892766,0.8108249096213135,0.07721030356374066,13.60360912098559,0.12713733058388074,1.2890175609117842,23.515105912197612,2.9896477940740356,0.0,2.493837531601998,0.0,1.0395048635232764,0.9880156404510692,0.05698209605084814,36.9354836232012,0.39022887037354465,0.13999999999999999,0.9585079863730777,1.2637175015344568,1.0488243506057997,0.13363952593651646,0.150372326095156,0.1099295518196275,0.37060079757789705,0.4153088947512996,0.5117510191347701,Auto Parts,Consumer Cyclical,58.155,15544249950,1120895,LKQ
2016,2016-12-31,2017-02-27,463975000.0,8584031000.0,763398000.0,1.5,3351703000.0,0.3904579328755919,8303199000.0,3442949000.0,3567594000.0,1210785000.0,4860250000.0,1935237000.0,2590359000.0,12520764050.0,11.218581478476493,2.9465132125026328,0.4024678921943217,0.9706129832303645,0.075874435252324,11.218581478476493,0.13476092733293465,1.0958013839884782,20.27349113637588,2.7320744658140446,0.0,2.703714325428875,0.0,1.0338221449347413,0.8985484623611955,0.05587906540599593,21.980635252605506,0.3904579328755919,0.08695652173913052,1.1013311919130864,1.4999234012029834,0.9942112933623941,0.1828723122297319,0.09628966289639268,0.08340724950931486,0.45337120480511667,0.6551422097919415,0.42967243483794143,Auto Parts,Consumer Cyclical,58.155,15544249950,1120895,LKQ
2015,2015-12-31,2016-02-25,423223000.0,7192633000.0,704627000.0,1.38,2833529000.0,0.3939487806481993,5647837000.0,3114682000.0,2340712000.0,751970000.0,2533155000.0,1556552000.0,2126384000.0,10526217860.0,10.221388675579709,3.1127731159487744,0.28058564721326057,0.5087845243912541,0.09918403603039079,10.221388675579709,0.13588000315923102,1.2553000910793028,21.333700814936805,2.8988233341317025,0.0,2.8004872307510444,0.0,1.2735199333833467,0.9010425947843664,0.07493541332726139,25.125889071009357,0.3939487806481993,0.10399999999999991,1.353881619685657,1.7383966178020658,1.0710917313360788,0.06848490127692726,0.10931041442234855,0.08426172699686706,0.5727640184319307,0.6935225399732504,0.5394319131992836,Auto Parts,Consumer Cyclical,58.155,15544249950,1120895,LKQ
2014,2014-12-31,2015-03-02,381519000.0,6740064000.0,649868000.0,1.25,2651913000.0,0.3934551660043584,5573492000.0,2720657000.0,2317417000.0,750696000.0,2852835000.0,1433847000.0,1703161000.0,10251842160.0,8.998577774249776,3.0870245745281713,0.33454107406990086,0.6853351966087603,0.0924860524648594,8.998577774249776,0.14023046639102246,1.261395316127562,22.284303429187013,3.124938263073956,0.0,2.8511765899708963,0.0,1.209307199149115,0.9538175240043906,0.06845241726371905,36.973238007019006,0.3934551660043584,0.22549019607843135,1.7814264377412983,2.0597044954906485,1.144535631448369,0.27778281027001034,0.22429666616392244,0.22574974536949716,0.7539161331260702,0.9924717383249297,0.5995841770225052,Auto Parts,Consumer Cyclical,58.155,15544249950,1120895,LKQ
2013,2013-12-31,2014-03-03,311623000.0,5062528000.0,530180000.0,1.02,2075402000.0,0.4099536832191348,4518774000.0,2350745000.0,1799817000.0,677953000.0,2168029000.0,1076952000.0,1321642000.0,11011277600.0,7.846959348942165,2.6547813786501426,0.2889679811382468,0.5554753918438623,0.09495877369076217,7.846959348942165,0.13256350646284476,1.9468503877904477,31.627911290244942,4.192706822730666,0.0,2.7736853638787986,0.0,1.1203321962992616,0.8976757975847883,0.06896184673099386,29.17093734276497,0.4099536832191348,0.17241379310344832,1.8424230129183061,1.381171538694493,1.0989896926003728,0.2037317155219414,0.1929294669346349,0.21058652412473486,0.7629684992869443,0.9605394181271034,0.5899769727524559,Auto Parts,Consumer Cyclical,58.155,15544249950,1120895,LKQ
2012,2012-12-31,2013-03-01,261225000.0,4122930000.0,437953000.0,0.87,1724140000.0,0.418183185259027,3723456000.0,1964094000.0,1384351000.0,487944000.0,1759362000.0,900803000.0,1010019000.0,7300299000.0,6.639714681721375,2.837110406112177,0.3003870597638323,0.569462561364171,0.09070441242376347,6.639714681721375,0.13300025355201942,1.5138726585219735,23.89354387979711,3.1778473942693175,0.0,2.6629462823725056,0.0,1.1072858118908884,0.7615177151476399,0.07015659645232816,52.92399202950778,0.418183185259027,0.2253521126760564,2.045116337206992,1.8108045231709287,0.7755726747333108,0.2386125504941476,0.2423667389567401,0.21154521789406416,0.946494638008731,0.9129714661140714,0.5823728009940425,Auto Parts,Consumer Cyclical,58.155,15544249950,1120895,LKQ
2011,2011-12-31,2012-02-27,210264000.0,3269862000.0,361483000.0,0.71,1391993000.0,0.42570389820732496,3199704000.0,1644085000.0,1149735000.0,397693000.0,1555619000.0,736846000.0,748794000.0,5303299080.0,5.6255731355131875,2.891011408297355,0.2988013891284944,0.5815246778603296,0.08705813832446668,5.6255731355131875,0.12789119783952776,1.3442371818749537,20.90452992428566,2.6735053722891453,0.0,2.548523029235417,0.0,1.0219264031922952,0.8298134490674968,0.06571357850601181,35.06389865662593,0.42570389820732496,0.2241379310344828,2.426006129327465,1.996401661393661,1.9642747290062341,0.2729935618392655,0.24364320315133878,0.2135310883351182,0.9659422440162091,0.5765193127725248,0.5047892440023359,Auto Parts,Consumer Cyclical,58.155,15544249950,1120895,LKQ
2010,2010-12-31,2011-02-25,169071000.0,2469881000.0,297877000.0,0.58,1093480000.0,0.4427257831450179,2299509000.0,1414161000.0,836876000.0,225321000.0,885348000.0,492688000.0,538530000.0,3760382120.0,4.935266034298637,3.714150034839185,0.261340138264299,0.4249544429523937,0.09145250063896153,4.935266034298637,0.11955569415363597,1.3179246773427546,19.252959525879657,2.3018009406284006,0.0,2.7936564316565455,0.0,1.0740905993409897,1.272735342023158,0.07352482638685041,33.30213432912169,0.4427257831450179,0.30337078651685384,2.371652325948655,1.7792459096090345,1.552782237262322,0.1785564548028536,0.3258286870397817,0.28701479381977807,1.034617784958089,0.7383021818327419,0.3197741067343973,Auto Parts,Consumer Cyclical,58.155,15544249950,1120895,LKQ
2009,2009-12-31,2010-02-26,127521000.0,2047942000.0,231448000.0,0.445,927813000.0,0.4530465218253251,2020121000.0,1179434000.0,702868000.0,168481000.0,840687000.0,385686000.0,369459000.0,3247337190.0,4.196049551376467,4.171793852125759,0.29851924711440553,0.5113003355846957,0.060332674418516447,4.196049551376467,0.10812050525930235,1.3443731267780044,21.590155268544006,2.334338496261766,0.0,2.904251126564096,0.0,1.0137719473239475,1.5512075545610484,0.06312542664523561,25.46145627566308,0.4530465218253251,0.2535211267605635,2.5237203786068894,1.7408994231446984,2.285543420509009,0.08304724461839987,0.27649926425689947,0.17072677241825834,1.1603761799632162,0.951249094739575,1.2110180326841558,Auto Parts,Consumer Cyclical,58.155,15544249950,1120895,LKQ
2008,2008-12-31,2009-02-27,99899000.0,1937301000.0,197696000.0,0.355,856669000.0,0.4421971598631292,1881804000.0,1020506000.0,608918000.0,167213000.0,861298000.0,332756000.0,241938000.0,2155257080.0,3.738445870699256,3.6415709304898543,0.3416264393103639,0.6299561198072329,0.0725798564693041,3.738445870699256,0.09789163415011769,0.8214779634140488,15.930590696603568,1.559471556267185,0.0,3.247520705862554,0.0,1.0294913816741806,1.360474365031427,0.053086825195397605,24.093532163565623,0.4421971598631292,0.29090909090909073,2.2530006735853765,1.803573657399438,1.7835185738519206,0.6938619750113199,0.515895054703267,0.6117791891208818,1.0912147186326888,1.2882942576427792,0.9337231564344588,Auto Parts,Consumer Cyclical,58.155,15544249950,1120895,LKQ
TTM,,,,,,,,,,,,,,,,19231249950.0,21.282722513089006,1.9166666666666667,0.3221138471378318,0.7079599367422246,0.09598615619688147,21.282722513089006,0.20840152755046373,1.2148690855803048,13.5695,2.73249815498155,0.25043630017452007,2.765093304061471,0.018485082967930534,1.0229453149984011,0.6629353233830846,0.09162136232811001,18.70547527075812,0.4093786635404455,,,,,,,,,,,Auto Parts,Consumer Cyclical,58.155,15544249950,1120895,LKQ
