Quarters,Year,Quarter,FillingDate,Date,NetIncome,Revenue,OperatingIncome,EPSDiluted,GrossProfit,GrossProfitRatio,TotalAssets,CommonStockEquity,CurrentAssets,CurrentLiability,TotalLiability,Inventory,RetainedEarnings,MarketCap,EnterpriseValue,bookValuePerShare,currentRatio,debtToAssets,debtToEquity,roic,shareholdersEquityPerShare,roe,priceToSalesRatio,peRatio,pbRatio,payoutRatio,inventoryTurnover,dividendYield,assetTurnover,quickRatio,returnOnAssets,priceToFreeCashFlowsRatio,grossProfitMargin,epsdilutedGrowth,fiveYNetIncomeGrowthPerShare,fiveYRevenueGrowthPerShare,fiveYShareholdersEquityGrowthPerShare,grossProfitGrowth,netIncomeGrowth,operatingIncomeGrowth,threeYNetIncomeGrowthPerShare,threeYRevenueGrowthPerShare,threeYShareholdersEquityGrowthPerShare,Industry,Sector,Symbol
2023Q1,2023,Q1,2023-05-04,2023-03-31,42300000.0,500700000.0,73500000.0,0.7,136400000.0,0.2724186139,1888800000.0,461000000.0,757300000.0,530800000.0,1427800000.0,271000000.0,360000000.0,1572887830.0,2390887830.0,7.646756348798248,1.4267143933685005,0.4737399407030919,1.940997830802603,0.03781366617129468,7.646756348798248,0.09175704989154013,3.141377731176353,9.296027364066193,3.4119041865509763,0.030732860520094562,1.3442804428044282,0.000826505218747862,0.2650889453621347,0.8006782215523738,0.022395171537484118,20.26917306701031,0.27241861394048333,2.4999999999999996,0.7179094618507693,0.2113843429719531,3.375940213688267,0.4105480868665977,2.4672131147540983,6.205882352941177,1.3454016148046888,0.48987563353080976,1.7630362118524305,Specialty Chemicals,Basic Materials,OEC
2022Q4,2022,Q4,2023-02-24,2022-12-31,12200000.0,462100000.0,10200000.0,0.2,96700000.0,0.2092620645,1888700000.0,459400000.0,778500000.0,552800000.0,1429300000.0,277900000.0,319000000.0,1084860530.0,1939360530.0,7.54190402705498,1.40828509406657,0.48461905014030815,1.9923813670004353,0.0032974493259625643,7.54190402705498,0.026556377884196777,2.347674810647046,22.230748565573766,2.36147263822377,0.09836065573770492,1.314861460957179,0.0011061329699219495,0.24466564303489172,0.8876628075253257,0.0064594694763594005,33.9018915625,0.20926206448820603,-0.6153846153846154,-0.5522018486002918,0.22020240017658213,3.478800839019473,-0.1547202797202797,-0.6163522012578616,-0.8097014925373134,-0.3640178050139573,0.4169065005457945,1.4416626924638491,Specialty Chemicals,Basic Materials,OEC
2022Q3,2022,Q3,2022-11-03,2022-09-30,31800000.0,543100000.0,53600000.0,0.52,114400000.0,0.2106426073,1843400000.0,430700000.0,790700000.0,547900000.0,1412700000.0,266700000.0,306800000.0,813495600.0,1649595600.0,7.068071419193909,1.4431465595911663,0.47694477595746987,2.041328070582772,0.029887953595500834,7.068071419193909,0.07383329463663803,1.4978744245995212,6.395405660377358,1.8887754817738565,0.040880503144654086,1.6074240719910011,0.0015980418332932594,0.29461863947054356,0.828070815842307,0.017250732342410764,-33.61552066115703,0.21064260725464923,0.06122448979591842,1.0243298623173596,0.579520667583972,4.592321290352735,-0.045075125208681135,0.0707070707070707,0.013232514177693762,0.295599475705486,0.44963399326729686,1.4145167156048093,Specialty Chemicals,Basic Materials,OEC
2022Q2,2022,Q2,2022-08-04,2022-06-30,29700000.0,541200000.0,52900000.0,0.49,119800000.0,0.2213599409,1847500000.0,395200000.0,811600000.0,581600000.0,1452300000.0,285300000.0,276300000.0,944332710.0,1786132710.0,6.499251730886247,1.3954607977991746,0.4777807848443843,2.2335526315789473,0.028899122528558797,6.499251730886247,0.07515182186234817,1.7448867516629711,7.948928535353534,2.3895058451417004,0.04377104377104377,1.4770417104801963,0.0013766334536902782,0.292936400541272,0.7864511691884457,0.01607577807848444,-11.377502530120482,0.221359940872136,-0.07547169811320761,0.5060020543877334,0.5418660742063499,4.319606448317094,0.016115351993214587,-0.08333333333333333,-0.031135531135531136,0.18385411384169176,0.3379790796286884,1.3299035758283617,Specialty Chemicals,Basic Materials,OEC
2022Q1,2022,Q1,2022-05-10,2022-03-31,32400000.0,484500000.0,54600000.0,0.53,117900000.0,0.2433436533,1768600000.0,377400000.0,769300000.0,510800000.0,1391200000.0,256900000.0,249100000.0,972237630.0,1758237630.0,6.199181983935347,1.5060689115113548,0.4677711183987335,2.1921038685744567,0.03178460122097542,6.199181983935347,0.08585055643879173,2.006682414860681,7.501833564814816,2.576146343402226,0.037037037037037035,1.4270144024912417,0.0012342661536357113,0.2739454936107656,0.8294831636648394,0.018319574804930454,-12.69239725848564,0.243343653250774,33.86842105263158,0.8653344186416052,0.4517329538297493,3.9056035070901105,0.5661114210568263,33.91379310344828,3.584767822655135,0.67118663151778,0.2312226873408902,1.1859287476738194,Specialty Chemicals,Basic Materials,OEC
2021Q4,2021,Q4,2022-02-17,2021-12-31,928000.0,392681000.0,11909000.0,0.0152,75282000.0,0.1917128662,1631000000.0,319700000.0,665000000.0,448700000.0,1311300000.0,229800000.0,217800000.0,1115112960.0,1916912960.0,5.263764488935722,1.4820592823712948,0.5318822808093194,2.713481388802002,0.00211376632157886,5.263764488935722,0.0029027213012198937,2.8397425900412805,300.40758620689655,3.48799799812324,0.0,1.3811966927763273,0.0,0.2407608828939301,0.9246712725651883,0.0005689760882893931,-14.465642196479303,0.19171286616872218,-0.9565714285714286,-0.9489300110776375,0.613777318715589,4.614320015836251,-0.237426687330963,-0.9558347610889015,1.2956921166977033,-0.9549843656938655,-0.0011069402428830638,0.9754024030795367,Specialty Chemicals,Basic Materials,OEC
2021Q3,2021,Q3,2021-11-04,2021-09-30,21012000.0,393066000.0,-40275000.0,0.35,98721000.0,0.25115629436277875,1538926000.0,312746000.0,606898000.0,364235000.0,1226180000.0,192898000.0,218015000.0,1107290200.0,1754823200.0,5.148929864998354,1.6662264746660809,0.4612742912914591,2.2697876231830305,-0.02975574017396839,5.148929864998354,0.0671855115652958,2.8170592216065495,13.1744979059585,3.5405415257109603,0.0,1.5259100664599945,0.0,0.2554157899730071,1.0321221189616594,0.013653677954625498,-57.75559148758607,0.25115629436277875,-0.761904761904762,5.763384768851191,0.31765928837727075,5.074073298452987,-0.10316414873225106,-0.7640638684901974,-1.3040173314411667,-0.14455551694586685,-0.018976252630789628,1.0908993757814867,Specialty Chemicals,Basic Materials,OEC
2021Q2,2021,Q2,2021-08-05,2021-06-30,89058000.0,400976000.0,132476000.0,1.47,110077000.0,0.2745226646981365,1538458000.0,302110000.0,620519000.0,364763000.0,1236348000.0,186163000.0,197003000.0,1151781480.0,1788180480.0,4.981039372155906,1.701156641435672,0.4617948621281829,2.3516335109728246,0.09500628441774961,4.981039372155906,0.294786667108007,2.872444934360161,3.233234184464057,3.812457316871338,0.0,1.5626037397334593,0.0,0.2606349994604988,1.0760384139838746,0.057887833142016225,22.072813476169486,0.2745226646981365,2.769230769230769,3.7486790827382217,0.42228594449543544,3.9577306737152087,0.07371244635193133,2.7835839918429772,2.0914055025319116,0.6605989386620638,0.006049806313946116,1.2691630061829764,Specialty Chemicals,Basic Materials,OEC
2021Q1,2021,Q1,2021-05-06,2021-03-31,23538000.0,360077000.0,42853000.0,0.39,102520000.0,0.28471688000066653,1425809000.0,202847000.0,537561000.0,356672000.0,1222963000.0,157504000.0,107945000.0,1195978560.0,1878316560.0,3.3446609945917425,1.5071578368921585,0.5224893376321793,3.6725709524912866,0.0333988016663443,3.3446609945917425,0.11603819627601099,3.3214522449365,12.702635737955644,5.895963755934275,0.0,1.6352410097521333,0.0,0.25254224093128885,0.9384616678629104,0.016508522530016292,-47.04502242152466,0.28471688000066653,1.6,0.5233127878788284,0.26475858178680123,2.8561616390469995,0.1515219588902617,1.6429373456097014,0.6758437292245122,-0.04975268258495872,-0.13402184690552157,0.9140189486603397,Specialty Chemicals,Basic Materials,OEC
2020Q4,2020,Q4,2021-02-18,2020-12-31,8906000.0,315692000.0,25571000.0,0.15,89030000.0,0.2820153820812691,1389793000.0,181012000.0,500456000.0,324745000.0,1208780000.0,141461000.0,84407000.0,1036747180.0,1796926180.0,2.992576917354142,1.5410737655699087,0.5936481188205726,4.5579740569685985,0.01595482657461156,2.992576917354142,0.0492011579342806,3.284046412325938,29.102492140130252,5.727505248270833,0.0,1.602293211556542,0.0,0.2271503741924157,1.0972332137523289,0.006408148551618838,124.45944537815126,0.2820153820812691,0.0,27.63157649395411,0.20872774895524737,2.2852854844914345,0.12437170063903412,-0.010114482605312882,0.05897212904294529,-0.6708050982651874,-0.16052565741072913,0.7771581234917686,Specialty Chemicals,Basic Materials,OEC
2020Q3,2020,Q3,2020-11-05,2020-09-30,8997000.0,282036000.0,24147000.0,0.15,79182000.0,0.2807513934391354,1347831000.0,157171000.0,490607000.0,328433000.0,1190661000.0,125312000.0,75501000.0,756692370.0,1422666370.0,2.5984261080893414,1.4937810755922822,0.5664730964045196,4.8578300068078715,0.020913847653855167,2.5984261080893414,0.05724338459385001,2.6829637705824787,21.02624124708236,4.814452857079233,0.0,1.6187914964249235,0.0,0.20925175337264093,0.9932132276598271,0.006675169216318663,-25.910572866730586,0.2807513934391354,1.5,-0.3458947778646208,-0.113172947397491,1.6544411226025737,1.332724487390997,1.5060179977502812,2.874912648497554,-0.4230159873647858,-0.17365395247239407,1.0558979647850901,Specialty Chemicals,Basic Materials,OEC
2020Q2,2020,Q2,2020-08-04,2020-06-30,-17780000.0,202648000.0,-12879000.0,-0.3,33944000.0,0.16750226994591608,1250176000.0,150819000.0,479915000.0,315108000.0,1099357000.0,135310000.0,66504000.0,640557330.0,1259951330.0,2.4934118074958254,1.5230175051093593,0.6101284939080578,5.05750601714638,-0.010616401807235044,2.4934118074958254,-0.11788965581259656,3.160935859223876,-9.006711614173229,4.247192528792792,0.0,1.2467962456581183,0.0,0.16209557694276647,0.9832279726316057,-0.014221997542745982,13.582928603235862,0.16750226994591608,-2.0344827586206895,-2.0717275059920386,-0.36909827211114576,1.0882264307622684,-0.6236473301401455,-1.986024844720497,-1.3430466398529686,-1.9063426222247681,-0.4196062608334268,1.0408456355722784,Specialty Chemicals,Basic Materials,OEC
2020Q1,2020,Q1,2020-05-07,2020-03-31,18032000.0,336007000.0,37543000.0,0.29,90192000.0,0.2684229792831697,1323845000.0,166815000.0,569689000.0,373659000.0,1157030000.0,168481000.0,84283000.0,449658960.0,1106850960.0,2.767519410710731,1.5246227175044627,0.5776597713478542,4.584311962353506,0.028251018912726467,2.767519410710731,0.10809579474267901,1.338242834226668,6.234180346051464,2.6955547163024907,0.6679791481810116,1.4590072471079825,0.02678696761652431,0.2538114356287934,0.9878953805475046,0.013620929942704772,-9.786683498019414,0.2684229792831697,-0.06451612903225812,0.11682008229971327,0.057069443971957304,0.9794761683280513,0.013529914145727514,-0.04919588716055892,0.151767087986256,0.048524730434958314,0.01686749473499004,1.1900232905413137,Specialty Chemicals,Basic Materials,OEC
2019Q4,2019,Q4,2020-02-20,2019-12-31,18965000.0,322428000.0,32596000.0,0.31,88988000.0,0.2759934000769164,1257394000.0,186013000.0,507720000.0,285208000.0,1071381000.0,164799000.0,78296000.0,1162265300.0,1794271300.0,3.088839441390877,1.7801744691593504,0.5533126450420472,3.7402332095068624,0.026395690442481086,3.088839441390877,0.10195523968754872,3.6047281873782673,15.321187714210389,6.248301462800987,0.6350645926707092,1.4165134497175347,0.01036252222276618,0.25642559134209325,1.198251802193487,0.015082782325985332,41.067994063814,0.2759934000769164,-0.20512820512820515,3.475755561061081,-0.039139280288615484,1.7410015356485684,-0.0985270579654355,-0.2180348822826042,-0.15083624238003437,0.05261331174663392,0.33639453763207305,2.294549582899667,Specialty Chemicals,Basic Materials,OEC
2019Q3,2019,Q3,2019-09-30,2019-09-30,24253000.0,370195000.0,38386000.0,0.39,98714000.0,0.2666540606977404,1230373000.0,176260000.0,533179000.0,290883000.0,1054113000.0,171103000.0,71375000.0,1006142520.0,1616282520.0,2.9273234571181823,1.8329672067463552,0.5413740386045532,3.779030976965846,0.034469779349350506,2.9273234571181823,0.1375978667877,2.717871716257648,10.371320249041357,5.708286168160672,0.49655712695336657,1.586652484176198,0.011969477246623072,0.3008803021522741,1.1356834191066512,0.019711908502543538,29.517764478084842,0.2666540606977404,-0.025000000000000022,1.4641912930787382,-0.12388975864921901,0.4747939393488753,-0.051173609642630576,-0.020001616292225636,-0.07436701229804678,6.5463270231021164,0.25187201733098347,2.4532956775518873,Specialty Chemicals,Basic Materials,OEC
2019Q2,2019,Q2,2019-06-30,2019-06-30,24748000.0,399016000.0,41470000.0,0.4,104038000.0,0.2607364115724683,1275766000.0,167325000.0,566139000.0,319285000.0,1108441000.0,174438000.0,59165000.0,1275859680.0,1920693680.0,2.789493865030675,1.773146248649326,0.5471167910102637,4.171480651426864,0.034765956710520705,2.789493865030675,0.14790378006872854,3.197515087114301,12.888513011152416,7.625039175257732,0.48658477452723453,1.691019158669556,0.009438341996981988,0.3127658206912553,1.1217313685265515,0.019398541738845525,133.06838548185232,0.2607364115724683,0.29032258064516137,3.6487000625931074,-0.19339923315811852,2.6139346394113843,0.06194816727740408,0.305687453835602,0.1951353064929825,0.33428834828323406,0.4310952918526689,1.7764404706596855,Specialty Chemicals,Basic Materials,OEC
2019Q1,2019,Q1,2019-03-31,2019-03-31,18954000.0,384714000.0,34699000.0,0.31,97969000.0,0.25465410668704547,1273367000.0,168790000.0,578572000.0,319496000.0,1104577000.0,173542000.0,46459000.0,1173694960.0,1802602960.0,2.8359487886017676,1.810889651200641,0.5417362001685295,4.086906807275312,0.026912631654481295,2.8359487886017676,0.11229338230937852,3.050824664556008,15.480834652316133,6.953581136323241,0.6280468502690725,1.6523089511472726,0.010142328633668157,0.3021234255324663,1.155507424193104,0.014884946759261077,318.5925515743757,0.25465410668704547,-0.060606060606060656,35.17963872366672,-0.15189433391156226,2.6579531200761077,0.024362446282374346,-0.06353754940711462,0.3009523095380924,0.24993825552548155,0.3769507240396688,2.269651826176424,Specialty Chemicals,Basic Materials,OEC
2018Q4,2018,Q4,2018-12-31,2018-12-31,20240000.0,385964000.0,26672000.0,0.33,95639000.0,0.2477925402369133,1273022000.0,158896000.0,575319000.0,320336000.0,1114126000.0,183629000.0,39409000.0,1507471680.0,2135223680.0,2.664654290553571,1.7959860896059139,0.5379074360066047,4.309535796999295,0.030006422029353472,2.664654290553571,0.12737891451011982,3.905731311728555,18.61995652173913,9.487159399859028,0.5885375494071147,1.5810411209558404,0.007901972659280736,0.303187219073983,1.219038759302732,0.015899175348108675,135.40570196712477,0.2477925402369133,-0.17500000000000002,1.8622821663364286,-0.16628899670086167,2.5498413109349922,-0.1238319469383268,-0.16193946420438077,-0.362569605429821,65.00290210569688,0.4990001186615395,1.925288239435919,Specialty Chemicals,Basic Materials,OEC
2018Q3,2018,Q3,2018-09-30,2018-09-30,24151000.0,393954000.0,41843000.0,0.4,109156000.0,0.27707803449133656,1210455000.0,147068000.0,602686000.0,295415000.0,1063387000.0,203374000.0,101070000.0,1911104000.0,1855921000.0,2.462543116439503,2.0401333716974426,0.0,0.0,0.189188139384772,2.462543116439503,0.16421655288709985,4.851084136726623,19.7828661339075,12.99469633094895,0.49459649703946007,1.4003658284736495,0.0062503139546565755,0.3254594346753907,1.2444594891931688,0.019952001520089552,240.7538422776518,0.27707803449133656,-0.5402298850574713,2.266596058301065,-0.13251200006163477,0.0,-0.032073279951761506,-0.5416484788673588,-0.4925476308864014,0.7783314775069488,0.25460670022814474,1.5156288624522105,Specialty Chemicals,Basic Materials,OEC
2018Q2,2018,Q2,2018-06-30,2018-06-30,52691000.0,391586000.0,82457000.0,0.87,112773000.0,0.28799037759266166,1192585000.0,130806000.0,576882000.0,287051000.0,1061779000.0,175228000.0,76919000.0,1838351500.0,1764898500.0,2.195099848967948,2.0096846901770067,0.0,0.0,0.45345542871172306,2.195099848967948,0.40281791355136615,4.694630298325272,8.722322123322769,14.054030396159197,0.22668007819172153,1.5911441093889105,0.006497125277728443,0.3283505997476071,1.299173317633452,0.044182175693975693,-126.52109428768065,0.28799037759266166,1.1749999999999998,42.35824507801098,-0.1408270249703388,0.0,0.0032917270891346315,1.1747977546640251,0.8189177861601924,2.2238714860701365,0.23747151593928537,0.8383908783125495,Specialty Chemicals,Basic Materials,OEC
2018Q1,2018,Q1,2018-03-31,2018-03-31,24228000.0,406699000.0,45333000.0,0.4,112403000.0,0.27637884528853035,1203114000.0,103659000.0,554739000.0,293973000.0,1099455000.0,161466000.0,24228000.0,1607572000.0,1553779000.0,1.7474544841537425,1.887040646589993,0.004921395644967975,0.05711997993420735,0.268053840653343,1.7474544841537425,0.23372789627528723,3.9527316270755524,16.587956083869905,15.508272315959058,0.4896813604094436,1.8226499696530538,0.007380073800738007,0.3380386231063723,1.2395390052827981,0.02013774255806183,1249.084693084693,0.27637884528853035,-0.047383161544763394,3.930610941935107,-0.06405582227066481,0.0,0.09746741380875056,-0.08683579851073614,0.34655497337096797,0.5247553393472102,0.30008449973853096,0.24987181417166618,Specialty Chemicals,Basic Materials,OEC
2017Q4,2017,Q4,2017-12-31,2017-12-31,26531920.502892,368803680.665496,33665911.081605,0.419896,102420353.06534198,0.2777096825078516,1169197638.985532,99889627.372412,521371499.868033,284484247.906519,1069308011.61312,159387671.857379,80167718.405835,1518592000.0,2128916639.489407,1.6839114526704653,1.8326902234648672,0.5838474901315757,6.83387379596933,0.05017684167558212,1.6839114526704653,0.26561236837909874,4.117616172538579,14.309103630798914,15.20269961903384,0.4810502840519518,1.6712919167206066,0.00840461947274844,0.31543313839180587,1.2674788828021866,0.022692417105727933,47.47749920334869,0.2777096825078516,0.7029208270133915,2.1362621323960704,-0.19917996199917964,1.9794124298064446,0.07887771450149104,0.734984700145714,0.01044003703376731,4.516174533215265,0.11575735278110297,0.4942841689393838,Specialty Chemicals,Basic Materials,OEC
2017Q3,2017,Q3,2017-09-30,2017-09-30,15292308.053589,334720020.665281,33318069.205209,0.246574,94932309.462585,0.2836170638191882,1088652881.984806,74973874.857633,470137494.569493,226382284.218066,1013679007.127174,136861695.257553,53635797.902944,1331734000.0,1266259109.490765,1.2638886523538941,2.0767415444780397,0.0,0.0,0.2882949728934357,1.2638886523538941,0.2039684901257589,3.978650566981561,21.771304817644108,17.76264068689012,0.7678132678132467,1.7520439941318262,0.008816803520097108,0.307462577102655,1.3386046897610497,0.014047000937257822,60.7595165682763,0.2836170638191882,-0.23018757180678354,1.08241150530571,-0.2579505425268633,0.0,-0.015458809314178777,-0.20513277849888517,-0.159335664806407,1.2970889315693852,-0.195933795754408,-0.3632492781175811,Specialty Chemicals,Basic Materials,OEC
2017Q2,2017,Q2,2017-06-30,2017-06-30,19238820.824325,342419666.655227,39633023.324983,0.320304,96422892.57238302,0.2815927411945897,1082165940.263336,72474461.489184,462509580.516376,240137501.858906,1009691478.774151,143239873.251198,37356578.23993,1183434000.0,1132737911.138566,1.2217542395344574,1.9260197883965906,0.004470415868126268,0.0667508483939681,0.34692826775995184,1.2217542395344574,0.26545655433667725,3.4560923779870603,15.378203409739395,16.328979556151847,0.5946010227137377,1.717376373626375,0.009666295321876843,0.3164206651818131,1.2330067025214237,0.017778069063644153,38.932805200211384,0.2815927411945897,0.1528361646991074,16.169677727104215,-0.24528254446021422,0.0,0.005657111144288483,0.1367278784691777,0.06648800601810248,3.082118318695394,-0.30005921415554665,1.706877872273324,Specialty Chemicals,Basic Materials,OEC
2017Q1,2017,Q1,2017-03-31,2017-03-31,16924737.387662,325192618.001902,37162183.823294,0.27784,95880486.00647599,0.29484213570283196,1052657113.241219,74962331.292277,438857008.516868,232717810.619904,977694781.948942,136316908.70815,16924737.387662,1216060000.0,1167576900.159224,1.2636940541516688,1.8857903799793363,0.0,0.0,0.312029793603544,1.2636940541516688,0.22577656131948068,3.7395067805410256,17.962760250662708,16.222280964803517,0.6313928526329232,1.6821987394562747,0.008787525466884034,0.3089254933171988,1.202337274710132,0.01607811050224068,5806.004017359924,0.29484213570283196,-0.14780325616204745,3.047210689188561,-0.25162801615091274,0.0,0.29764353424826134,-0.04635931684864909,0.09908087636294154,31.622152646867598,-0.2807169289670196,1.7387811473617523,Specialty Chemicals,Basic Materials,OEC
2016Q4,2016,Q4,2016-12-31,2016-12-31,17747499.332488,237657342.760446,33812055.711742,0.326028,73888154.54779002,0.31090204783728415,1050213495.435615,55616086.828488,435103697.783013,229879895.671196,994597408.607126,120263135.753649,46933237.97905,1118182000.0,1690467558.032898,0.9375604657533378,1.8927435846993537,0.6189347927317158,11.687511818766422,0.034040155887963816,0.9375604657533378,0.31910730050495517,4.705017682231286,15.751261333379684,20.10536993457149,0.4739852043442632,1.3617571767638443,0.007522972197467853,0.22629431424499913,1.3647193920733467,0.016898944271446985,37.05740889281028,0.31090204783728415,5.8434626298040495,1.7600584900754757,-0.4839510226222097,1.54531274337359,-0.20412618953127223,5.119638282554082,7.83574141870887,1.7600584900754757,-0.4839510226222097,1.54531274337359,Specialty Chemicals,Basic Materials,OEC
2016Q3,2016,Q3,2016-09-30,2016-09-30,-4308023.69413,291332346.077903,3826736.672052,-0.067313,92839032.48967797,0.31867052779938343,1065181295.997128,50284957.817268,427584814.216478,218769071.979896,1014896338.17986,121091366.002513,29185738.646563,1111656800.0,1039031822.437623,0.8476897811407282,1.9545030307381444,0.0,0.0,0.04984272962432791,0.8476897811407282,-0.08567221453749757,3.8157685370876746,-64.51083367500475,22.107143930391324,-2.604166666666773,1.639202860954642,0.010091974162766783,0.27350493964990585,1.2930739171905934,-0.004044404187643204,28.554158413002174,0.31867052779938343,-1.216125013645675,-1.5866399025149422,-0.35413779874354634,0.0,-0.04008995389774521,-1.234866972787136,-0.8993424268376888,-1.5866399025149422,-0.35413779874354634,0.0,Specialty Chemicals,Basic Materials,OEC
2016Q2,2016,Q2,2016-06-30,2016-06-30,18342398.860969,275732194.302622,38017374.66769,0.311454,96716388.02683002,0.3507620438427357,1049518915.251221,59598892.114659,406403710.74849,177970211.677289,989920023.136561,107900913.226772,33208751.849256,942594800.0,870360898.263646,1.0047014854123228,2.2835490665450036,0.0,0.0,0.4122256184069353,1.0047014854123228,0.3077640910787583,3.4185155722711213,12.847212722074186,15.81564298521849,0.6064281382656277,1.6590759143952754,0.011800772497984287,0.26272246292637863,1.5369225672981375,0.01747695881839197,30.471130929450027,0.3507620438427357,0.24915874881182049,15.462855182428553,-0.39226650698189364,0.0,0.04602216291617954,0.21096887833632882,0.09951197062450996,15.462855182428553,-0.39226650698189364,0.0,Specialty Chemicals,Basic Materials,OEC
2016Q1,2016,Q1,2016-03-31,2016-03-31,15146878.824969,279081100.684528,34576590.053946,0.249331,92461126.977651,0.33130558375634556,1041684799.854934,51565120.812367,385373317.013464,174357405.140759,990119679.042568,98322680.085226,15146878.824969,839448120.0,774842970.174532,0.8673549782571698,2.2102492102492093,0.0,0.0,0.4130240866850751,0.8673549782571698,0.2937427196202027,3.0079002768048717,13.855133616970065,16.27937851740033,0.7477740366629744,1.898035870717875,0.0134927251034787,0.26791319286159604,1.496502996502992,0.014540750548609684,20.013386737724833,0.33130558375634556,10.40267995975487,2.8281243406607044,-0.3591605369583441,0.0,0.18479208284506046,48.39075054395609,0.5656430833208469,2.8281243406607044,-0.3591605369583441,0.0,Specialty Chemicals,Basic Materials,OEC
2015Q4,2015,Q4,2015-12-31,2015-12-31,306674.400736,257498782.616793,22084592.856634,0.021866,78039960.189152,0.3030692393807945,1061072967.004133,54321824.503094,409651673.846019,185219644.45805,1006751142.501039,114918111.648044,46874248.35458,751402587.6,1396262972.879776,0.9109031563561046,2.211707484077371,0.6749869400043893,13.184579157106642,0.0012370554131018508,0.9109031563561046,0.005645509950029988,2.918082097181133,612.5410091261932,13.832425447293334,32.529820740564105,1.5616234887087577,0.013276588936865142,0.24267773341151383,1.5839339365928218,0.0002890229138547127,14.228323249586746,0.3030692393807945,-0.9028350515463918,1.013064306853592,-0.4438219230805927,1.5298080681559938,-0.06462138130623762,-0.9773854347688268,-0.2768150254430121,1.013064306853592,-0.4438219230805927,1.5298080681559938,Specialty Chemicals,Basic Materials,OEC
2015Q3,2015,Q3,2015-09-30,2015-09-30,13560924.015168,313548546.802741,30537958.66011,0.22504,83431413.36513898,0.2660877054474986,1125254014.15503,58376559.810066,470481473.563399,179047629.76382,1066877454.344964,121886287.173832,46567573.953844,861725750.0,742611958.409753,0.9788976240473882,2.627688923802044,0.0,0.0,0.47268292550256724,0.9788976240473882,0.23230084231221965,2.748300889246752,15.886191623744683,14.761502781316873,0.8297378028542551,1.887965732432338,0.013057531699637618,0.27864690359553107,1.8000314218381805,0.012051433582621876,37.08136957330662,0.2660877054474986,-0.16399502201088476,0.836888172772222,-0.3085578135517559,0.0,-0.12856396991458927,-0.1709080001753108,-0.24063496912060003,0.836888172772222,-0.3085578135517559,0.0,Specialty Chemicals,Basic Materials,OEC
2015Q2,2015,Q2,2015-06-30,2015-06-30,16356356.131811,316679378.182552,40215123.712959,0.269185,95740146.70584798,0.30232516956206074,1171639112.586644,71206173.310303,500522667.623769,193354494.268602,1100432939.276341,130537921.442832,32901141.793221,1100862100.0,974100620.3795509,1.1940332574881027,2.5886270164915772,0.0,0.0,0.3624062138482496,1.1940332574881027,0.22970418674983561,3.476267088554786,16.826212561167054,15.460205889770984,1.3714599190838408,1.6925291059844438,0.020376836351292317,0.27028747570863737,1.7759221769117852,0.013960233962914438,33.090813901014435,0.30232516956206074,-0.005706792745539905,13.828751163535436,-0.30570282712526275,0.0,0.07339764548322925,0.023927187499001,0.022998035598410547,13.828751163535436,-0.30570282712526275,0.0,Specialty Chemicals,Basic Materials,OEC
2015Q1,2015,Q1,2015-03-31,2015-03-31,15974139.891492,314486209.025048,39311046.85791,0.27073,89193550.13374102,0.28361672968189516,1157209534.019904,83376108.638446,498747062.581896,189456699.479116,1073833425.381458,127639344.617351,15974139.891492,1073430000.0,942711916.333669,1.398106961322143,2.6325121463275223,0.0,0.0,0.3099080751051051,1.398106961322143,0.19159133416459398,3.413281629511786,16.799496049419858,12.874551445604705,0.0,1.7650722006346093,0.0,0.27176254583090814,1.8120777364961402,0.013804016836951887,16.26125736010633,0.28361672968189516,3.1283314490238427,2.9220204489920216,-0.2800897342306831,0.0,0.1613950171161349,3.105805333507405,0.8011235019812081,2.9220204489920216,-0.2800897342306831,0.0,Specialty Chemicals,Basic Materials,OEC
2014Q4,2014,Q4,2014-12-31,2014-12-31,-7585762.861036,332297051.681712,21825847.486121,-0.12720293172577518,76798633.38420197,0.23111439898588965,1242973880.052532,67202928.157984,526618512.573569,228048543.217083,1175770951.894547,152363928.206625,-68022520.55061,1013200790.7399999,1747047281.328063,1.126901755149876,2.3092386609647075,0.6594095709919656,12.196326789107083,1.5904880259820617,1.126901755149876,-0.11287845736725949,3.0490814938390907,-33.39152598429716,15.0767357689849,-6.412077330882591,1.676895714785073,0.04800677074400524,0.26734033354559955,1.6342981155819034,-0.006102914134217689,28.086362604861836,0.23111439898588965,0.8525793593541279,0.6768470615828481,-0.2822632662874947,1.655439206387105,-0.21745666006281097,0.8534075183167354,-0.37416264419799555,0.6768470615828481,-0.2822632662874947,1.655439206387105,Specialty Chemicals,Basic Materials,OEC
2014Q3,2014,Q3,2014-09-30,2014-09-30,-51747284.539641,418495584.204649,34874632.017054,-0.862857,98139782.76317096,0.23450613690389507,1364863973.20069,118369962.440361,637694142.726627,270143894.020912,1246494010.760329,181132626.129327,-60436757.689575,1050770920.12,956448008.740445,1.9849033678634467,2.3605721130134545,0.008903685495462279,0.10266387950903313,0.2714597710292736,1.9849033678634467,-0.4371656750817432,2.510829169480941,-5.076454394988867,8.877006450427961,0.0,1.7686256103455762,0.0,0.3066207273558925,1.5158740224054077,-0.037913876808023904,20.337235294665,0.23450613690389507,-4.5394437810562005,-8.009387708607257,-0.07712890610872261,0.0,-0.09786428089807328,-4.884226593525908,-0.04678346661222609,-8.009387708607257,-0.07712890610872261,0.0,Specialty Chemicals,Basic Materials,OEC
2014Q2,2014,Q2,2014-06-30,2014-06-30,-8794237.223389,465610248.574313,36586264.290977,-0.155766,108786051.46115798,0.23364187492491448,1392490927.446861,-97581107.260771,637650413.380993,348587956.015171,1490072034.707632,195023056.563617,-9342683.292859,1002131310.5,1361212049.4014711,-1.7283809374387225,1.8292382234607143,0.2998467670192462,-4.278839566585114,0.5132961650979723,-1.7283809374387225,0.09012233484795072,2.1522965045733016,-28.488295375827168,-10.269726780430489,0.0,1.8296513417466518,0.0,0.33437219546414687,1.11109241197927,-0.006315471828253328,94.09969356524235,0.23364187492491448,-15.18011841695232,-6.285694377161608,0.07825900533749627,0.0,0.11556947446418715,-14.827450210711557,-0.06548609688858106,-6.285694377161608,0.07825900533749627,0.0,Specialty Chemicals,Basic Materials,OEC
2014Q1,2014,Q1,2014-03-31,2014-03-31,-555631.962591,454508320.726172,39150048.136432,-0.009627,97516160.08801997,0.21455307997930056,1417044423.050474,-102006601.567872,663728510.521249,291049374.226379,1519051024.618347,177213588.227204,-555631.962591,1058523486.5,1303198221.7496219,-1.7105120490207735,2.2804670591904426,0.2568926745042626,-3.5686742439563868,-0.012689461839828862,-1.7105120490207735,0.005447019644324685,2.328941931819395,-476.2700662341026,-10.377009627123902,0.0,2.0144739701362826,0.0,0.3207438760090182,1.4543289450057173,-0.0003921062413801327,29.03253214010354,0.21455307997930056,0.9755430688905141,0.933146088297683,0.04044153684074834,0.0,0.18201408568695412,0.9763301193724307,6.544123915820563,0.933146088297683,0.04044153684074834,0.0,Specialty Chemicals,Basic Materials,OEC
2013Q4,2013,Q4,2013-12-31,2013-12-31,-23474219.043751,462979022.911228,5189475.752689,-0.39363074446679297,82499998.32391697,0.17819381492741107,1390489933.441962,-102531138.667182,615834461.045596,263412411.278964,1493021072.109144,170083404.678395,-26171670.026789,1058523486.5,1317831945.722845,-1.7193078231641867,2.337909812432503,0.2564776332841754,-3.4782561851018863,0.017904241463342685,-1.7193078231641867,0.22894721885366706,2.2863314191730932,-11.273255614245729,-10.323922081232192,0.0,2.237014394830266,0.0,0.33296107492500043,1.671279841474535,-0.01688197697745562,19.643513010810405,0.17819381492741107,-4.179672561850083,0.0,0.0,0.0,-0.11149144371595208,-4.179681869265563,-0.8617973624161708,0.0,0.0,0.0,Specialty Chemicals,Basic Materials,OEC
2013Q3,2013,Q3,2013-09-30,2013-09-30,7382568.448325,453471331.992929,37549759.132066,0.123796,92852227.18501598,0.20475875900896826,,,,,,,,1058523486.5,,,0.0,0.0,0.0,0.0,,0.0,2.334267707393917,35.845366484213365,0.0,0.0,0.0,0.0,0.0,0.0,0.0,18.2153403322176,0.20475875900896826,6.790271281571562,0.0,0.0,0.0,-0.0548155067145598,6.790344298083635,-0.007624575049133277,0.0,0.0,0.0,Specialty Chemicals,Basic Materials,OEC
2013Q2,2013,Q2,2013-06-30,2013-06-30,-1274979.184013,456115997.085762,37838259.783514,-0.02138,98237146.128227,0.21537755035098183,,,,,,,,1058523486.5,,,0.0,0.0,0.0,0.0,,0.0,2.3207330882125787,-207.55701343458307,0.0,0.0,0.0,0.0,0.0,0.0,0.0,24.495705339117503,0.21537755035098183,0.8465909906289913,0.0,0.0,0.0,0.10193812638955921,0.8465938759303513,0.18136581103316898,0.0,0.0,0.0,Specialty Chemicals,Basic Materials,OEC
2013Q1,2013,Q1,2013-03-31,2013-03-31,-8311136.154083,436841768.261449,32029249.052351,-0.139366,89149421.165865,0.20407714564626805,,,,,,,,1058523486.5,,,0.0,0.0,0.0,0.0,,0.0,2.423127922755032,-31.8405169544714,0.0,0.0,0.0,0.0,0.0,0.0,0.0,590.414157241383,0.20407714564626805,0.0,0.0,0.0,0.0,0.0,0.0,0.0,0.0,0.0,0.0,Specialty Chemicals,Basic Materials,OEC
