Year,Date,FillingDate,NetIncome,Revenue,OperatingIncome,EPSDiluted,GrossProfit,GrossProfitRatio,TotalAssets,CommonStockEquity,CurrentAssets,CurrentLiability,TotalLiability,Inventory,RetainedEarnings,EnterpriseValue,bookValuePerShare,currentRatio,debtToAssets,debtToEquity,roic,shareholdersEquityPerShare,roe,priceToSalesRatio,peRatio,pbRatio,payoutRatio,inventoryTurnover,dividendYield,assetTurnover,quickRatio,returnOnAssets,priceToFreeCashFlowsRatio,grossProfitMargin,epsdilutedGrowth,fiveYNetIncomeGrowthPerShare,fiveYRevenueGrowthPerShare,fiveYShareholdersEquityGrowthPerShare,grossProfitGrowth,netIncomeGrowth,operatingIncomeGrowth,threeYNetIncomeGrowthPerShare,threeYRevenueGrowthPerShare,threeYShareholdersEquityGrowthPerShare,Industry,Sector,Price,MarketCap,AvgVolume,Symbol
2022,2022-12-31,2023-02-22,-37000000.0,3326000000.0,-35000000.0,-0.17,282000000.0,0.0847865304,4499000000.0,509000000.0,1020000000.0,1555000000.0,3990000000.0,55000000.0,122000000.0,4401766100.71,2.3391396523954837,0.6559485530546624,0.6508112913980885,5.7524557956777995,-0.004848008385744234,2.3391396523954837,-0.07269155206286837,0.6719080278743236,-60.39908380297297,4.390503144813359,0.0,55.345454545454544,0.0,0.7392753945321182,0.5524115755627009,-0.008224049788841965,-9.716374350913044,0.08478653036680697,0.6458333333333333,-1.4549889092381783,0.5176183243505803,0.0,2.396039603960396,0.6372549019607843,0.7008547008547008,-1.1451470798602996,0.3057950352542613,-0.07530438935514057,Airlines,Industrials,10.435,2280224812,1409526,ULCC
2021,2021-12-31,2022-02-23,-102000000.0,2060000000.0,-117000000.0,-0.48,-202000000.0,-0.0980582524,4235000000.0,530000000.0,1037000000.0,1326000000.0,3705000000.0,29000000.0,159000000.0,4794270000.0,2.5118483412322274,0.782051282051282,0.6727272727272727,5.375471698113207,-0.014254385964912278,2.5118483412322274,-0.19245283018867926,1.3899368932038836,-28.07127450980392,5.402396226415094,0.0,78.0,0.0,0.48642266824085006,0.7390648567119156,-0.024085005903187722,18.714183006535947,-0.09805825242718447,0.5428571428571429,-1.5178806118483412,0.22043844282103905,0.2067032633413384,0.48205128205128206,0.5466666666666666,0.6794520547945205,-2.293535744549763,-0.03063638772872351,0.0,Airlines,Industrials,10.435,2280224812,1409526,ULCC
2020,2020-12-31,2020-12-31,-225000000.0,1250000000.0,-365000000.0,-1.05,-390000000.0,-0.312,3554000000.0,310000000.0,650000000.0,1003000000.0,3244000000.0,18000000.0,261000000.0,6288224428.15,1.441336093637636,0.6480558325024925,0.734946539110861,8.425806451612903,-0.04256963537066295,1.441336093637636,-0.7258064516129032,3.24337954252,-18.018775236222226,13.078143316612904,0.0,91.11111111111111,0.0,0.3517163759144626,0.5912263210368893,-0.06330894766460327,-7.075435302181501,-0.312,-1.8974358974358974,-2.5352360590672696,-0.22366145530679774,-0.09701385271754881,-1.7753479125248508,-1.8964143426294822,-2.1812297734627832,-3.7992829843453366,-0.42294723060289896,0.0,Airlines,Industrials,10.435,2280224812,1409526,ULCC
2019,2019-12-31,2019-12-31,251000000.0,2508000000.0,309000000.0,1.17,503000000.0,0.2005582137,3864000000.0,542000000.0,944000000.0,1254000000.0,3322000000.0,20000000.0,486000000.0,5776808728.5,2.5296320491499107,0.7527910685805422,0.6485507246376812,4.623616236162362,0.04495066432907834,2.5296320491499107,0.46309963099630996,1.6103703064194579,16.090871428286853,7.451676620848708,0.6334661354581673,100.25,0.03936804406656119,0.6490683229813664,0.6929824561403509,0.06495859213250517,37.05329108715597,0.20055821371610846,2.157894736842105,0.792857142857143,0.5743879472693033,0.0,0.3485254691689008,2.1375,2.358695652173913,0.2550000000000001,0.46324387397899663,0.21524663677130043,Airlines,Industrials,10.435,2280224812,1409526,ULCC
2018,2018-12-31,2018-12-31,80000000.0,2156000000.0,92000000.0,0.3705,373000000.0,0.1730055658627087,,,,,,,,,,0.0,0.0,0.0,0.0,,0.0,1.8716011472170686,50.4396509175,0.0,2.6375,0.0,0.05229021121327628,0.0,0.0,0.0,31.03978518,0.1730055658627087,0.0,-0.428056434764282,0.35464097403287126,0.0,0.0,0.0,0.0,-0.4515609648424622,0.3453510421660622,0.0,Airlines,Industrials,10.435,2280224812,1409526,ULCC
2016,2016-12-31,2016-12-31,200000000.0,1714000000.0,317000000.0,0.933444,524000000.0,0.3057176196032672,1341000000.0,446000000.0,722000000.0,553000000.0,895000000.0,19000000.0,395000000.0,3672808728.5000005,2.081579140075388,1.305605786618445,0.18344519015659955,0.5515695067264574,0.28620957402625546,2.081579140075388,0.4484304932735426,2.356364485705951,20.194043642500002,9.055624951793723,0.505,62.63157894736842,0.025007373903916233,1.278150633855332,1.1916817359855334,0.14914243102162567,19.417349656250003,0.3057176196032672,0.3698632549375271,0.42857142857142855,0.07595731324544885,0.0,0.10782241014799154,0.3698630136986301,0.3605150214592275,0.42857142857142855,0.07595731324544885,0.0,Airlines,Industrials,10.435,2280224812,1409526,ULCC
2015,2015-12-31,2015-12-31,146000000.0,1604000000.0,233000000.0,0.681414,473000000.0,0.2948877805486284,1128000000.0,342000000.0,535000000.0,492000000.0,786000000.0,10000000.0,299000000.0,3852808728.5000005,1.5961884885779878,1.0873983739837398,0.20656028368794327,0.6812865497076024,0.2541767536387818,1.5961884885779878,0.4269005847953216,2.517960553927681,27.663073482876715,11.809382247076025,0.0,113.1,0.0,1.4219858156028369,1.0060975609756098,0.12943262411347517,65.14207626612904,0.2948877805486284,0.04285823602332366,0.04285714285714286,0.006905210295040848,0.0,0.1261904761904762,0.04285714285714286,0.021929824561403508,0.04285714285714286,0.006905210295040848,0.0,Airlines,Industrials,10.435,2280224812,1409526,ULCC
2014,2014-12-31,2014-12-31,140000000.0,1593000000.0,228000000.0,0.65341,420000000.0,0.263653483992467,,,,,,,,,,0.0,0.0,0.0,0.0,,0.0,2.535347601067169,28.848633775000003,0.0,0.0,0.0,0.0,0.0,0.0,0.0,35.1200759,0.263653483992467,0.0,0.0,0.0,0.0,0.0,0.0,0.0,0.0,0.0,0.0,Airlines,Industrials,10.435,2280224812,1409526,ULCC
TTM,,,,,,,,,,,,,,,,4556224812.0,2.2366710971393315,0.6202380952380953,0.6565310492505353,6.282786885245901,0.011001342343179902,2.2366710971393315,0.1501850872554204,0.6388973975903615,32.06651778746479,4.665415497766394,0.0,55.8421052631579,0.0,0.7642398286937901,0.5303571428571429,0.015203426124197002,-15.511733414965986,0.10815354441019893,,,,,,,,,,,Airlines,Industrials,10.435,2280224812,1409526,ULCC
