Quarters,Year,Quarter,FillingDate,Date,NetIncome,Revenue,OperatingIncome,EPSDiluted,GrossProfit,GrossProfitRatio,TotalAssets,CommonStockEquity,CurrentAssets,CurrentLiability,TotalLiability,Inventory,RetainedEarnings,MarketCap,EnterpriseValue,bookValuePerShare,currentRatio,debtToAssets,debtToEquity,roic,shareholdersEquityPerShare,roe,priceToSalesRatio,peRatio,pbRatio,payoutRatio,inventoryTurnover,dividendYield,assetTurnover,quickRatio,returnOnAssets,priceToFreeCashFlowsRatio,grossProfitMargin,epsdilutedGrowth,fiveYNetIncomeGrowthPerShare,fiveYRevenueGrowthPerShare,fiveYShareholdersEquityGrowthPerShare,grossProfitGrowth,netIncomeGrowth,operatingIncomeGrowth,threeYNetIncomeGrowthPerShare,threeYRevenueGrowthPerShare,threeYShareholdersEquityGrowthPerShare,Industry,Sector,Symbol
2023Q1,2023,Q1,2023-05-02,2023-03-31,1389000000.0,3035000000.0,1820000000.0,0.0096,1530000000.0,0.5041186161,14591000000.0,10283000000.0,2629000000.0,1898000000.0,4308000000.0,1393000000.0,4553000000.0,8658520920000.001,8660430920000.001,0.07631621914473587,1.3851422550052688,0.14563772188335275,0.2066517553243217,0.11285650695008279,0.07631621914473587,0.13507731206846252,2852.8899242174634,1558.4090928725702,842.022845473111,0.1259899208063355,1.0804020100502512,2.0211304172722376e-05,0.2080049345486944,0.523709167544784,0.0951956685628127,22088.063571428575,0.5041186161449753,-0.9996127470754337,0.0,0.0,0.0,-0.33391380060949066,-0.6120111731843575,-0.18312387791741472,0.0,0.0,0.0,,,CHKEW
2022Q4,2022,Q4,2023-02-22,2022-12-31,3580000000.0,4124000000.0,2228000000.0,24.79,2297000000.0,0.5569835112,15468000000.0,9124000000.0,2698000000.0,2704000000.0,6344000000.0,915000000.0,3399000000.0,10200830000.0,13249830000.0,75.3115971935617,0.9977810650887574,0.20552107576933024,0.34842174484875055,0.29398004047632476,75.3115971935617,0.39237176676896096,2.4735281280310377,0.7123484636871509,1.1180217010083298,0.11843575418994413,1.9967213114754099,0.04156524518102939,0.2666149469873287,0.5798816568047337,0.23144556503749678,19.46723282442748,0.5569835111542192,3.0506535947712417,0.0,0.0,0.0,1.1876190476190476,3.05436013590034,1.216915422885572,0.0,0.0,0.0,,,CHKEW
2022Q3,2022,Q3,2022-11-01,2022-09-30,883000000.0,3164000000.0,1005000000.0,6.12,1050000000.0,0.3318584071,14089000000.0,6347000000.0,2059000000.0,4238000000.0,7742000000.0,60000000.0,719000000.0,9513909378.85,12192909378.85,52.38959966983079,0.4858423784804153,0.19540066718716728,0.4337482275090594,0.10149829260660229,52.38959966983079,0.1391208444934615,3.00692458244311,2.6936323269677236,1.49896161633055,0.3171007927519819,35.233333333333334,0.02943059354995088,0.22457236141670808,0.4320434167059934,0.0626730073106679,12.307774099417854,0.33185840707964603,-0.25997581620314386,0.0,0.0,0.0,-0.23413566739606126,-0.28617623282134197,-0.2505592841163311,0.0,0.0,0.0,,,CHKEW
2022Q2,2022,Q2,2022-08-02,2022-06-30,1237000000.0,3499000000.0,1341000000.0,8.27,1371000000.0,0.3918262361,13899000000.0,5808000000.0,2010000000.0,4241000000.0,8091000000.0,11000000.0,188000000.0,7728374876.4,10802374876.4,45.799359692147554,0.4739448243338835,0.22239010000719475,0.5321969696969697,0.14114689268997965,45.799359692147554,0.21298209366391185,2.2087381755930267,1.5619189321746159,1.330643057231405,0.24090541632983023,193.45454545454547,0.03855920614177209,0.2517447298366789,0.42937986323980193,0.08899920857615656,15.644483555465586,0.3918262360674478,1313.6984126984125,0.0,0.0,0.0,2.3454367026496565,2.619109947643979,2.6889168765743072,0.0,0.0,0.0,,,CHKEW
2022Q1,2022,Q1,2022-05-06,2022-03-31,-764000000.0,656000000.0,-794000000.0,-0.0063,-1019000000.0,-1.5533536585,13293000000.0,5383000000.0,1487000000.0,4392000000.0,7910000000.0,10000000.0,-233000000.0,7717023400000.0,7719807400000.0,0.04455941393154257,0.33857012750455373,0.21086286015195968,0.5207133568642022,-0.09116355958311731,0.04455941393154257,-0.14192829277354635,11763.755182926829,-2525.2039921465966,1433.5915660412409,-0.27486910994764396,167.5,2.7212564886093258e-05,0.04934928157676973,0.3192167577413479,-0.05747385842172572,15161.146168958743,-1.5533536585365855,-1.5294117647058822,0.0,0.0,0.0,-1.6651436031331592,-1.5327754532775453,-1.5587614356087263,0.0,0.0,0.0,,,CHKEW
2021Q4,2021,Q4,2022-02-24,2021-12-31,1434000000.0,3083000000.0,1421000000.0,0.0119,1532000000.0,0.4969185858,11009000000.0,5671000000.0,2103000000.0,2447000000.0,5338000000.0,14000000.0,825000000.0,390529080.0,1792529080.0,580.272178450834,0.8594196975888844,0.2095558179671178,0.40680655968964907,0.1824312328862783,580.272178450834,0.2528654558278963,0.12667177424586443,0.06808387029288704,0.06886423558455299,0.03626220362622036,110.78571428571429,0.13315269633697957,0.2800436006903443,0.8255006129955047,0.13025706240348806,1.3105002684563758,0.4969185857930587,5.103448275862069,0.0,0.0,0.0,6.006535947712418,5.156521739130435,5.204142011834319,0.0,0.0,0.0,,,CHKEW
2021Q3,2021,Q3,2021-11-02,2021-09-30,-345000000.0,887000000.0,-338000000.0,-0.0029,-306000000.0,-0.3449830891,7326000000.0,3038000000.0,1734000000.0,2510000000.0,4288000000.0,0.0,-557000000.0,3582119870.0,4003119870.0,30.930249132059334,0.6908366533864542,0.17335517335517336,0.41803818301514156,-0.07605438139371072,30.930249132059334,-0.11356155365371955,4.038466595264938,-2.595739036231884,1.1791046313364055,-9.565217391304348e-05,0.0,9.212422028746906e-06,0.12107562107562107,0.6629482071713148,-0.047092547092547093,13517.433471698114,-0.34498308906426156,0.2162162162162163,0.0,0.0,0.0,0.23308270676691728,0.23102469859511557,0.21395348837209302,0.0,0.0,0.0,,,CHKEW
2021Q2,2021,Q2,2021-08-10,2021-06-30,-448649000.0,691000000.0,-430000000.0,-0.0037,-399000000.0,-0.5774240232,6999000000.0,3413000000.0,1354000000.0,1866000000.0,3586000000.0,0.0,-178000000.0,2632385280.0,3299385280.0,34.851068609531204,0.7256162915326902,0.18274039148449778,0.3747436273073542,-0.09330173768795129,34.851068609531204,-0.13145297392323468,3.8095300723589003,-1.466840046450566,0.7712819455024904,-7.578307318193064e-05,0.0,1.2916042441933121e-05,0.09872838976996713,0.6891747052518756,-0.06410187169595656,4562.192859618717,-0.5774240231548481,0.0,0.0,0.0,0.0,0.0,0.0,0.0,0.0,0.0,0.0,,,CHKEW
2020Q4,2020,Q4,2021-03-01,2020-12-31,-416000000.0,1219000000.0,176000000.0,-0.001,222000000.0,0.1821164889,6584000000.0,-5341000000.0,1108000000.0,3094000000.0,11925000000.0,0.0,-23954000000.0,0.0,1674000000.0,0.0,0.3581124757595346,0.29662818955042525,-0.3656618610747051,-0.05157480093096122,0.0,0.07788803594832429,0.0,0.0,0.0,0.0,0.0,,0.18514580801944108,0.3312863606981254,-0.06318347509113001,0.0,0.18211648892534865,0.0,0.0,0.0,0.0,6.842105263157895,0.44161073825503355,2.6,0.0,0.0,0.0,,,CHKEW
2020Q3,2020,Q3,2020-11-09,2020-09-30,-745000000.0,959000000.0,-110000000.0,0.0,-38000000.0,-0.039624609,6903000000.0,-4940000000.0,1072000000.0,3105000000.0,11822000000.0,0.0,-23538000000.0,0.0,1646000000.0,0.0,0.34524959742351047,0.2827756048095031,-0.3951417004048583,0.06747626107722082,0.0,0.1508097165991903,0.0,0.0,0.0,0.0,0.0,,0.13892510502679994,0.31626409017713364,-0.10792409097493844,0.0,-0.03962460896767466,0.0,0.0,0.0,0.0,0.8637992831541219,-1.6992753623188406,0.7966728280961183,0.0,0.0,0.0,,,CHKEW
2020Q2,2020,Q2,2020-08-10,2020-06-30,-276000000.0,507000000.0,-541000000.0,0.0,-279000000.0,-0.550295858,6553000000.0,-4209000000.0,690000000.0,2389000000.0,10741000000.0,0.0,-22793000000.0,0.0,1847000000.0,0.0,0.2888237756383424,0.29436899130169386,-0.45830363506771205,-0.10316552250190693,0.0,0.06557377049180328,0.0,0.0,0.0,0.0,0.0,,0.07736914390355562,0.24905818334030974,-0.04211811384098886,0.0,-0.5502958579881657,0.0,0.0,0.0,0.0,-1.3902097902097903,0.9667989895344641,-2.545714285714286,0.0,0.0,0.0,,,CHKEW
2020Q1,2020,Q1,2020-05-11,2020-03-31,-8313000000.0,2525000000.0,350000000.0,0.0,715000000.0,0.2831683168,7808000000.0,-3945000000.0,1818000000.0,2260000000.0,11732000000.0,0.0,-22517000000.0,0.0,9501000000.0,0.0,0.804424778761062,1.2273309426229508,-2.42915082382763,0.06198182318141277,0.0,2.1072243346007604,0.0,0.0,0.0,-0.002646457355948514,0.0,,0.3233862704918033,0.3734513274336283,-1.0646772540983607,0.0,0.28316831683168314,0.0,0.0,0.0,0.0,10.533333333333333,-24.65740740740741,3.229299363057325,0.0,0.0,0.0,,,CHKEW
2019Q4,2019,Q4,2020-02-27,2019-12-31,-324000000.0,1898000000.0,-157000000.0,0.0,-75000000.0,-0.0395152792,16193000000.0,4364000000.0,1251000000.0,2392000000.0,11792000000.0,0.0,-14220000000.0,0.0,9452000000.0,0.0,0.5229933110367893,0.5840795405422096,2.167277726856095,-0.010824176291845055,0.0,-0.07424381301558204,0.0,0.0,0.0,-0.06790123456790123,0.0,,0.1172111406163157,0.41638795986622074,-0.02000864571110974,0.0,-0.03951527924130664,0.0,0.0,0.0,0.0,-1.6,-4.311475409836065,-4.413043478260869,0.0,0.0,0.0,,,CHKEW
2019Q3,2019,Q3,2019-11-05,2019-09-30,-61000000.0,2059000000.0,46000000.0,0.0,125000000.0,0.0607090821,16579000000.0,4696000000.0,1403000000.0,2348000000.0,11844000000.0,0.0,-13896000000.0,0.0,9327000000.0,0.0,0.5975298126064736,0.5634236081790217,1.9891396933560477,0.0032241977998239673,0.0,-0.012989778534923339,0.0,0.0,0.0,-0.3770491803278688,0.0,,0.12419325652934435,0.42206132879046,-0.0036793533988780987,0.0,0.06070908207867897,0.0,0.0,0.0,0.0,-0.6648793565683646,-1.8133333333333332,-0.8345323741007195,0.0,0.0,0.0,,,CHKEW
2019Q2,2019,Q2,2019-08-06,2019-06-30,75000000.0,2370000000.0,278000000.0,0.0,373000000.0,0.1573839662,16540000000.0,4191000000.0,1384000000.0,2220000000.0,12310000000.0,0.0,-13835000000.0,0.0,9696000000.0,0.0,0.6234234234234234,0.5864570737605804,2.3144834168456216,0.015316039308963811,0.0,0.01789549033643522,0.0,0.0,0.0,0.30666666666666664,0.0,,0.14328899637243048,0.4617117117117117,0.004534461910519952,0.0,0.15738396624472573,0.0,0.0,0.0,0.0,14.814814814814815,4.571428571428571,2.4554973821989527,0.0,0.0,0.0,,,CHKEW
2019Q1,2019,Q1,2019-05-09,2019-03-31,-21000000.0,2162000000.0,-191000000.0,0.0,-27000000.0,-0.0124884366,16637000000.0,4097000000.0,1365000000.0,2930000000.0,12499000000.0,0.0,-13933000000.0,0.0,9539000000.0,0.0,0.4658703071672355,0.5738414377592114,2.3302416402245547,-0.0008775384292259019,0.0,-0.005125701732975348,0.0,0.0,0.0,-1.0952380952380953,0.0,,0.12995131333774118,0.4109215017064846,-0.0012622467993027588,0.0,-0.012488436632747455,0.0,0.0,0.0,0.0,-1.0287846481876333,-1.04093567251462,-1.2381546134663342,0.0,0.0,0.0,,,CHKEW
2018Q4,2018,Q4,2019-02-27,2018-12-31,513000000.0,3069000000.0,802000000.0,0.0,938000000.0,0.3056370153,10947000000.0,344000000.0,1598000000.0,2828000000.0,10480000000.0,0.0,-15660000000.0,0.0,7718000000.0,0.0,0.5650636492220651,0.7053987393806522,22.447674418604652,0.09981810221919167,0.0,1.4912790697674418,0.0,0.0,0.0,0.04483430799220273,0.0,,0.2803507810359002,0.44236209335219234,0.046862154014798575,0.0,0.30563701531443466,0.0,0.0,0.0,0.0,1.6128133704735377,5.107142857142857,1.8642857142857143,0.0,0.0,0.0,,,CHKEW
2018Q3,2018,Q3,2018-10-30,2018-09-30,84000000.0,2418000000.0,280000000.0,0.0,359000000.0,0.1484698098,12659000000.0,-162000000.0,1235000000.0,2976000000.0,12698000000.0,0.0,-16173000000.0,0.0,9808000000.0,0.0,0.41498655913978494,0.7751007188561497,-60.5679012345679,0.028678153994457167,0.0,-0.5185185185185185,0.0,0.0,0.0,0.27380952380952384,0.0,,0.1910103483687495,0.354502688172043,0.00663559522869105,0.0,0.14846980976013235,0.0,0.0,0.0,0.0,1.1242603550295858,5.9411764705882355,0.7391304347826086,0.0,0.0,0.0,,,CHKEW
2018Q2,2018,Q2,2018-08-01,2018-06-30,-17000000.0,2255000000.0,161000000.0,0.0,169000000.0,0.0749445676,12341000000.0,-240000000.0,1240000000.0,2873000000.0,12458000000.0,0.0,-16257000000.0,0.0,9667000000.0,0.0,0.4316045945005221,0.7835669718823434,-40.291666666666664,0.010926829268292682,0.0,0.07083333333333333,0.0,0.0,0.0,-1.3529411764705883,0.0,,0.18272425249169436,0.36999651931778627,-0.0013775220808686492,0.0,0.07494456762749446,0.0,0.0,0.0,0.0,-0.5785536159600998,-1.0580204778156996,-0.420863309352518,0.0,0.0,0.0,,,CHKEW
2018Q1,2018,Q1,2018-05-02,2018-03-31,293000000.0,2489000000.0,278000000.0,0.0,401000000.0,0.1611088791,12086000000.0,-220000000.0,1224000000.0,2354000000.0,12183000000.0,0.0,-16240000000.0,0.0,9373000000.0,0.0,0.5199660152931181,0.7758563627337415,-42.622727272727275,0.03985947332957426,0.0,-1.3318181818181818,0.0,0.0,0.0,0.07849829351535836,0.0,,0.20594075790170446,0.4613423959218352,0.024242925699156048,0.0,0.16110887906789875,0.0,0.0,0.0,0.0,0.010075566750629723,-0.12012012012012012,-0.3135802469135803,0.0,0.0,0.0,,,CHKEW
2017Q4,2017,Q4,2018-02-22,2017-12-31,333000000.0,2519000000.0,405000000.0,0.0,397000000.0,0.1576022231,12425000000.0,-496000000.0,1525000000.0,2356000000.0,12797000000.0,0.0,-16525000000.0,0.0,9968000000.0,0.0,0.6472835314091681,0.8026559356136821,-20.106854838709676,0.0499001996007984,0.0,-0.6713709677419355,0.0,0.0,0.0,0.06906906906906907,0.0,,0.20273641851106639,0.5632427843803056,0.026800804828973842,0.0,0.1576022231044065,0.0,0.0,0.0,0.0,1.2556818181818181,19.5,2.0,0.0,0.0,0.0,,,CHKEW
2017Q3,2017,Q3,2017-11-02,2017-09-30,-18000000.0,1943000000.0,135000000.0,0.0,176000000.0,0.0905815749,11981000000.0,-957000000.0,1178000000.0,2218000000.0,12685000000.0,0.0,-16987000000.0,0.0,9894000000.0,0.0,0.5311091073038774,0.8262248560220349,-10.343782654127482,0.023089978554606812,0.0,0.018808777429467086,0.0,0.0,0.0,-1.2777777777777777,0.0,,0.16217344128202987,0.44950405770964835,-0.001502378766380102,0.0,0.0905815748841997,0.0,0.0,0.0,0.0,-0.6569200779727096,-1.0364372469635628,-0.6616541353383458,0.0,0.0,0.0,,,CHKEW
2017Q2,2017,Q2,2017-08-03,2017-06-30,494000000.0,2281000000.0,399000000.0,0.0,513000000.0,0.2249013591,11920000000.0,-938000000.0,1247000000.0,2158000000.0,12604000000.0,0.0,-16969000000.0,0.0,9840000000.0,0.0,0.5778498609823911,0.8265939597315436,-10.504264392324094,0.04466579523456299,0.0,-0.5266524520255863,0.0,0.0,0.0,0.0465587044534413,0.0,,0.19135906040268458,0.4782205746061168,0.041442953020134225,0.0,0.22490135905304692,0.0,0.0,0.0,0.0,-0.26187050359712233,2.5285714285714285,-0.40976331360946744,0.0,0.0,0.0,,,CHKEW
2017Q1,2017,Q1,2017-05-04,2017-03-31,140000000.0,2753000000.0,676000000.0,0.0,695000000.0,0.2524518707,11699000000.0,-1459000000.0,1360000000.0,2788000000.0,12902000000.0,0.0,-82000000.0,0.0,9275000000.0,0.0,0.4878048780487805,0.8140866740747073,-6.527758738862234,0.08322869641905993,0.0,-0.09595613433858807,0.0,0.0,0.0,0.8142857142857143,0.0,,0.23531925805624412,0.42754662840746055,0.011966834772202752,0.0,0.2524518706865238,0.0,0.0,0.0,0.0,4.926553672316384,1.2439024390243902,8.952941176470588,0.0,0.0,0.0,,,CHKEW
2016Q4,2016,Q4,2017-03-03,2016-12-31,-574000000.0,2021000000.0,-85000000.0,0.0,-177000000.0,-0.0875804057,13028000000.0,-1460000000.0,2142000000.0,3648000000.0,14231000000.0,0.0,-17603000000.0,0.0,9559000000.0,0.0,0.587171052631579,0.8014276941971139,-7.151369863013699,-0.007110706663456478,0.0,0.39315068493150684,0.0,0.0,0.0,0.0,0.0,,0.15512741786920478,0.5315241228070176,-0.044058949953945346,0.0,-0.0875804057397328,0.0,0.0,0.0,0.0,-3.185185185185185,0.503030303030303,-6.0,0.0,0.0,0.0,,,CHKEW
2016Q3,2016,Q3,2016-11-03,2016-09-30,-1155000000.0,2276000000.0,17000000.0,0.0,81000000.0,0.0355887522,12523000000.0,-1191000000.0,1067000000.0,3606000000.0,13455000000.0,0.0,-101000000.0,0.0,9674000000.0,0.0,0.2958957293399889,0.7728180148526711,-8.125944584382871,0.003908924629145319,0.0,0.9697732997481109,0.0,0.0,0.0,0.0,0.0,,0.18174558811786312,0.24875207986688852,-0.092230296254891,0.0,0.035588752196836555,0.0,0.0,0.0,0.0,1.1443850267379678,0.34,1.0096755833807627,0.0,0.0,0.0,,,CHKEW
2016Q2,2016,Q2,2016-08-04,2016-06-30,-1750000000.0,1622000000.0,-1757000000.0,0.0,-561000000.0,-0.3458692972,13487000000.0,-32000000.0,1204000000.0,3777000000.0,13258000000.0,0.0,-15873000000.0,0.0,9645000000.0,0.0,0.31877151178183744,0.7154296730184623,-301.53125,-0.28563418945617136,0.0,54.6875,0.0,0.0,0.0,0.0,0.0,,0.1202639578853711,0.2531109346041832,-0.1297545784829836,0.0,-0.34586929716399506,0.0,0.0,0.0,0.0,-113.2,-0.9001085776330076,-27.338709677419356,0.0,0.0,0.0,,,CHKEW
2016Q1,2016,Q1,2016-05-05,2016-03-31,-921000000.0,1953000000.0,-62000000.0,0.0,5000000.0,0.0025601639,15357000000.0,1311000000.0,1492000000.0,2833000000.0,13786000000.0,0.0,-14123000000.0,0.0,10418000000.0,0.0,0.5266501941404871,0.67942957608908,7.9588100686498855,-0.009822706945335118,0.0,-0.7025171624713958,0.0,0.0,0.0,0.0,0.0,,0.1271732760304747,0.3363925167666784,-0.05997265090838054,0.0,0.002560163850486431,0.0,0.0,0.0,0.0,1.625,0.5784897025171625,-0.06896551724137931,0.0,0.0,0.0,,,CHKEW
2015Q4,2015,Q4,2016-02-25,2015-12-31,-2185000000.0,4078000000.0,-58000000.0,0.0,-8000000.0,-0.001961746,17357000000.0,2138000000.0,2480000000.0,3685000000.0,14960000000.0,0.0,-13202000000.0,0.0,9939000000.0,0.0,0.6729986431478969,0.6201532522901423,5.034611786716558,-0.003458179064200864,0.0,-1.0219831618334891,0.0,0.0,0.0,-0.019679633867276888,0.0,,0.23494843578959498,0.5302578018995929,-0.1258858097597511,0.0,-0.00196174595389897,0.0,0.0,0.0,0.0,-1.055944055944056,0.5289933175253287,-1.6304347826086956,0.0,0.0,0.0,,,CHKEW
2015Q3,2015,Q3,2015-11-04,2015-09-30,-4639000000.0,2893000000.0,92000000.0,0.0,143000000.0,0.0494296578,21286000000.0,4282000000.0,3579000000.0,4557000000.0,16740000000.0,0.0,-11017000000.0,0.0,9837000000.0,0.0,0.7853851217906518,0.5447712111246829,2.7080803362914527,0.004811728934835453,0.0,-1.083372255955161,0.0,0.0,0.0,-0.009053675361069196,0.0,,0.1359109273701024,0.6657888962036428,-0.21793667199098,0.0,0.049429657794676805,0.0,0.0,0.0,0.0,18.875,-0.13422982885085574,1.2238442822384428,0.0,0.0,0.0,,,CHKEW
2015Q2,2015,Q2,2015-08-05,2015-06-30,-4090000000.0,3033000000.0,-411000000.0,0.0,-8000000.0,-0.0026376525,28598000000.0,8958000000.0,4231000000.0,5128000000.0,18355000000.0,0.0,-6364000000.0,0.0,9522000000.0,0.0,0.8250780031201248,0.4046786488565634,1.2919178388033044,-0.014610474268724463,0.0,-0.4565751283768698,0.0,0.0,0.0,-0.02493887530562347,0.0,,0.10605636757815232,0.6926677067082684,-0.1430169941953983,0.0,-0.002637652489284537,0.0,0.0,0.0,0.0,-1.5714285714285714,-0.09946236559139784,-5.737704918032787,0.0,0.0,0.0,,,CHKEW
2015Q1,2015,Q1,2015-05-06,2015-03-31,-3720000000.0,2760000000.0,-61000000.0,0.0,14000000.0,0.0050724638,34373000000.0,13078000000.0,5398000000.0,5366000000.0,20000000000.0,0.0,-2256000000.0,0.0,8631000000.0,0.0,1.005963473723444,0.33567043900736043,0.882244991588928,-0.0018081644889753601,0.0,-0.28444716317479735,0.0,0.0,0.0,-0.027419354838709678,0.0,,0.08029558083379397,0.8479314200521804,-0.1082244785151136,0.0,0.005072463768115942,0.0,0.0,0.0,0.0,-0.988313856427379,-6.8125,-1.0634755463059313,0.0,0.0,0.0,,,CHKEW
2014Q4,2014,Q4,2015-02-27,2014-12-31,640000000.0,5050000000.0,961000000.0,0.0,1198000000.0,0.2372277228,40751000000.0,16903000000.0,7468000000.0,5863000000.0,22546000000.0,0.0,1483000000.0,0.0,7457000000.0,0.0,1.2737506396042981,0.2837967166449903,0.6841980713482814,0.023647582463030614,0.0,0.03786310122463468,0.0,0.0,0.0,0.159375,0.0,,0.12392333930455694,1.082039911308204,0.015705136070280484,0.0,0.23722772277227722,0.0,0.0,0.0,0.0,-0.04083266613290633,-0.03323262839879154,-0.18143100511073254,0.0,0.0,0.0,,,CHKEW
2014Q3,2014,Q3,2014-11-06,2014-09-30,662000000.0,5703000000.0,1174000000.0,0.0,1249000000.0,0.2190075399,40518000000.0,16320000000.0,3129000000.0,5602000000.0,22887000000.0,0.0,945000000.0,0.0,11522000000.0,0.0,0.5585505176722599,0.2865886766375438,0.7115196078431373,0.02573427976941248,0.0,0.04056372549019608,0.0,0.0,0.0,0.1510574018126888,0.0,,0.1407522582555901,0.45287397358086395,0.016338417493459698,0.0,0.2190075398912853,0.0,0.0,0.0,0.0,0.836764705882353,2.4659685863874348,0.9245901639344263,0.0,0.0,0.0,,,CHKEW
2014Q2,2014,Q2,2014-08-06,2014-06-30,191000000.0,5152000000.0,610000000.0,0.0,680000000.0,0.1319875776,41127000000.0,16202000000.0,4370000000.0,5792000000.0,22802000000.0,0.0,833000000.0,0.0,10117000000.0,0.0,0.7544889502762431,0.2815425389646704,0.7146648561905937,0.013597753259608245,0.0,0.011788668065670905,0.0,0.0,0.0,0.5340314136125655,0.0,,0.1252705035621368,0.6512430939226519,0.004644151044326112,0.0,0.13198757763975155,0.0,0.0,0.0,0.0,-0.15211970074812967,-0.5505882352941176,-0.16780354706684858,0.0,0.0,0.0,,,CHKEW
2014Q1,2014,Q1,2014-05-07,2014-03-31,425000000.0,5046000000.0,733000000.0,0.0,802000000.0,0.1589377725,42605000000.0,16341000000.0,4275000000.0,5958000000.0,24128000000.0,0.0,1012000000.0,0.0,11995000000.0,0.0,0.7175226586102719,0.3051050346203497,0.7954837525243253,0.015590035974408056,0.0,0.026008200232543906,0.0,0.0,0.0,0.2376470588235294,0.0,,0.1184368031921136,0.6037260825780463,0.00997535500528107,0.0,0.15893777249306382,0.0,0.0,0.0,0.0,0.3234323432343234,6.821917808219178,0.486815415821501,0.0,0.0,0.0,,,CHKEW
2013Q4,2013,Q4,2014-02-27,2013-12-31,-73000000.0,4541000000.0,493000000.0,0.0,606000000.0,0.1334507818,41782000000.0,15995000000.0,3656000000.0,5515000000.0,23642000000.0,0.0,688000000.0,0.0,12080000000.0,0.0,0.6629193109700816,0.3091522665262553,0.8075648640200063,0.01044910933312274,0.0,-0.004563926226945921,0.0,0.0,0.0,-1.3835616438356164,0.0,,0.10868316499928199,0.5546690843155032,-0.0017471638504619213,0.0,0.13345078176613082,0.0,0.0,0.0,0.0,0.05944055944055944,-1.3613861386138615,0.13073394495412843,0.0,0.0,0.0,,,CHKEW
2013Q3,2013,Q3,2013-11-06,2013-09-30,202000000.0,4867000000.0,436000000.0,0.0,572000000.0,0.1175261968,42288000000.0,16196000000.0,3994000000.0,5678000000.0,23940000000.0,0.0,905000000.0,0.0,11940000000.0,0.0,0.7034166960197252,0.3056895573212259,0.7981600395159298,0.009223838333193178,0.0,0.012472215361817732,0.0,0.0,0.0,0.5,0.0,,0.11509175179720015,0.603557590700951,0.004776768823306848,0.0,0.11752619683583317,0.0,0.0,0.0,0.0,-0.5920114122681883,-0.6517241379310345,-0.6263924592973437,0.0,0.0,0.0,,,CHKEW
2013Q2,2013,Q2,2013-08-06,2013-06-30,580000000.0,4675000000.0,1167000000.0,0.0,1402000000.0,0.2998930481,42145000000.0,16035000000.0,3592000000.0,5620000000.0,23941000000.0,0.0,805000000.0,0.0,12521000000.0,0.0,0.6391459074733096,0.31315695812077354,0.823074524477705,0.02460915018054639,0.0,0.03617087620829436,0.0,0.0,0.0,0.17413793103448275,0.0,,0.11092656305611578,0.5505338078291815,0.013762012101079605,0.0,0.2998930481283422,0.0,0.0,0.0,0.0,2.2009132420091326,9.0,4.377880184331797,0.0,0.0,0.0,,,CHKEW
2013Q1,2013,Q1,2013-05-10,2013-03-31,58000000.0,3424000000.0,217000000.0,0.0,438000000.0,0.1279205607,42481000000.0,15700000000.0,2884000000.0,5785000000.0,24467000000.0,0.0,495000000.0,0.0,13559000000.0,0.0,0.49853068280034574,0.3199548033238389,0.8657324840764331,0.004557345151875473,0.0,0.0036942675159235667,0.0,0.0,0.0,1.7413793103448276,0.0,,0.08060073915397471,0.41745894554883317,0.0013653162590334502,0.0,0.12792056074766356,0.0,0.0,0.0,0.0,1.3033240997229918,-0.8066666666666666,-0.7129629629629629,0.0,0.0,0.0,,,CHKEW
2012Q4,2012,Q4,2013-03-01,2012-12-31,300000000.0,3538000000.0,756000000.0,0.0,-1444000000.0,-0.4081401922,41611000000.0,15569000000.0,2948000000.0,6266000000.0,23715000000.0,0.0,437000000.0,0.0,12476000000.0,0.0,0.4704755825087775,0.30672178029847874,0.8197700558802749,0.016222138705698337,0.0,0.019269060312158776,0.0,0.0,0.0,0.3333333333333333,0.0,,0.08502559419384298,0.4040855410150016,0.007209632068443441,0.0,-0.40814019219898245,0.0,0.0,0.0,0.0,-2.264448336252189,1.15220700152207,4.286713286713287,0.0,0.0,0.0,,,CHKEW
2012Q3,2012,Q3,2012-11-09,2012-09-30,-1971000000.0,2970000000.0,143000000.0,0.0,1142000000.0,0.3845117845,45671000000.0,15327000000.0,3611000000.0,6456000000.0,27980000000.0,0.0,241000000.0,0.0,16076000000.0,0.0,0.5593246592317225,0.3551049900374417,1.058132706987669,0.002765382256678018,0.0,-0.1285965942454492,0.0,0.0,0.0,-0.050735667174023336,0.0,,0.0650303255895426,0.37685873605947956,-0.043156488800332814,0.0,0.3845117845117845,0.0,0.0,0.0,0.0,-0.36836283185840707,-3.0277777777777777,-0.8062330623306233,0.0,0.0,0.0,,,CHKEW
2012Q2,2012,Q2,2012-08-09,2012-06-30,972000000.0,3389000000.0,738000000.0,0.0,1808000000.0,0.5334907052,47526000000.0,17427000000.0,4516000000.0,6259000000.0,27738000000.0,0.0,2352000000.0,0.0,13305000000.0,0.0,0.7215210097459658,0.301498127340824,0.8222298731852872,0.014176218667338456,0.0,0.05577552074367361,0.0,0.0,0.0,0.10185185185185185,0.0,,0.07130833648950048,0.5027959737977312,0.02045196313596768,0.0,0.5334907052227795,0.0,0.0,0.0,0.0,1.4767123287671233,35.714285714285715,739.0,0.0,0.0,0.0,,,CHKEW
2012Q1,2012,Q1,2012-05-11,2012-03-31,-28000000.0,2419000000.0,-1000000.0,0.0,730000000.0,0.301777594,45589000000.0,16531000000.0,3924000000.0,6664000000.0,26695000000.0,0.0,1481000000.0,0.0,12644000000.0,0.0,0.5888355342136855,0.28695518655816094,0.7913616841086444,-2.0261371694863742e-05,0.0,-0.0016937874296775754,0.0,0.0,0.0,-3.5357142857142856,0.0,,0.05306104542762508,0.45528211284513803,-0.0006141832459584549,0.0,0.3017775940471269,0.0,0.0,0.0,0.0,-0.30210325047801145,-1.0591966173361522,-1.0020242914979758,0.0,0.0,0.0,,,CHKEW
2011Q4,2011,Q4,2012-02-29,2011-12-31,473000000.0,2727000000.0,494000000.0,0.0,1046000000.0,0.3835716905,41835000000.0,16624000000.0,3177000000.0,7082000000.0,23874000000.0,0.0,1608000000.0,0.0,10275000000.0,0.0,0.44860208980513977,0.2539978486912872,0.6391963426371511,0.01107218885992812,0.0,0.02845283926852743,0.0,0.0,0.0,0.21141649048625794,0.0,,0.06518465399784869,0.4032759107596724,0.011306322457272618,0.0,0.38357169050238354,0.0,0.0,0.0,0.0,-0.5100702576112413,-0.48698481561822127,-0.6668914362778152,0.0,0.0,0.0,,,CHKEW
2011Q3,2011,Q3,2011-11-09,2011-09-30,922000000.0,3977000000.0,1483000000.0,0.0,2135000000.0,0.5368368117,40122000000.0,16298000000.0,3470000000.0,6195000000.0,23824000000.0,0.0,1234000000.0,0.0,11678000000.0,0.0,0.5601291364003228,0.2938288220926175,0.7233402871517978,0.03221827272672221,0.0,0.056571358448889435,0.0,0.0,0.0,0.10629067245119306,0.0,,0.09912267583869198,0.45972558514931394,0.022979911270624594,0.0,0.5368368116670857,0.0,0.0,0.0,0.0,0.3756443298969072,0.807843137254902,0.5055837563451777,0.0,0.0,0.0,,,CHKEW
2011Q2,2011,Q2,2011-08-09,2011-06-30,510000000.0,3318000000.0,985000000.0,0.0,1552000000.0,0.4677516576,36656000000.0,15483000000.0,3126000000.0,5728000000.0,21173000000.0,0.0,411000000.0,0.0,9938000000.0,0.0,0.5457402234636871,0.2740888258402444,0.6489052509203642,0.023565090735098545,0.0,0.03293935283859717,0.0,0.0,0.0,0.17647058823529413,0.0,,0.09051724137931035,0.49179469273743015,0.013913138367525097,0.0,0.46775165762507537,0.0,0.0,0.0,0.0,4.812734082397004,4.148148148148148,4.731060606060606,0.0,0.0,0.0,,,CHKEW
2011Q1,2011,Q1,2011-05-10,2011-03-31,-162000000.0,1612000000.0,-264000000.0,0.0,267000000.0,0.1656327543,34800000000.0,14995000000.0,3544000000.0,4669000000.0,19805000000.0,0.0,0.0,0.0,9066000000.0,0.0,0.7590490469051189,0.2849137931034483,0.6612204068022675,-0.006454514447499721,0.0,-0.010803601200400133,0.0,0.0,0.0,-0.5617283950617284,0.0,,0.04632183908045977,0.6780895266652388,-0.004655172413793103,0.0,0.16563275434243177,0.0,0.0,0.0,0.0,1.156140350877193,-1.7232142857142858,-1.8024316109422491,0.0,0.0,0.0,,,CHKEW
2010Q4,2010,Q4,2011-03-01,2010-12-31,224000000.0,1975000000.0,329000000.0,0.0,-1710000000.0,-0.8658227848,37179000000.0,15264000000.0,3266000000.0,4490000000.0,21915000000.0,0.0,190000000.0,0.0,12538000000.0,0.0,0.7273942093541202,0.33997686866241694,0.8280922431865828,0.007255645730416373,0.0,0.014675052410901468,0.0,0.0,0.0,0.4017857142857143,0.0,,0.05312138572850265,0.4623608017817372,0.006024906533258022,0.0,-0.8658227848101265,0.0,0.0,0.0,0.0,-1.7553003533568905,-0.5985663082437276,-0.5973072215422277,0.0,0.0,0.0,,,CHKEW
2010Q3,2010,Q3,2010-11-09,2010-09-30,558000000.0,2581000000.0,817000000.0,0.0,2264000000.0,0.8771793878,34333000000.0,15273000000.0,3273000000.0,4123000000.0,19060000000.0,0.0,57000000.0,0.0,10836000000.0,0.0,0.7938394373029347,0.3333527509975825,0.749361618542526,0.018812435455353736,0.0,0.03653506187389511,0.0,0.0,0.0,0.15232974910394265,0.0,,0.07517548714065185,0.7640067911714771,0.016252584976553172,0.0,0.8771793878341728,0.0,0.0,0.0,0.0,0.32475131655939143,1.188235294117647,0.8277404921700223,0.0,0.0,0.0,,,CHKEW
2010Q2,2010,Q2,2010-08-09,2010-06-30,255000000.0,2012000000.0,447000000.0,0.0,1709000000.0,0.8494035785,32169000000.0,14815000000.0,3018000000.0,3655000000.0,17354000000.0,0.0,-410000000.0,0.0,9900000000.0,0.0,0.8257181942544459,0.32643227952376513,0.7088086398920014,0.010875576195154122,0.0,0.01721228484643942,0.0,0.0,0.0,0.20784313725490197,0.0,,0.06254468587770835,0.8002735978112175,0.007926886132612143,0.0,0.8494035785288271,0.0,0.0,0.0,0.0,-0.3147554129911788,-0.5721476510067114,-0.6311881188118812,0.0,0.0,0.0,,,CHKEW
2010Q1,2010,Q1,2010-05-10,2010-03-31,596000000.0,2798000000.0,1212000000.0,0.0,2494000000.0,0.891350965,30288000000.0,12216000000.0,3335000000.0,3123000000.0,18072000000.0,0.0,-665000000.0,0.0,11688000000.0,0.0,1.0678834454050592,0.402931854199683,0.9990176817288802,0.030523341523341522,0.0,0.04878847413228553,0.0,0.0,0.0,0.08892617449664429,0.0,,0.0923798203909139,1.0349023374959974,0.019677760169043847,0.0,0.8913509649749821,0.0,0.0,0.0,0.0,0.28955532574974147,2.19438877755511,0.7413793103448276,0.0,0.0,0.0,,,CHKEW
2009Q4,2009,Q4,2010-03-01,2009-12-31,-499000000.0,2222000000.0,696000000.0,0.0,1934000000.0,0.8703870387,29914000000.0,11444000000.0,2446000000.0,2688000000.0,17573000000.0,25000000.0,-1261000000.0,0.0,11988000000.0,0.0,0.9099702380952381,0.4110115664906064,1.0743621111499475,0.018333461608019797,0.0,-0.04360363509262496,0.0,0.0,0.0,-0.10220440881763528,11.52,,0.07427960152436985,0.8645833333333334,-0.01668115263756101,0.0,0.8703870387038704,0.0,0.0,0.0,0.0,0.27320605661619485,-3.5989583333333335,0.7531486146095718,0.0,0.0,0.0,,,CHKEW
2009Q3,2009,Q3,2009-11-09,2009-09-30,192000000.0,1811000000.0,397000000.0,0.0,1519000000.0,0.8387631143,29719000000.0,11978000000.0,2508000000.0,2514000000.0,16890000000.0,0.0,-737000000.0,0.0,11553000000.0,0.0,0.9976133651551312,0.40623843332548204,1.0079312072132243,0.010323339775940297,0.0,0.01602938720988479,0.0,0.0,0.0,0.2708333333333333,0.0,,0.06093744742420674,0.9371519490851233,0.0064605134762273295,0.0,0.8387631143014909,0.0,0.0,0.0,0.0,0.7067415730337079,-0.20987654320987653,-0.06367924528301887,0.0,0.0,0.0,,,CHKEW
2009Q2,2009,Q2,2009-08-10,2009-06-30,243000000.0,1673000000.0,424000000.0,0.0,890000000.0,0.5319784818,30469000000.0,12002000000.0,2948000000.0,2974000000.0,18467000000.0,0.0,-929000000.0,0.0,13014000000.0,0.0,0.9912575655682583,0.44530506416357607,1.130478253624396,0.010385075938700717,0.0,0.020246625562406265,0.0,0.0,0.0,0.20987654320987653,0.0,,0.05490826741934425,0.9445191661062542,0.007975319176868292,0.0,0.5319784817692768,0.0,0.0,0.0,0.0,-0.23996584116140052,1.0423344947735191,0.346031746031746,0.0,0.0,0.0,,,CHKEW
2009Q1,2009,Q1,2009-05-11,2009-03-31,-5740000000.0,1995000000.0,315000000.0,0.0,1171000000.0,0.5869674185,29661000000.0,11818000000.0,2853000000.0,3362000000.0,17843000000.0,0.0,-1171000000.0,0.0,12850000000.0,0.0,0.8486020226055919,0.4360271063012036,1.0943476053477745,0.007954224071754676,0.0,-0.48569977999661534,0.0,0.0,0.0,-0.008710801393728223,0.0,,0.06726003843430768,0.8072575847709696,-0.19352011058292035,0.0,0.5869674185463659,0.0,0.0,0.0,0.0,-0.43429951690821256,-5.666666666666667,-0.9305402425578831,0.0,0.0,0.0,,,CHKEW
2008Q4,2008,Q4,2009-03-02,2008-12-31,-861000000.0,2981000000.0,4535000000.0,0.0,2070000000.0,0.6943978531,38444000000.0,16297000000.0,4292000000.0,3621000000.0,22147000000.0,58000000.0,4694000000.0,0.0,12435000000.0,0.0,1.1853079259872963,0.36895224222245343,0.870344235135301,0.09222506843657094,0.0,-0.05283180953549733,0.0,0.0,0.0,-0.05110336817653891,15.706896551724139,,0.07754135885964,0.8486605909969621,-0.02239621267297888,0.0,0.6943978530694398,0.0,0.0,0.0,0.0,-0.6661828737300436,-1.2598853003320254,-0.17214311792625045,0.0,0.0,0.0,,,CHKEW
2008Q3,2008,Q3,2008-11-10,2008-09-30,3313000000.0,7491000000.0,5478000000.0,0.0,6201000000.0,0.827793352,40018000000.0,16407000000.0,4111000000.0,3601000000.0,23611000000.0,292000000.0,5604000000.0,0.0,12381000000.0,0.0,1.1416273257428493,0.3584636913388975,0.8743219357591272,0.10955270927215807,0.0,0.20192600719205217,0.0,0.0,0.0,0.014186537881074554,4.417808219178082,,0.18719076415612973,0.914745903915579,0.08278774551451847,0.0,0.8277933520224269,0.0,0.0,0.0,0.0,4.804294478527607,3.074514715090795,3.1626529806553494,0.0,0.0,0.0,,,CHKEW
2008Q2,2008,Q2,2008-08-11,2008-06-30,-1597000000.0,0.0,-2533000000.0,0.0,-1630000000.0,0.0,38023000000.0,10276000000.0,3175000000.0,7297000000.0,27747000000.0,159000000.0,2338000000.0,0.0,13704000000.0,0.0,0.4351103193093052,0.3604134339741735,1.3335928376800312,-0.06495595578782601,0.0,-0.15541066562864927,0.0,0.0,0.0,-0.026925485284909206,10.251572327044025,,0.0,0.21967932026860354,-0.04200089419561844,0.0,0.0,0.0,0.0,0.0,0.0,-3.7121464226289516,-11.098484848484848,-23.123809523809523,0.0,0.0,0.0,,,CHKEW
2008Q1,2008,Q1,2008-05-12,2008-03-31,-132000000.0,1611000000.0,-105000000.0,0.0,601000000.0,0.373060211,33462000000.0,11470000000.0,1946000000.0,4220000000.0,21992000000.0,107000000.0,3973000000.0,0.0,12249000000.0,0.0,0.4611374407582938,0.366086904548443,1.0680034873583262,-0.00273045342074987,0.0,-0.01150828247602441,0.0,0.0,0.0,-0.3409090909090909,9.439252336448599,,0.04814416352877891,0.30308056872037914,-0.0039447731755424065,0.0,0.37306021104903786,0.0,0.0,0.0,0.0,-0.44963369963369965,-1.4356435643564356,-1.1712887438825448,0.0,0.0,0.0,,,CHKEW
2007Q4,2007,Q4,2008-02-29,2007-12-31,303000000.0,2089000000.0,613000000.0,0.0,1092000000.0,0.5227381522,30734000000.0,12130000000.0,1396000000.0,2761000000.0,18604000000.0,87000000.0,4150000000.0,0.0,10949000000.0,0.0,0.5056139080043462,0.35628294397084664,0.9027205276174773,0.01645729444663002,0.0,0.02497938994229184,0.0,0.0,0.0,0.1551155115511551,11.459770114942529,,0.06797032602329668,0.3893516841724013,0.009858788312617947,0.0,0.5227381522259454,0.0,0.0,0.0,0.0,-0.19469026548672566,-0.18548387096774194,-0.14265734265734265,0.0,0.0,0.0,,,CHKEW
2007Q3,2007,Q3,2007-11-09,2007-09-30,372000000.0,2027000000.0,715000000.0,0.0,1356000000.0,0.6689689196,29889000000.0,12004000000.0,1280000000.0,2390000000.0,17885000000.0,112000000.0,3892000000.0,0.0,10870000000.0,0.0,0.5355648535564853,0.363745859680819,0.9056981006331223,0.019378387830040218,0.0,0.030989670109963344,0.0,0.0,0.0,0.1532258064516129,5.991071428571429,,0.06781759175616447,0.4887029288702929,0.01244605038642979,0.0,0.6689689195855945,0.0,0.0,0.0,0.0,-0.04842105263157895,-0.28185328185328185,-0.14473684210526316,0.0,0.0,0.0,,,CHKEW
2007Q2,2007,Q2,2007-08-08,2007-06-30,518000000.0,2105000000.0,836000000.0,0.0,1425000000.0,0.67695962,27696000000.0,11626000000.0,1293000000.0,2213000000.0,16070000000.0,95000000.0,3576000000.0,0.0,9413000000.0,0.0,0.5842747401717127,0.34001299826689774,0.8099948391536212,0.02461626193983748,0.0,0.04455530707035954,0.0,0.0,0.0,0.10231660231660232,7.157894736842105,,0.07600375505488158,0.5363759602349751,0.01870306181398036,0.0,0.6769596199524941,0.0,0.0,0.0,0.0,0.006355932203389831,1.0077519379844961,0.720164609053498,0.0,0.0,0.0,,,CHKEW
2007Q1,2007,Q1,2007-05-08,2007-03-31,258000000.0,1580000000.0,486000000.0,0.0,1416000000.0,0.8962025316,25732000000.0,11077000000.0,1223000000.0,2180000000.0,14655000000.0,89000000.0,3114000000.0,0.0,8367000000.0,0.0,0.5610091743119267,0.325314783149386,0.7557100297914597,0.015498429737683133,0.0,0.023291504920104723,0.0,0.0,0.0,0.2054263565891473,1.8426966292134832,,0.06140214518886989,0.46972477064220186,0.01002642623970154,0.0,0.8962025316455696,0.0,0.0,0.0,0.0,0.22441356124488962,-0.45264998026994113,-0.417989861527094,0.0,0.0,0.0,,,CHKEW
2021Q1,2021,Q1,2021-05-13,2021-03-31,,,,,,,6904000000.0,3881000000.0,1190000000.0,1443000000.0,3023000000.0,0.0,295000000.0,0.0,949000000.0,0.0,0.8246708246708246,0.18670336037079954,0.3321308940994589,,0.0,,0.0,0.0,0.0,0.0,0.0,,,0.7234927234927235,,0.0,0.0,0.0,0.0,0.0,0.0,0.0,0.0,0.0,0.0,0.0,0.0,,,CHKEW
