Quarters,Year,Quarter,FillingDate,Date,NetIncome,Revenue,OperatingIncome,EPSDiluted,GrossProfit,GrossProfitRatio,TotalAssets,CommonStockEquity,CurrentAssets,CurrentLiability,TotalLiability,Inventory,RetainedEarnings,MarketCap,EnterpriseValue,bookValuePerShare,currentRatio,debtToAssets,debtToEquity,roic,shareholdersEquityPerShare,roe,priceToSalesRatio,peRatio,pbRatio,payoutRatio,inventoryTurnover,dividendYield,assetTurnover,quickRatio,returnOnAssets,priceToFreeCashFlowsRatio,grossProfitMargin,epsdilutedGrowth,fiveYNetIncomeGrowthPerShare,fiveYRevenueGrowthPerShare,fiveYShareholdersEquityGrowthPerShare,grossProfitGrowth,netIncomeGrowth,operatingIncomeGrowth,threeYNetIncomeGrowthPerShare,threeYRevenueGrowthPerShare,threeYShareholdersEquityGrowthPerShare,Industry,Sector,Symbol
2019Q2,2019,Q2,2019-05-31,2019-05-31,0.0,0.0,0.0,0.0,0.0,0.0,509935226.0,395719799.0,0.0,0.0,114215427.0,0.0,-28119617.0,0.0,99996996.0,0.0,0.0,0.1961033380345448,0.2527040604303956,,0.0,0.0,0.0,0.0,0.0,0.0,0.0,,0.0,0.0,0.0,0.0,0.0,0.0,0.0,0.0,0.0,0.0,0.0,0.0,0.0,0.0,0.0,Asset Management,Financial Services,MCR
2018Q2,2018,Q2,2018-05-31,2018-05-31,0.0,0.0,0.0,0.0,0.0,0.0,532168532.0,423221157.0,0.0,0.0,108947375.0,0.0,-11476257.0,0.0,99795154.0,0.0,0.0,0.1879103967763355,0.2362830835510428,,0.0,0.0,0.0,0.0,0.0,0.0,0.0,,0.0,0.0,0.0,0.0,0.0,0.0,0.0,0.0,0.0,0.0,0.0,0.0,0.0,0.0,0.0,Asset Management,Financial Services,MCR
2022Q4,2022,Q4,2022-11-30,2022-11-30,,,,,,,413865936.0,300577895.0,12716663.0,2633593.0,113288041.0,0.0,-70509690.0,0.0,99431987.0,0.0,4.828636391424188,0.24162413791890328,0.33269246229833366,,0.0,,0.0,0.0,0.0,0.0,0.0,,,4.828636391424188,,0.0,0.0,0.0,0.0,0.0,0.0,0.0,0.0,0.0,0.0,0.0,0.0,Asset Management,Financial Services,MCR
2022Q2,2022,Q2,2022-05-31,2022-05-31,,,,,,,430539674.0,322986265.0,11656731.0,1243339.0,107553409.0,0.0,-57627930.0,0.0,99748118.0,0.0,9.3753441338203,0.2322666319480699,0.3096106888631936,,0.0,,0.0,0.0,0.0,0.0,0.0,,,9.3753441338203,,0.0,0.0,0.0,0.0,0.0,0.0,0.0,0.0,0.0,0.0,0.0,0.0,Asset Management,Financial Services,MCR
2021Q2,2021,Q2,2021-05-31,2021-05-31,,,,,,,492934240.0,382742442.0,0.0,0.0,110191798.0,0.0,-10247585.0,0.0,99993760.0,0.0,0.0,0.20286681647434351,0.2612723048885182,,0.0,,0.0,0.0,0.0,0.0,0.0,,,0.0,,0.0,0.0,0.0,0.0,0.0,0.0,0.0,0.0,0.0,0.0,0.0,0.0,Asset Management,Financial Services,MCR
2020Q4,2020,Q4,2020-11-30,2020-11-30,,,,,,,510467048.0,394537883.0,0.0,0.0,115929165.0,0.0,1922276.0,0.0,99724855.0,0.0,0.0,0.19589903088122546,0.2534610852565456,,0.0,,0.0,0.0,0.0,0.0,0.0,,,0.0,,0.0,0.0,0.0,0.0,0.0,0.0,0.0,0.0,0.0,0.0,0.0,0.0,Asset Management,Financial Services,MCR
2020Q2,2020,Q2,2020-05-31,2020-05-31,,,,,,,497429710.0,378833366.0,0.0,0.0,118596344.0,0.0,-27041514.0,0.0,99945526.0,0.0,0.0,0.20103342842147487,0.263968301039249,,0.0,,0.0,0.0,0.0,0.0,0.0,,,0.0,,0.0,0.0,0.0,0.0,0.0,0.0,0.0,0.0,0.0,0.0,0.0,0.0,Asset Management,Financial Services,MCR
2019Q4,2019,Q4,2019-11-30,2019-11-30,,,,,,,510263880.0,403245448.0,0.0,0.0,107018432.0,0.0,-8204976.0,0.0,100000000.0,0.0,0.0,0.19597703055132965,0.24798792025049715,,0.0,,0.0,0.0,0.0,0.0,0.0,,,0.0,,0.0,0.0,0.0,0.0,0.0,0.0,0.0,0.0,0.0,0.0,0.0,0.0,Asset Management,Financial Services,MCR
2018Q4,2018,Q4,2018-11-30,2018-11-30,,,,,,,503340973.0,396451302.0,0.0,0.0,106889671.0,0.0,-41484358.0,0.0,99997534.0,0.0,0.0,0.19867248120887626,0.25223778934644536,,0.0,,0.0,0.0,0.0,0.0,0.0,,,0.0,,0.0,0.0,0.0,0.0,0.0,0.0,0.0,0.0,0.0,0.0,0.0,0.0,Asset Management,Financial Services,MCR
