Year,Date,FillingDate,NetIncome,Revenue,OperatingIncome,EPSDiluted,GrossProfit,GrossProfitRatio,TotalAssets,CommonStockEquity,CurrentAssets,CurrentLiability,TotalLiability,Inventory,RetainedEarnings,EnterpriseValue,bookValuePerShare,currentRatio,debtToAssets,debtToEquity,roic,shareholdersEquityPerShare,roe,priceToSalesRatio,peRatio,pbRatio,payoutRatio,inventoryTurnover,dividendYield,assetTurnover,quickRatio,returnOnAssets,priceToFreeCashFlowsRatio,grossProfitMargin,epsdilutedGrowth,fiveYNetIncomeGrowthPerShare,fiveYRevenueGrowthPerShare,fiveYShareholdersEquityGrowthPerShare,grossProfitGrowth,netIncomeGrowth,operatingIncomeGrowth,threeYNetIncomeGrowthPerShare,threeYRevenueGrowthPerShare,threeYShareholdersEquityGrowthPerShare,Industry,Sector,Price,MarketCap,AvgVolume,Symbol
2022,2022-12-31,2022-12-31,912400000000.0,17304973000000.0,1612070000000.0,1391.25,15053138000000.0,0.8698735329,31308262000000.0,11318320000000.0,7219196000000.0,8046541000000.0,19153066000000.0,166355000000.0,22463711000000.0,26220143905734.703,17258.41171835653,0.8971800429526178,0.35405545667146904,0.9793733522289527,0.05110843274315107,17258.41171835653,0.08061267043165417,0.9833921096400846,18.65144005450976,1.503542390189949,0.9908154318281456,13.536322923867633,0.05312273094905478,0.5527286375717694,0.5880242205936688,0.029142467250337947,8.054154115509203,0.8698735328856047,-0.34359828450915547,-0.793249890945053,-0.41810884408801186,-0.6262851937538103,0.03661554497257432,-0.2823630736317195,-0.17487321648298326,0.014976190708942978,-0.034523089499641835,-0.5119264528085893,Telecom Services,Communication Services,19.3502,7617109324,522352,SKM
2021,2021-12-31,2021-12-31,1271395000000.0,16748585000000.0,1953724000000.0,2119.51,14521428000000.0,0.8670241695,30911277000000.0,11579346000000.0,6352665000000.0,6960435000000.0,18576139000000.0,204637000000.0,22437341000000.0,28522407078532.86,19312.736760756496,0.9126821815015872,0.3354164242389598,0.895400310172958,0.06156605032133363,19312.736760756496,0.10979851539111103,1.1360355563489608,14.965441958268562,1.6431833091897297,0.8089696750419815,10.88345216163255,0.05405584928916966,0.5418276637357945,0.5740741778351497,0.0411304586348859,11.043966983894535,0.8670241695044686,-0.06673095382772791,-0.5111662041734459,-0.3685541690091439,-0.5328167547236959,-0.0896082797877742,-0.15485537959201037,-0.1916572539771199,-0.7380245474498494,-0.360276563463362,-0.6678790841709803,Telecom Services,Communication Services,19.3502,7617109324,522352,SKM
2020,2020-12-31,2020-12-31,1504352000000.0,18624651000000.0,2416950000000.0,2271.06,15950747000000.0,0.8564319943,47906957000000.0,23743894000000.0,8775086000000.0,8177967000000.0,23510714000000.0,171443000000.0,22981913000000.0,39468706120272.04,36205.1875586673,1.0730155795444027,0.2537302045713319,0.5119397012132888,0.05175020021180849,36205.1875586673,0.06335742570279332,1.5400512535924586,19.066626108963888,1.2080123471016186,0.49332603007806686,15.596460631230205,0.025873797873769446,0.3887671471181106,0.7719527359305803,0.03140153527179779,13.440287296880202,0.8564319943498538,0.6874164115671529,-0.4086144512683092,-0.3511775517968868,-0.07056900035100071,0.07157064746036214,0.6904597896184658,0.5667103781638708,-0.6591133931860724,-0.3737337990156145,-0.2160104374377059,Telecom Services,Communication Services,19.3502,7617109324,522352,SKM
2019,2019-12-31,2019-12-31,889907000000.0,17743702000000.0,1542691000000.0,1345.88,14885390000000.0,0.838911181,44611620000000.0,22956829000000.0,8102294000000.0,7787722000000.0,21788084000000.0,162882000000.0,22235285000000.0,38307124220747.67,35360.268585890386,1.040393326829078,0.24605053571244442,0.4781458711044108,0.0330103013835742,35360.268585890386,0.03876436941704797,1.611909128137278,32.139577754470615,1.2458704649822359,0.8076102334288864,17.54836016257168,0.025128215423320176,0.3977372263100959,0.7188461529571806,0.01994787456720917,60.95887844929799,0.8389111809925572,-0.8328801403947284,-0.7046168281900789,-0.3819428986402617,-0.053893857177931034,0.06631633284473423,-0.7154925993170469,0.8500799303472683,-0.6840130017087861,-0.3822025951014736,-0.14462019358301834,Telecom Services,Communication Services,19.3502,7617109324,522352,SKM
2018,2018-12-31,2019-04-29,3127887000000.0,16873960000000.0,833851000000.0,8053.381586,13959638000000.0,0.8272887929093111,42369111000000.0,22470822000000.0,7958839000000.0,6847557000000.0,20019861000000.0,288053000000.0,22144541000000.0,27245375232060.062,58149.71548102966,1.1622888279717862,0.22780388288062028,0.4295280341769429,0.020448160496567672,58149.71548102966,0.13919771159239303,1.1319350189321336,6.106431029017372,0.8500012252359999,0.22574057183012047,10.117311744713646,0.036967677315508124,0.3982608934136003,0.8533113342466517,0.07382470215152732,18.419425833816376,0.8272887929093111,0.20458148813196364,0.8983097106260022,0.010975478466928847,0.6615197950296449,-0.03167033429882096,0.20311258932799042,-0.3190673966087743,1.086805981114359,-0.0023814477863780114,0.4927736005030024,Telecom Services,Communication Services,19.3502,7617109324,522352,SKM
2017,2017-12-31,2018-04-27,2599829000000.0,17520013000000.0,1224572000000.0,6685.626224,14416204000000.0,0.8228420835075865,33428669000000.0,17842139000000.0,6201799000000.0,7109123000000.0,15399474000000.0,272403000000.0,17835946000000.0,24864396909793.99,46180.70097813389,0.8723718804696444,0.22343109143831003,0.41861595182057487,0.03778049467384869,46180.70097813389,0.14571285427156463,1.0760909772038405,7.251679979642503,1.056662988097671,0.27159132389091745,11.394180680829507,0.037452193788660056,0.524101423242427,0.7973660042173979,0.07777243539071209,18.96271343071006,0.8228420835075865,0.5568796017584479,1.2281389499781477,0.06089596229502309,0.4855670857346748,0.03678126547805289,0.5512411640563328,-0.060491722532602744,0.45009300306333044,0.025483640146373943,0.23561971168611887,Telecom Services,Communication Services,19.3502,7617109324,522352,SKM
2016,2016-12-31,2017-04-27,1675967000000.0,17091816000000.0,1303418000000.0,4294.247427,13904769000000.0,0.8135337403585435,31297663000000.0,15971399000000.0,5996628000000.0,6444099000000.0,15181233000000.0,259846000000.0,15953164000000.0,21894465352092.38,41338.6758965092,0.9305611226643166,0.23547211815783178,0.4614327774292033,0.04422586582676619,41338.6758965092,0.10493551629384501,0.9378746150843409,9.56461574248919,1.003667891090341,0.4213036414201473,12.265137812396574,0.04404815130717453,0.5461051836362351,0.853916583218228,0.053549269796917424,14.346735287724782,0.8135337403585435,0.11954450167254227,0.02565559470380352,0.055181304964315676,0.3518077259486006,0.005155619542169129,0.10362345944038077,-0.12839627530635103,0.017340760330830384,0.024228327431147417,0.18117565553303847,Telecom Services,Communication Services,19.3502,7617109324,522352,SKM
2015,2015-12-31,2016-04-29,1518604000000.0,17136734000000.0,1495425000000.0,3835.709452,13833449000000.0,0.8072395241707083,28581387000000.0,15251079000000.0,5160242000000.0,5256493000000.0,13207291000000.0,273556000000.0,15007627000000.0,22008117659567.094,38954.14245096218,0.9816891223863515,0.2632417034204813,0.4933298817742666,0.04890257954363251,38954.14245096218,0.0995735449275425,0.8900894802689411,10.04424238285102,1.0001408201719426,0.4402029758910157,12.07535203029727,0.04382639915605717,0.5995767105354264,0.8798213942261504,0.05313262089065167,13.021331394547472,0.8072395241707083,-0.16561978216653075,0.10675255388979123,0.11628271029338448,0.35394998890913376,-0.01802368152147795,-0.15688288442341622,-0.06990868414865788,0.2843444142268001,0.02401402076363924,0.25309903601440925,Telecom Services,Communication Services,19.3502,7617109324,522352,SKM
2014,2014-12-31,2015-04-30,1801178000000.0,17163798000000.0,1607826000000.0,4597.076213,14087355000000.0,0.8207597758957546,27941233000000.0,14506739000000.0,5083148000000.0,5420310000000.0,12692963000000.0,267667000000.0,14188591000000.0,24963042680834.164,37374.525949505936,0.9377965466919789,0.2419371399966494,0.46599184006826067,0.06034581093640026,37374.525949505936,0.12416146730150725,1.1091629999860266,10.569443820007887,1.3123176532530272,0.370203278076903,11.493546085247715,0.03502580498853787,0.614282054052518,0.8458643509319578,0.06446308221258525,35.340138113865,0.8207597758957546,0.083710309635325,0.48199822453397345,0.21006359207389647,0.3345366019922654,0.020149158023400924,0.09897349789257116,0.018640993459845174,0.09719802473919834,0.054737936786467295,0.22217685585026092,Telecom Services,Communication Services,19.3502,7617109324,522352,SKM
2013,2013-12-31,2014-04-30,1638964000000.0,16602054000000.0,1578403000000.0,4241.97885,13809113000000.0,0.831771357929567,26576515000000.0,13452372000000.0,5123415000000.0,6069220000000.0,12409958000000.0,177120000000.0,13102495000000.0,21324316348855.016,34997.90712995517,0.8441636651826758,0.23840153609305056,0.4709862320191562,0.06219431623809787,34997.90712995517,0.12183457311468937,0.9870509606133685,9.998433979547457,1.218154935713569,0.4002198950068458,15.768637082204155,0.04002825800775656,0.6246889029656447,0.7902984238501818,0.06166963576676626,37.56082283861781,0.831771357929567,0.43801499285228934,0.3966725477495187,0.2267094621377138,0.3087888753735284,0.024616793932098195,0.4230762217755415,-0.10635509182433094,0.21664965213141274,0.10153447341048764,0.2164409993134187,Telecom Services,Communication Services,19.3502,7617109324,522352,SKM
2012,2012-12-31,2013-04-30,1151705000000.0,16300479000000.0,1766253000000.0,2949.884995,13477344000000.0,0.8268066232900273,25595559000000.0,11854777000000.0,5294421000000.0,6174895000000.0,12740777000000.0,242146000000.0,12124657000000.0,16517309938124.91,31086.244048881585,0.8574106928134001,0.2681560891090521,0.5789737757192733,0.07626709583168498,31086.244048881585,0.09715113156493792,0.6486821606975421,9.181022864470425,0.8919467602068695,0.5688375061322126,11.658813277939755,0.06195796639757351,0.6368479391288153,0.666666396756544,0.04499628236288959,23.033354546241522,0.8268066232900273,-0.33606495405271525,-0.27211554348897904,0.41342062769167826,0.08042565789941632,-0.10324424735587899,-0.2859366019608293,-0.17134046272551465,-0.03550213689766972,0.1696721085865119,0.1100001792061559,Telecom Services,Communication Services,19.3502,7617109324,522352,SKM
2011,2011-12-31,2012-04-30,1612889000000.0,15988278000000.0,2131458000000.0,4443.032512,15029002000000.0,0.9400012934476121,24366036000000.0,11661881000000.0,6117479000000.0,6673590000000.0,11633327000000.0,219590000000.0,11642525000000.0,15034415589275.639,30580.292672540185,0.9166698883209786,0.27931711994515646,0.5835980490625826,0.083549395660481,30580.292672540185,0.1383043610203191,0.6179126100556694,6.125256350111904,0.847149665587879,0.41434531452567414,4.368486725260714,0.06764538344882566,0.6561706631312537,0.8327784595697368,0.06619414828082829,3.7124856176093117,0.9400012934476121,0.25886045536157715,0.22528804050876042,0.5986518346265922,0.380811553725338,0.01542103347537785,0.16908799786606823,0.09738696794475424,0.3853499352002552,0.19072483064108428,0.1435868638336627,Telecom Services,Communication Services,19.3502,7617109324,522352,SKM
2010,2010-12-31,2011-06-30,1379613000000.0,15435373000000.0,1942303000000.0,3529.408278,14800759000000.0,0.9588857360298323,22651704000000.0,11325600000000.0,6972989000000.0,5915301000000.0,10173055000000.0,149643000000.0,10603399000000.0,18831861298527.11,28770.739517747777,1.178805440331777,0.2645667628360321,0.5291452991452992,0.0847658559244606,28770.739517747777,0.12181367874549692,0.8822256707710989,9.870508830032124,1.2023629916761238,0.492923015367353,4.24085323068904,0.04993896706394505,0.681422157026244,1.0714592545670965,0.0609054841966856,7.782779330858487,0.9588857360298323,0.08443970478839159,-0.23757885477434335,0.4901124437781297,0.4263730663352905,0.04414871781232714,0.10618418161904197,0.03394064765052083,-0.15531766099224073,0.29659138016427977,-5.143359113092489e-05,Telecom Services,Communication Services,19.3502,7617109324,522352,SKM
2009,2009-12-31,2010-06-30,1247182000000.0,14555465000000.0,1878544000000.0,3254.59153,14174953000000.0,0.9738577915580162,23206256000000.0,11154759000000.0,6370631000000.0,4894936000000.0,10861631000000.0,119890000000.0,9909753000000.0,18185486366437.67,28005.62074783959,1.3014738088506161,0.2955066082180598,0.6147691760978431,0.07747176207608879,28005.62074783959,0.11180716678863255,0.8437888701211311,9.847591904339279,1.1010313505148492,0.5464703627858645,3.173842689131704,0.05549279134374626,0.627221599210144,1.1940638243278359,0.053743352654560046,18.89198998687542,0.9738577915580162,0.010858256987865057,-0.12460603259226453,0.4416272211521049,0.6432138570989926,0.028080582057276208,0.025880158161548844,0.0719419698391069,-0.092857470726372,0.3934463847508122,0.26455574222124484,Telecom Services,Communication Services,19.3502,7617109324,522352,SKM
2008,2008-12-31,2009-06-30,1215719000000.0,14020984000000.0,1752468000000.0,3219.631939,13787784000000.0,0.9833677864549307,22473671000000.0,10648481000000.0,5422447000000.0,4628821000000.0,10649231000000.0,34974000000.0,9448185000000.0,20750675851621.65,26740.68200645942,1.171453162695209,0.3091024603857554,0.6523622477234077,0.07535598733864497,26740.68200645942,0.11416830250248838,1.0566554281512375,12.186491164176632,1.3913110096756196,0.5613994681336724,6.667810373420255,0.0460673593875783,0.6238849006911243,1.1056569264614033,0.05409525662273867,16.268678728472263,0.9833677864549307,-0.212883840931741,-0.39194652407328495,0.34265526580133315,0.7639101229488909,0.17712404285781846,-0.2631153026184976,-0.03255335688042573,-0.33585046644534927,0.338059480864498,0.3257284737474933,Telecom Services,Communication Services,19.3502,7617109324,522352,SKM
TTM,,,,,,,,,,,,,,,,19333748774710.562,29301.823496667348,0.9734175285598579,0.36624562663416427,0.9706641495129595,0.06785147722544886,29301.823496667348,0.0867872433771596,0.5657851322408975,9.91766867489009,0.8534954314650215,0.9116293703543478,11.222788554752697,0.0,0.5697500626479775,0.6187580019386523,0.03247095509440779,5.416953081724044,0.8709262624948333,,,,,,,,,,,Telecom Services,Communication Services,19.3502,7617109324,522352,SKM
