Quarters,Year,Quarter,FillingDate,Date,NetIncome,Revenue,OperatingIncome,EPSDiluted,GrossProfit,GrossProfitRatio,TotalAssets,CommonStockEquity,CurrentAssets,CurrentLiability,TotalLiability,Inventory,RetainedEarnings,MarketCap,EnterpriseValue,bookValuePerShare,currentRatio,debtToAssets,debtToEquity,roic,shareholdersEquityPerShare,roe,priceToSalesRatio,peRatio,pbRatio,payoutRatio,inventoryTurnover,dividendYield,assetTurnover,quickRatio,returnOnAssets,priceToFreeCashFlowsRatio,grossProfitMargin,epsdilutedGrowth,fiveYNetIncomeGrowthPerShare,fiveYRevenueGrowthPerShare,fiveYShareholdersEquityGrowthPerShare,grossProfitGrowth,netIncomeGrowth,operatingIncomeGrowth,threeYNetIncomeGrowthPerShare,threeYRevenueGrowthPerShare,threeYShareholdersEquityGrowthPerShare,Industry,Sector,Symbol
2023Q1,2023,Q1,2023-05-09,2023-03-31,-133000000.0,1431000000.0,-16000000.0,-0.75,115000000.0,0.0803633823,7035000000.0,1406000000.0,2069000000.0,916000000.0,5625000000.0,983000000.0,851000000.0,1427200000.0,5291200000.0,7.881165919282512,2.2587336244541483,0.609950248756219,3.0519203413940255,-0.0023466309084813944,7.881165919282512,-0.0945945945945946,0.9973445143256464,-2.6827067669172933,1.0150782361308677,-0.13533834586466165,1.338758901322482,0.012612107623318386,0.20341151385927506,1.0665938864628821,-0.01890547263681592,57.088,0.0803633822501747,-6.0,-4.452360192217863,-0.4370496660237251,-0.19852742084266473,-0.4888888888888889,-6.115384615384615,-1.2025316455696202,-1.3906168495917273,-0.16690012705641205,-0.24572427937537591,Packaging & Containers,Consumer Cyclical,PTVE
2022Q4,2022,Q4,2023-03-07,2022-12-31,26000000.0,1476000000.0,79000000.0,0.15,225000000.0,0.1524390244,7306000000.0,1548000000.0,2219000000.0,914000000.0,5753000000.0,1062000000.0,1003000000.0,2024352000.0,5903352000.0,8.686868686868687,2.427789934354486,0.6036134683821517,2.8488372093023258,0.02139160783055199,8.686868686868687,0.016795865633074936,1.3715121951219513,19.464923076923075,1.307720930232558,0.6538461538461539,1.1779661016949152,0.008397749008077647,0.2020257322748426,1.1214442013129102,0.0035587188612099642,24.09942857142857,0.1524390243902439,-0.846938775510204,-0.7386764425433473,-0.45993927964638964,-0.07139911551569295,-0.03017241379310345,-0.8522727272727273,-0.3923076923076923,1.3325936185811944,-0.4121134414913388,-0.22757717714121975,Packaging & Containers,Consumer Cyclical,PTVE
2022Q3,2022,Q3,2022-11-08,2022-09-30,176000000.0,1609000000.0,130000000.0,0.98,232000000.0,0.1441889372,7425000000.0,1462000000.0,2368000000.0,982000000.0,5958000000.0,1123000000.0,996000000.0,1553067000.0,5513067000.0,8.218100056211355,2.4114052953156824,0.6086195286195286,3.0909712722298224,0.014291834870569373,8.218100056211355,0.12038303693570451,0.9652374145431946,2.2060610795454547,1.0622893296853624,0.10227272727272728,1.226179875333927,0.011589970039927447,0.2167003367003367,1.1486761710794298,0.023703703703703703,77.65335,0.14418893722809198,1.4499999999999997,0.305641867231316,-0.4096245591004176,-0.007238790763387235,-0.24675324675324675,1.4109589041095891,-0.23976608187134502,3.3412592085441255,-0.3407310794937804,-0.17572455027382952,Packaging & Containers,Consumer Cyclical,PTVE
2022Q2,2022,Q2,2022-08-04,2022-06-30,73000000.0,1640000000.0,171000000.0,0.4,308000000.0,0.187804878,7285000000.0,1264000000.0,2194000000.0,997000000.0,6016000000.0,1103000000.0,838000000.0,1769892000.0000002,6042892000.0,7.113111986494091,2.2006018054162486,0.6203157172271792,3.5751582278481013,0.01753275094044213,7.113111986494091,0.05775316455696203,1.0792024390243904,6.0612739726027405,1.400231012658228,0.2465753424657534,1.2076155938349955,0.010170112074635062,0.22512010981468772,0.8254764292878636,0.010020590253946466,-98.32733333333334,0.1878048780487805,0.6666666666666669,-0.5629909033270237,-0.39824410450188596,-0.009889767828143365,0.3275862068965517,0.6976744186046512,0.4491525423728814,-0.051230250644196264,-0.3882451394709505,-0.3301883032356699,Packaging & Containers,Consumer Cyclical,PTVE
2022Q1,2022,Q1,2022-05-05,2022-03-31,43000000.0,1495000000.0,118000000.0,0.24,232000000.0,0.1551839465,7162000000.0,1213000000.0,2041000000.0,941000000.0,5945000000.0,968000000.0,783000000.0,1786656000.0,6030656000.0,6.829954954954955,2.1689691817215726,0.6320860094945546,3.7320692497938994,0.010661993376704154,6.829954954954955,0.03544929925803792,1.1950876254180602,10.387534883720932,1.4729233305853258,0.4186046511627907,1.3047520661157024,0.010074687013056794,0.20874057525830775,0.8777895855472901,0.006003909522479754,25.523657142857143,0.1551839464882943,-0.4545454545454546,0.0365270172764227,-0.3971713157044743,0.11208521702999388,0.0892018779342723,-0.44871794871794873,3.95,-0.3750351807598039,-0.40205054422973147,-0.3343543231769387,Packaging & Containers,Consumer Cyclical,PTVE
2021Q4,2021,Q4,2022-02-24,2021-12-31,78000000.0,1527000000.0,-40000000.0,0.44,213000000.0,0.1394891945,7021000000.0,1288000000.0,1862000000.0,819000000.0,5733000000.0,854000000.0,902000000.0,2250700000.0,6914700000.0,7.256338028169014,2.2735042735042734,0.6923515168779376,3.7740683229813663,-0.009060706735125339,7.256338028169014,0.06055900621118013,1.4739358218729535,7.213782051282051,1.7474378881987578,0.23076923076923078,1.5386416861826697,0.007997511885191275,0.21749038598490245,0.8192918192918193,0.011109528557185586,-187.55833333333334,0.13948919449901767,0.0,1.2878063955013666,-0.4280267187772087,0.34353244110061204,1.0679611650485437,0.0,-7.666666666666667,1.325451957782136,-0.44627449122546053,-0.21232606421559663,Packaging & Containers,Consumer Cyclical,PTVE
2021Q3,2021,Q3,2021-11-04,2021-09-30,0.0,1394000000.0,6000000.0,0.0,103000000.0,0.07388809182209469,7007000000.0,1210000000.0,2068000000.0,849000000.0,5793000000.0,801000000.0,745000000.0,2222300000.0,6113300000.0,6.816901408450704,2.435806831566549,0.6447837876409305,3.733884297520661,-0.00018184848989983185,6.816901408450704,0.0,1.5941893830703013,0.0,1.836611570247934,0.0,1.6117353308364544,0.008099716509922153,0.1989439132296275,1.3510011778563016,0.0,0.0,0.07388809182209469,-1.0,-1.0,-0.49039211854520837,0.0,-0.31333333333333335,-1.0,-0.8,-1.0,-0.48812130733931997,-0.44527740372322017,Packaging & Containers,Consumer Cyclical,PTVE
2021Q2,2021,Q2,2021-08-05,2021-06-30,7000000.0,1352000000.0,30000000.0,0.04,150000000.0,0.11094674556213018,6781000000.0,1021000000.0,1794000000.0,823000000.0,5756000000.0,812000000.0,763000000.0,2673418000.0,6541418000.0,5.755355129650507,2.1798298906439855,0.6220321486506415,4.131243878550441,0.0033432702755411925,5.755355129650507,0.0068560235063663075,1.977380177514793,95.47921428571428,2.618430950048972,2.4285714285714284,1.480295566502463,0.0063589008527660095,0.1993806223270904,1.0437424058323208,0.0010322961215160006,63.65280952380952,0.11094674556213018,1.4444444444444446,1.1306795240475633,-0.5154979057716047,0.0,0.3888888888888889,1.4666666666666666,4.0,-0.8740724586450753,-0.5116063226854327,-0.45687702881829534,Packaging & Containers,Consumer Cyclical,PTVE
2021Q1,2021,Q1,2021-05-06,2021-03-31,-15000000.0,1164000000.0,-10000000.0,-0.09,108000000.0,0.09278350515463918,6751000000.0,1022000000.0,1768000000.0,777000000.0,5725000000.0,816000000.0,773000000.0,2434728000.0,6316728000.0,5.767494356659142,2.2754182754182755,0.6236113168419494,4.119373776908024,-0.0006866588429174261,5.767494356659142,-0.014677103718199608,2.0916907216494844,-40.5788,2.382317025440313,-1.2,1.2941176470588236,0.007393022957800625,0.17241890090356984,1.0321750321750323,-0.0022218930528810545,-47.73976470588235,0.09278350515463918,-1.9,-1.0663313005129393,-0.5460640952613711,0.0,-0.425531914893617,-1.0635593220338984,-1.123456790123457,0.3809078618792325,-0.538985526574923,-0.4134765560515185,Packaging & Containers,Consumer Cyclical,PTVE
2020Q4,2020,Q4,2021-02-25,2020-12-31,236000000.0,1175000000.0,81000000.0,0.1,188000000.0,0.16,6842000000.0,1071000000.0,1873000000.0,739000000.0,5769000000.0,784000000.0,806000000.0,3207152000.0,7003152000.0,6.0576923076923075,2.534506089309878,0.6217480268927215,3.9719887955182074,0.26040364350776923,6.0576923076923075,0.2203548085901027,2.729491063829787,3.3974067796610172,2.9945396825396826,0.0,1.2589285714285714,0.0,0.1717334112832505,1.2016238159675237,0.03449283835135925,-32.72604081632653,0.16,1.0386100386100388,1.87424657062538,-0.5581339158161079,0.12159964185735139,0.021739130434782608,1.6573816155988859,3.6129032258064515,1.3907967441592022,-0.566669219076718,-0.3524503894757801,Packaging & Containers,Consumer Cyclical,PTVE
2020Q3,2020,Q3,2020-11-12,2020-09-30,-359000000.0,1195000000.0,-31000000.0,-2.59,184000000.0,0.15397489539748954,8217000000.0,748000000.0,3177000000.0,741000000.0,7467000000.0,744000000.0,554000000.0,1760347495.3,5455347495.3,5.396434525207803,4.287449392712551,0.6633807959109164,7.287433155080214,-0.006802710649242233,5.396434525207803,-0.4799465240641711,1.4730941383263598,-1.2258687293175488,2.353405742379679,0.0,1.3588709677419355,0.0,0.14543020567116952,3.020242914979757,-0.04368991115979068,-42.935304763414635,0.15397489539748954,-1.1046746530537284,-2.775819361293024,-0.440571047109951,0.0,-0.20689655172413793,-0.6620370370370371,-1.3734939759036144,-4.418118469857251,-0.43724235122068333,-0.34810104182628826,Packaging & Containers,Consumer Cyclical,PTVE
2020Q2,2020,Q2,2020-06-30,2020-06-30,-216000000.0,1569000000.0,83000000.0,-1.230594,232000000.0,0.1478648820905035,12251000000.0,1638000000.0,3435000000.0,1403000000.0,10610000000.0,903000000.0,1375000000.0,1918488282.79,8143488282.79,9.33200382853718,2.4483250178189593,0.6394580034282916,4.7826617826617825,0.020792188801696466,9.33200382853718,-0.13186813186813187,1.2227458781325684,-2.220472549525463,1.1712382678815627,0.0,1.4806201550387597,0.0,0.1280711778630316,1.7483962936564506,-0.017631213778467065,15.987402356583333,0.1478648820905035,-1.6449549299775528,-3.075471698113207,-0.43172763491488597,0.0,-0.12781954887218044,-1.644776119402985,0.509090909090909,-2.3090909090909086,-0.4171619613670134,0.2989690721649485,Packaging & Containers,Consumer Cyclical,PTVE
2020Q1,2020,Q1,2020-03-31,2020-03-31,335000000.0,1690000000.0,55000000.0,1.908031,266000000.0,0.15739644970414202,12221000000.0,1834000000.0,3395000000.0,1401000000.0,10385000000.0,912000000.0,1630000000.0,1918488282.79,7846488282.79,10.448653859302313,2.4232690935046395,0.6083790197201538,4.053980370774264,-0.14839428548688766,10.448653859302313,0.1826608505997819,1.135200167331361,1.4317076737238805,1.0460677659705562,0.0,1.5614035087719298,0.0,0.1382865559283201,1.7130620985010707,0.02741183209230014,-13.902089005724637,0.15739644970414202,5.349443467520689,0.4955357142857143,-0.3346456692913386,0.0,-0.4990583804143126,5.35064935064935,-0.7876447876447876,7.170731707317073,-0.31048551611587105,0.7012987012987014,Packaging & Containers,Consumer Cyclical,PTVE
2019Q4,2019,Q4,2019-12-31,2019-12-31,-77000000.0,2473000000.0,259000000.0,-0.4386839406577307,531000000.0,0.21471896482005662,16257000000.0,1974000000.0,3715000000.0,4907000000.0,14280000000.0,1312000000.0,1547000000.0,1918488282.79,11267488282.79,11.24626102413455,0.7570817199918484,0.654487297779418,5.390070921985815,-0.0013517568925248897,11.24626102413455,-0.03900709219858156,0.7757736687383744,-6.228858061006493,0.971878562710233,0.0,1.4801829268292683,0.0,0.1521190871624531,0.4672916242103118,-0.00473642123393,10.426566754293479,0.21471896482005662,-2.9255303002643727,0.7126865671641791,-0.06325757575757582,1.0822784810126582,0.09710743801652892,-2.925,1.0077519379844961,0.7126865671641791,-0.06325757575757582,1.0822784810126582,Packaging & Containers,Consumer Cyclical,PTVE
2019Q3,2019,Q3,2019-09-30,2019-09-30,40000000.0,2408000000.0,129000000.0,0.227825,484000000.0,0.2009966777408638,16729000000.0,1750000000.0,4252000000.0,2001000000.0,14974000000.0,1413000000.0,1870000000.0,1918488282.79,12054488282.79,9.97008956040297,2.124937531234383,0.6566441508757248,6.277142857142858,0.01091687962468533,9.97008956040297,0.022857142857142857,0.7967144031519934,11.9905517674375,1.0962790187371427,0.0,1.3616418966737438,0.0,0.1439416581983382,0.9600199900049975,0.00239105744515512,11.55715833006024,0.2009966777408638,-0.4736836025846276,-0.84375,-0.10979667282809602,0.0,-0.14788732394366197,-0.47368421052631576,-0.5019305019305019,-0.84375,-0.10979667282809602,0.0,Packaging & Containers,Consumer Cyclical,PTVE
2019Q2,2019,Q2,2019-06-30,2019-06-30,76000000.0,2648000000.0,259000000.0,0.432867,568000000.0,0.21450151057401812,16754000000.0,1864000000.0,3633000000.0,1970000000.0,14885000000.0,1517000000.0,1830000000.0,1918488282.79,12192488282.79,10.619569680337792,1.8441624365482234,0.6566790020293661,5.902360515021459,0.013675793920193106,10.619569680337792,0.0407725321888412,0.724504638515861,6.310816719703947,1.0292319113680257,0.0,1.3711272247857613,0.0,0.15805180852333772,1.0137055837563451,0.004536230153993077,19.1848828279,0.21450151057401812,0.11764721070379193,2.433962264150943,-0.04092720028975017,0.0,0.24835164835164836,0.11764705882352941,0.295,2.433962264150943,-0.04092720028975017,0.0,Packaging & Containers,Consumer Cyclical,PTVE
2019Q1,2019,Q1,2019-03-31,2019-03-31,68000000.0,2471000000.0,200000000.0,0.387302,455000000.0,0.18413597733711048,16606000000.0,1801000000.0,3478000000.0,1946000000.0,14796000000.0,1507000000.0,1755000000.0,1918488282.79,12282488282.79,10.260646456163284,1.7872559095580678,0.6626520534746477,6.109938922820655,0.00973163583073823,10.260646456163284,0.03775680177679067,0.7764015713435856,7.053265745551471,1.0652350265352581,0.0,1.3377571333775713,0.0,0.14880163796218235,0.9527235354573484,0.004094905455859328,-16.39733575034188,0.18413597733711048,1.2868404418223882,-0.6964285714285715,-0.027165354330708723,0.0,-0.1636029411764706,1.2869198312236287,1.7777777777777777,-0.6964285714285715,-0.027165354330708723,0.0,Packaging & Containers,Consumer Cyclical,PTVE
2018Q4,2018,Q4,2018-12-31,2018-12-31,-237000000.0,2727000000.0,72000000.0,-1.350234986180288,544000000.0,0.19948661532819947,16178000000.0,1617000000.0,3428000000.0,1884000000.0,14552000000.0,1411000000.0,1687000000.0,1918488282.79,12170488282.79,9.212362753812345,1.8195329087048833,0.6820991469897392,6.824366110080396,0.004521982391093994,9.212362753812345,-0.14656771799628943,0.7035160552951961,-2.0237218172890294,1.1864491544774272,0.0,1.5471296952515947,0.0,0.1685622450241068,1.0180467091295118,-0.014649524044999382,7.9937011782916665,0.19948661532819947,-2.191284304058386,0.11567164179104472,0.03295454545454538,0.7056962025316456,-0.0072992700729927005,-2.190954773869347,-0.7631578947368421,0.11567164179104472,0.03295454545454538,0.7056962025316456,Packaging & Containers,Consumer Cyclical,PTVE
2018Q3,2018,Q3,2018-09-30,2018-09-30,199000000.0,2693000000.0,304000000.0,1.133428,548000000.0,0.20349053100631267,16587000000.0,2157000000.0,3382000000.0,1978000000.0,14421000000.0,1469000000.0,1925000000.0,1918488282.79,12427488282.79,12.288847532450974,1.7098078867542972,0.6660034967142944,5.121464997681966,0.016304775539818087,12.288847532450974,0.09225776541492814,0.7123981740772373,2.4101611592839194,0.8894243313815484,0.0,1.4601769911504425,0.0,0.16235606197624647,0.9069767441860465,0.011997347320190511,18.808708654803922,0.20349053100631267,2.61818176014097,-0.22265625000000003,-0.004436229205175556,0.0,-0.014388489208633094,2.618181818181818,0.06666666666666667,-0.22265625000000003,-0.004436229205175556,0.0,Packaging & Containers,Consumer Cyclical,PTVE
2018Q2,2018,Q2,2018-06-30,2018-06-30,55000000.0,2739000000.0,285000000.0,0.313259,556000000.0,0.20299379335523915,16350000000.0,1860000000.0,3255000000.0,1956000000.0,14480000000.0,1426000000.0,1726000000.0,1918488282.79,12533488282.79,10.596780904199727,1.6641104294478528,0.6760244648318042,5.94247311827957,0.016051477369528947,10.596780904199727,0.02956989247311828,0.7004338381854691,8.720401285409089,1.031445313327957,0.0,1.5308555399719495,0.0,0.1675229357798165,0.876278118609407,0.003363914373088685,37.617417309607845,0.20299379335523915,3.2910270380961437,2.0377358490566038,-0.007968127490039854,0.0,0.24663677130044842,3.2916666666666665,0.47668393782383417,2.0377358490566038,-0.007968127490039854,0.0,Packaging & Containers,Consumer Cyclical,PTVE
2018Q1,2018,Q1,2018-03-31,2018-03-31,-24000000.0,2501000000.0,193000000.0,-0.136733,446000000.0,0.17832866853258697,16391000000.0,1726000000.0,3116000000.0,1932000000.0,14655000000.0,1422000000.0,1682000000.0,1918488282.79,12604488282.79,9.833356903574586,1.6128364389233953,0.6757366847660301,6.417149478563152,0.013916094840950334,9.833356903574586,-0.013904982618771726,0.7670884777249101,-19.984252945729164,1.111522759438007,0.0,1.4451476793248945,0.0,0.1525837349765115,0.8255693581780539,-0.0014642181685071076,-68.51743867107143,0.17832866853258697,-1.2448985738285612,-1.1071428571428572,-0.015354330708661415,0.0,-0.2652388797364086,-1.2448979591836735,-0.3774193548387097,-1.1071428571428572,-0.015354330708661415,0.0,Packaging & Containers,Consumer Cyclical,PTVE
2017Q4,2017,Q4,2017-12-31,2017-12-31,98000000.0,2692000000.0,310000000.0,0.5583250153825663,607000000.0,0.22548291233283804,16682000000.0,1642000000.0,3332000000.0,1918000000.0,15030000000.0,1370000000.0,1706000000.0,1918488282.79,12690488282.79,9.354792604675245,1.7372262773722629,0.6827119050473565,6.93605359317905,0.0713682756503722,9.354792604675245,0.05968331303288672,0.7126628093573552,4.894102762219388,1.168385068690621,0.0,1.5218978102189782,0.0,0.1613715381848699,0.9212721584984359,0.005874595372257523,7.21236196537594,0.22548291233283804,-0.2629538143928568,1.3656716417910448,0.019696969696969654,0.7320675105485233,0.008305647840531562,-0.2631578947368421,-0.09090909090909091,1.3656716417910448,0.019696969696969654,0.7320675105485233,Packaging & Containers,Consumer Cyclical,PTVE
2017Q3,2017,Q3,2017-09-30,2017-09-30,133000000.0,2689000000.0,341000000.0,0.757517,602000000.0,0.2238750464856824,16808000000.0,1453000000.0,3175000000.0,1957000000.0,15345000000.0,1415000000.0,1608000000.0,1918488282.79,12967488282.79,8.278022932151723,1.6223811957077159,0.6837220371251785,7.90915347556779,0.01861884452749146,8.278022932151723,0.09153475567790778,0.7134578961658609,3.60618098268797,1.3203635807226428,0.0,1.4749116607773851,0.0,0.15998334126606378,0.8645886561062851,0.007912898619704902,12.457716122012986,0.2238750464856824,-0.1939396261027882,-0.48046875,-0.005914972273567447,0.0,0.02555366269165247,-0.19393939393939394,0.065625,-0.48046875,-0.005914972273567447,0.0,Packaging & Containers,Consumer Cyclical,PTVE
2017Q2,2017,Q2,2017-06-30,2017-06-30,165000000.0,2692000000.0,320000000.0,0.939777,587000000.0,0.21805349182763745,16703000000.0,1261000000.0,2987000000.0,1991000000.0,15433000000.0,1376000000.0,1475000000.0,1918488282.79,13114488282.79,7.184161677524655,1.5002511300853842,0.6899359396515596,9.13877874702617,0.014963187158864839,7.184161677524655,0.1308485329103886,0.7126628093573552,2.9068004284696967,1.521402286114195,0.0,1.529796511627907,0.0,0.16116865233790337,0.7774987443495731,0.009878464946416811,14.644948723587786,0.21805349182763745,3.0243961973278517,4.113207547169812,-0.024990945309670467,0.0,0.11596958174904944,3.024390243902439,0.2749003984063745,4.113207547169812,-0.024990945309670467,0.0,Packaging & Containers,Consumer Cyclical,PTVE
2017Q1,2017,Q1,2017-03-31,2017-03-31,41000000.0,2451000000.0,251000000.0,0.23352,526000000.0,0.2146062831497348,16657000000.0,1078000000.0,3054000000.0,2249000000.0,15570000000.0,1369000000.0,1310000000.0,1918488282.79,13238488282.79,6.141575169208229,1.3579368608270341,0.7091913309719637,10.958256029684602,0.03801470941335963,6.141575169208229,0.038033395176252316,0.7827369574826601,11.698099285304878,1.779673731716141,0.0,1.406135865595325,0.0,0.1471453442996938,0.7207647843485994,0.002461427628024254,-15.855275064380164,0.2146062831497348,1.1529425324647762,-0.8169642857142858,-0.03503937007874022,0.0,-0.12040133779264214,1.1529850746268657,0.2613065326633166,-0.8169642857142858,-0.03503937007874022,0.0,Packaging & Containers,Consumer Cyclical,PTVE
2016Q4,2016,Q4,2016-12-31,2016-12-31,-268000000.0,2640000000.0,199000000.0,-1.5268480012502834,598000000.0,0.2265151515151515,16954000000.0,948000000.0,3332000000.0,2313000000.0,15997000000.0,1245000000.0,1272000000.0,1918488282.79,13057488282.79,5.400939944721152,1.4405533938607868,0.7119853721835555,12.733122362869198,0.010767306091946365,5.400939944721152,-0.28270042194092826,0.7267001071174243,-1.7896345921548507,2.0237218172890294,0.0,1.640160642570281,0.0,0.1557154653769022,0.8664072632944229,-0.015807479060988557,13.902089005724637,0.2265151515151515,-2.0471648301738887,0.0,0.0,0.0,-0.026058631921824105,-2.046875,-0.36421725239616615,0.0,0.0,0.0,Packaging & Containers,Consumer Cyclical,PTVE
2016Q3,2016,Q3,2016-09-30,2016-09-30,256000000.0,2705000000.0,313000000.0,1.458078,614000000.0,0.22698706099815158,,,,,,,,1918488282.79,,,0.0,0.0,0.0,0.0,,0.0,0.709237812491682,1.8735237136621092,0.0,0.0,0.0,0.0,0.0,0.0,0.0,5.99527588371875,0.22698706099815158,5.828856337617693,0.0,0.0,0.0,-0.040625,5.830188679245283,-0.1586021505376344,0.0,0.0,0.0,Packaging & Containers,Consumer Cyclical,PTVE
2016Q2,2016,Q2,2016-06-30,2016-06-30,-53000000.0,2761000000.0,372000000.0,-0.301951,640000000.0,0.23180007243752263,,,,,,,,1918488282.79,,,0.0,0.0,0.0,0.0,,0.0,0.6948526920644694,-9.0494730320283,0.0,0.0,0.0,0.0,0.0,0.0,0.0,45.678292447380954,0.23180007243752263,-1.2366724720924145,0.0,0.0,0.0,0.19626168224299065,-1.2366071428571428,0.42528735632183906,0.0,0.0,0.0,Packaging & Containers,Consumer Cyclical,PTVE
2016Q1,2016,Q1,2016-03-31,2016-03-31,224000000.0,2540000000.0,261000000.0,1.275818,535000000.0,0.2106299212598425,,,,,,,,1918488282.79,,,0.0,0.0,0.0,0.0,,0.0,0.7553103475551181,2.1411699584709822,0.0,0.0,0.0,0.0,0.0,0.0,0.0,36.89400543826923,0.2106299212598425,0.0,0.0,0.0,0.0,0.0,0.0,0.0,0.0,0.0,0.0,Packaging & Containers,Consumer Cyclical,PTVE
