Quarters,Year,Quarter,FillingDate,Date,NetIncome,Revenue,OperatingIncome,EPSDiluted,GrossProfit,GrossProfitRatio,TotalAssets,CommonStockEquity,CurrentAssets,CurrentLiability,TotalLiability,Inventory,RetainedEarnings,MarketCap,EnterpriseValue,bookValuePerShare,currentRatio,debtToAssets,debtToEquity,roic,shareholdersEquityPerShare,roe,priceToSalesRatio,peRatio,pbRatio,payoutRatio,inventoryTurnover,dividendYield,assetTurnover,quickRatio,returnOnAssets,priceToFreeCashFlowsRatio,grossProfitMargin,epsdilutedGrowth,fiveYNetIncomeGrowthPerShare,fiveYRevenueGrowthPerShare,fiveYShareholdersEquityGrowthPerShare,grossProfitGrowth,netIncomeGrowth,operatingIncomeGrowth,threeYNetIncomeGrowthPerShare,threeYRevenueGrowthPerShare,threeYShareholdersEquityGrowthPerShare,Industry,Sector,Symbol
2023Q1,2023,Q1,2023-05-15,2023-03-31,-55000.0,25705000.0,730000.0,-0.0035,7593000.0,0.2953900019,69501000.0,41813000.0,36655000.0,24206000.0,27688000.0,10043000.0,-132786000.0,134384076.0,141891076.0,2.6948311420469193,1.5142939766999917,0.18937857009251666,0.3147824839164853,-0.0015449316334083091,2.6948311420469193,-0.0013153803840910722,5.227935265512547,-610.836709090909,3.213930500083706,-8.709090909090909,1.8034451857014837,0.003564410414221995,0.3698507935137624,1.0010741138560688,-0.0007913555200644595,26.898333867093676,0.29539000194514686,-1.0380434782608696,-1.0043899030675498,-0.6691850604282389,-0.5569746740387125,-0.1851255634256278,-1.0288108957569408,-0.6587190275829827,0.9938960575701458,-0.7080707476108087,-0.6379886308269203,Diagnostics & Research,Healthcare,STRRP
2022Q4,2022,Q4,2023-03-15,2022-12-31,1909000.0,32140000.0,2139000.0,0.092,9318000.0,0.2899191039,73302000.0,41755000.0,39267000.0,27545000.0,31547000.0,10627000.0,-133221000.0,143527410.0,155895410.0,2.6968287799522055,1.425558177527682,0.23236746609915146,0.4079271943479823,0.03484624462608163,2.6968287799522055,0.045719075559813194,4.465694150591164,18.796151126244105,3.4373706142976888,0.25091671031953905,2.147548696715912,0.0033373416269408054,0.4384600693023383,0.9406788890905791,0.0260429456222204,-33.1166151361329,0.2899191039203485,1.7666666666666666,1.0285203474460893,-0.6585946495294747,-0.5066954082500462,0.6068287635799275,2.0132696390658174,2.4346076458752517,3.439543960729114,-0.7079417125270404,-0.6630372178279242,Diagnostics & Research,Healthcare,STRRP
2022Q3,2022,Q3,2022-11-14,2022-09-30,-1884000.0,24244000.0,-1491000.0,-0.12,5799000.0,0.2391932024,76975000.0,40209000.0,42417000.0,32234000.0,36766000.0,13065000.0,-135130000.0,150788636.6,159962636.6,2.6052222366204485,1.3159086678662282,0.22964598895745372,0.43962794399263844,-0.019587031652489022,2.6052222366204485,-0.046855181675744234,6.21962698399604,-20.00910782908705,3.75012153000572,-0.25424628450106157,1.411787217757367,0.003176631945221793,0.3149594024033777,0.7891356952286406,-0.02447547905164014,-41.323276678542065,0.23919320244184128,-0.1999999999999999,0.9302487246078307,-0.7202728811518353,-0.739559724114045,-0.04918839153959666,-0.19543147208121828,-0.24457429048414023,0.5872894948704022,-0.7180811111174481,-0.6755276997840947,Diagnostics & Research,Healthcare,STRRP
2022Q2,2022,Q2,2022-08-12,2022-06-30,-1576000.0,30718000.0,-1198000.0,-0.1,6099000.0,0.1985480826,81648000.0,42468000.0,46151000.0,33954000.0,39180000.0,11217000.0,-133246000.0,146869450.0,150912450.0,2.7614279211912347,1.3592212994050774,0.21678424456202233,0.41678440237355185,-0.014964448449657563,2.7614279211912347,-0.03711029481021004,4.781217852724787,-23.297818845177666,3.458355703117642,-0.3039340101522843,2.194793616831595,0.0032613998350235532,0.3762247697432883,0.9252223596630735,-0.019302371154223005,46.112857142857145,0.19854808255745818,0.6551724137931034,0.8120138525886624,-0.6590084545567385,-0.767945316070509,0.3079562513403388,0.5741691434747366,0.5311154598825831,0.6467134911022183,-0.606296062773355,-0.39506027144332984,Diagnostics & Research,Healthcare,STRRP
2022Q1,2022,Q1,2022-05-23,2022-03-31,-3701000.0,25049000.0,-2555000.0,-0.29,4663000.0,0.1861551359,81191000.0,44451000.0,44776000.0,30721000.0,36740000.0,10287000.0,-131670000.0,128590350.0,133505350.0,3.508643144683874,1.4575046385208814,0.24571688980305698,0.4488088007018965,-0.048401305625814926,3.508643144683874,-0.08326021911768014,5.133552237614276,-8.686189543366657,2.89285617871364,-0.12942447987030534,1.9817245066588898,0.0037250073586392756,0.30851941717678066,1.045766739363953,-0.045583870133389166,-128.33368263473054,0.1861551359335702,0.0,0.2844493887724667,-0.6542639931781191,-0.7214667021978377,-0.3253761574074074,0.16096123328043527,-8.324817518248175,0.10351051966906512,-0.5795415239887798,-0.2643610938557086,Diagnostics & Research,Healthcare,STRRP
2021Q4,2021,Q4,2022-03-31,2021-12-31,-4411000.0,29540000.0,-274000.0,0.0,6912000.0,0.2339878131,68052000.0,35742000.0,31863000.0,27821000.0,32310000.0,8525000.0,-127969000.0,0.0,12883000.0,0.0,1.1452859350850078,0.2559954152706754,0.4874097700184657,-0.004775615167954121,0.0,-0.12341223210788428,0.0,0.0,0.0,-0.7844026297891634,2.6543108504398827,,0.4340798213131135,0.731425901297581,-0.06481808029154176,0.0,0.23398781313473258,1.0,-1.0,-1.0,-1.0,0.844675740592474,-1.0602522185894443,0.8545647558386412,1.0,-1.0,-1.0,Diagnostics & Research,Healthcare,STRRP
2021Q3,2021,Q3,2021-11-12,2021-09-30,-2141000.0,28859000.0,-1884000.0,-0.47,3747000.0,0.1298381787,74887000.0,41318000.0,34343000.0,29599000.0,33569000.0,9980000.0,-123551000.0,50850000.0,63047000.0,8.125467059980334,1.1602756849893578,0.23727749809713303,0.43005469771044097,-0.03358507714484709,8.125467059980334,-0.05181760975845878,1.76201531584601,-5.937645959831854,1.2306984849218259,-0.22372723026623073,2.5162324649298595,0.009419862340216323,0.3853672867119794,0.7263758910774013,-0.028589741877762496,-58.515535097813576,0.12983817873107176,-0.34285714285714286,-6.565371024734982,-0.07163996654442513,-0.3625732798518976,1.4913563829787233,-0.1954215522054718,0.5822616407982262,-0.5014025245441796,0.12261251799120873,0.5132027101263503,Diagnostics & Research,Healthcare,STRRP
2021Q2,2021,Q2,2021-08-10,2021-06-30,-1791000.0,25806000.0,-4510000.0,-0.35,1504000.0,0.0582810199,75386000.0,43812000.0,35127000.0,28161000.0,31574000.0,12020000.0,-121410000.0,50290141.50000001,60442141.50000001,8.615929203539823,1.2473633748801534,0.21637969914838298,0.3723180863690313,-0.0725178310786957,8.615929203539823,-0.040879211175020545,1.948777086724018,-7.019841080402011,1.1478622637633527,0.0,2.0217970049916807,0.0,0.34231820231873294,0.7186889670111146,-0.023757726898893695,-9.486915959252972,0.058281019917848564,-1.9166666666666665,-2.7945891783567136,-0.1958242443128701,-0.32958944775137344,-0.5112122196945076,-1.3297128129602356,-0.8667218543046358,-4.1171428571428565,-0.04704579025110789,0.4781875231957893,Diagnostics & Research,Healthcare,STRRP
2021Q1,2021,Q1,2021-05-14,2021-03-31,5432000.0,22354000.0,-2416000.0,-0.12,3077000.0,0.137648743,81391000.0,45980000.0,40805000.0,30551000.0,35411000.0,9838000.0,-119554000.0,48307500.0,54853500.0,9.04228121927237,1.3356354947464895,0.24229951714563036,0.4289038712483689,-0.035338859093125306,9.04228121927237,0.1181383210091344,2.1610226357698847,2.223283321060383,1.0506198347107438,0.0,1.959442976214678,0.0,0.27464953127495667,0.9184969395437138,0.06673956579965844,-18.01846325997762,0.13764874295428112,-1.857142857142857,-0.5320871737445086,-0.2825368296049043,-0.29277858955625624,1.4123006833712983,6.597202797202797,-0.5637540453074433,0.3229420360448124,-0.12216768113096413,0.48653454463159934,Diagnostics & Research,Healthcare,STRRP
2020Q4,2020,Q4,2021-03-29,2020-12-31,715000.0,23144000.0,-1545000.0,0.14,-7463000.0,2.2021245205,88293000.0,39929000.0,48936000.0,42726000.0,48364000.0,9787000.0,-124986000.0,47676960.0,71253960.0,7.852310717797444,1.1453447549501474,0.3035574734123883,0.6712414535801047,-0.021182785942058753,7.852310717797444,0.01790678454256305,2.0600138264777046,16.670265734265733,1.1940434270830724,0.0,0.4162664759374681,0.0,0.2621272354546793,0.3799794036418106,0.00809803721699342,-12.162489795918367,-0.3224593847217421,1.4000000000000001,0.05457227138643064,0.4857803171342366,-0.2626904256301356,-2.5435367114788003,1.40625,-0.01112565445026178,1.0325251330573624,-0.25143929102788015,0.43634663117378336,Diagnostics & Research,Healthcare,STRRP
2020Q3,2020,Q3,2020-11-13,2020-09-30,-1760000.0,30353000.0,-1528000.0,-0.35,4835000.0,0.159292327,85955000.0,40158000.0,31578000.0,24899000.0,45797000.0,9000000.0,-124529000.0,42917400.0,64526400.0,7.897345132743363,1.2682437045664485,0.30104124251061604,0.6443547985457443,-0.0216698265811146,7.897345132743363,-0.04382688380895463,1.4139426086383553,-6.09622159090909,1.068713581353653,0.0,2.8353333333333333,0.0,0.35312663603048106,0.8052130607654926,-0.02047583037635972,-18.74941022280472,0.15929232695285475,-0.3999999999999999,-1.092050209205021,0.9135670155087633,-0.26080954221657743,0.2009438648782911,-0.36752136752136755,-0.7892271662763466,0.8022249690976514,0.06296620556820182,-0.21051389926473482,Diagnostics & Research,Healthcare,STRRP
2020Q2,2020,Q2,2020-08-13,2020-06-30,-1287000.0,22342000.0,-854000.0,-0.25,4026000.0,0.1801987289,89279000.0,41680000.0,32901000.0,24260000.0,47599000.0,7638000.0,-122769000.0,37120500.0,56596500.0,8.196656833824976,1.3561830173124485,0.3201984789256152,0.6858685220729367,-0.011804267215458512,8.196656833824976,-0.030878119001919387,1.661467191836004,-7.210664335664336,0.8906070057581573,0.0,2.398009950248756,0.0,0.25024921874124934,0.9753091508656224,-0.014415484044400139,-52.87820512820513,0.18019872885149046,0.5689655172413792,-2.1731996353691887,0.43706181256834103,0.1575526980864833,-0.09344742175185769,0.5641720284456485,0.6720430107526881,0.5357142857142858,-0.2499160679513866,-0.31119961659863493,Diagnostics & Research,Healthcare,STRRP
2020Q1,2020,Q1,2020-05-15,2020-03-31,-2953000.0,28857000.0,-2604000.0,-0.58,4441000.0,0.1538968015,83807000.0,37853000.0,24576000.0,22373000.0,45954000.0,6617000.0,-121482000.0,30510000.0,54486000.0,7.444051130776795,1.0984669020694586,0.3030653764005393,0.6709904102713127,-0.03836497393507316,7.444051130776795,-0.07801231078117983,1.0572824617943652,-2.582966474771419,0.8060127334689456,0.0,3.6898896781018586,0.0,0.34432684620616416,0.7318643007196174,-0.0352357201665732,65.61290322580645,0.1538968014693142,-10.485148514851485,-4.963758389261745,1.0851940169087364,0.07083651588446631,-0.4402571212503151,-10.490272373540856,-11.628571428571428,-0.42244701348747593,-0.007668500687757961,-0.40905471860120207,Diagnostics & Research,Healthcare,STRRP
2019Q4,2019,Q4,2020-03-09,2019-12-31,-257000.0,36142000.0,245000.0,-0.0505,7934000.0,0.2195229926,90560000.0,40697000.0,29549000.0,28178000.0,49863000.0,7097000.0,-118529000.0,25679250.0,50805250.0,8.003343166175025,1.0486549790616793,0.297559628975265,0.6621372582745657,0.001845837439428741,8.003343166175025,-0.00631496179079539,0.7105099330418904,-24.979815175097276,0.6309863134874806,0.0,3.97463717063548,0.0,0.39909452296819786,0.7246078500958194,-0.002837897526501767,30.753592814371256,0.21952299264014166,0.8316666666666667,-1.3329015544041452,1.5554691366753872,0.24665339255628732,0.5269438029253272,0.8291223404255319,2.622516556291391,-1.1299292214357937,0.16085308665767328,-0.38784013477534934,Diagnostics & Research,Healthcare,STRRP
2019Q3,2019,Q3,2019-11-14,2019-09-30,-1504000.0,28333000.0,-151000.0,-0.3,5196000.0,0.1833903928,91361000.0,40828000.0,28321000.0,26165000.0,50533000.0,8179000.0,-118272000.0,49344840.0,74216840.0,8.029105211406096,1.0824001528759795,0.2884272282483773,0.6454149113353581,-0.0020905781575712165,8.029105211406096,-0.03683746448515725,1.741603077683267,-8.202267287234044,1.2086029195650045,0.0,2.828829930309329,0.0,0.31012138658727467,0.6934072233900248,-0.016462166569980625,-56.783475258918294,0.18339039282815092,-0.03448275862068969,-2.4630350194552526,1.0411353648872559,0.24982398138794487,0.03836930455635491,-0.01966101694915254,-0.03424657534246575,-4.3144876325088335,-0.08856076690471597,-0.37013267510027775,Diagnostics & Research,Healthcare,STRRP
2019Q2,2019,Q2,2019-08-13,2019-06-30,-1475000.0,25798000.0,-146000.0,-0.29,5004000.0,0.1939685247,57851000.0,23212000.0,21069000.0,14809000.0,34639000.0,5781000.0,-116768000.0,47443050.0,65994050.0,4.564798426745329,1.4227159159970288,0.3356035332146376,0.8364208168188868,-0.002815263200113536,4.564798426745329,-0.06354471824918145,1.8390204667028451,-8.041194915254238,2.0439018611063244,0.0,3.5969555440235252,0.0,0.4459387046032048,0.9226821527449524,-0.0254965341999274,-12.871147585458491,0.19396852469183656,0.12121212121212131,-2.7922235722964768,0.768561047508055,-0.2850586749622694,0.2569706103993971,0.10983705491852747,0.8713656387665198,-2.4779559118236474,-0.19607354315986292,-0.6448103319000476,Diagnostics & Research,Healthcare,STRRP
2019Q1,2019,Q1,2019-05-08,2019-03-31,-1657000.0,23912000.0,-1135000.0,-0.33,3981000.0,0.1664854466,54593000.0,24253000.0,21348000.0,13423000.0,30340000.0,5483000.0,-115537000.0,47443050.0,62978050.0,4.769518190757129,1.5904045295388511,0.2991592328686828,0.6734012287139736,-0.025440237534832127,4.769518190757129,-0.06832144476971921,1.984068668450987,-7.157973747736874,1.9561724322764193,0.0,3.635053802662776,0.0,0.43800487241954095,1.0560232436862103,-0.03035187661421794,-18.445975894245723,0.16648544663767145,-0.8333333333333335,-10.195945945945947,0.8398091867354007,-0.2501777709074045,0.06472318801818668,-0.812910284463895,0.18812589413447783,-1.1427340856232233,-0.2325320152774657,-0.6269630085364916,Diagnostics & Research,Healthcare,STRRP
2018Q4,2018,Q4,2019-03-01,2018-12-31,-914000.0,25928000.0,-1398000.0,-0.18,3739000.0,0.1442070349,50594000.0,25800000.0,21194000.0,13217000.0,24794000.0,5402000.0,-113880000.0,47443050.0,56184050.0,5.073746312684365,1.6035408943027918,0.20330473969245366,0.39868217054263566,-0.022576067360065243,5.073746312684365,-0.035426356589147286,1.8297998302992904,-12.976764223194749,1.8388779069767442,0.0,4.10755275823769,0.0,0.5124718346048939,1.0849663312400697,-0.01806538324702534,18.233301306687164,0.14420703486578215,0.21739130434782614,-2.1613722998729354,1.069769298315638,-0.22722099083448158,-0.14203763194125746,0.3590462833099579,-0.7854406130268199,-2.3480825958702063,0.6645053604673558,-0.5235896962422676,Diagnostics & Research,Healthcare,STRRP
2018Q3,2018,Q3,2018-11-05,2018-09-30,-1426000.0,25707000.0,-783000.0,-0.23,4358000.0,0.1695258101,55189000.0,27305000.0,22546000.0,12306000.0,27884000.0,5884000.0,-112286000.0,47443050.0,60072050.0,5.369714847590954,1.8321144157321632,0.24628096178586312,0.497784288591833,-0.014512066899772599,5.369714847590954,-0.052224867240432155,1.8455304002800794,-8.31750525946704,1.7375224317890496,-0.7776998597475456,3.628314072059823,0.02337539428852066,0.4657993440721883,1.1789371038517795,-0.025838482306256683,-26.02471201316511,0.1695258100906368,-2.3430232558139537,-1.5676751592356688,1.0709739788930959,-0.18027619333533476,-0.21717262439374888,-3.0742857142857143,-4.434210526315789,-1.074581589958159,0.6206657420249653,-0.49739540191801496,Diagnostics & Research,Healthcare,STRRP
2018Q2,2018,Q2,2018-08-03,2018-06-30,-350000.0,27080000.0,228000.0,-0.0688,5567000.0,0.2055760709,57875000.0,29639000.0,22496000.0,13580000.0,28236000.0,5992000.0,-110860000.0,47443050.0,58533050.0,5.8287118977384464,1.6565537555228278,0.2159827213822894,0.42174162421134315,0.004152922470870215,5.8287118977384464,-0.011808765477917609,1.7519590103397342,-33.88789285714286,1.6006967171631972,-3.162857142857143,3.590287049399199,0.023333238482770396,0.4679049676025918,1.0373343151693668,-0.006047516198704104,24.93066211245402,0.20557607090103397,0.7451851851851852,0.43181818181818177,1.100853374709077,-0.03860001946219466,0.20837855437377903,-1.0852411105698978,1.1417029210689869,-1.3190519598906107,0.7418151411847945,-0.17685450051378895,Diagnostics & Research,Healthcare,STRRP
2018Q1,2018,Q1,2018-05-07,2018-03-31,4106000.0,25465000.0,-1609000.0,-0.27,4607000.0,0.1809149813,59962000.0,30931000.0,22186000.0,13690000.0,29031000.0,5755000.0,-110510000.0,47443050.0,59411050.0,6.082792527040315,1.620598977355734,0.21682065308028417,0.4203226536484433,-0.02758285396327743,6.082792527040315,0.1327470822152533,1.8630689181229139,2.888641622016561,1.5338349875529405,0.26911836337067707,3.6243266724587317,0.023291082677020132,0.4246856342350155,1.0154127100073047,0.06847670191121043,216.6349315068493,0.18091498134694678,0.9375000000000001,2.712974551522737,1.2055257231941798,-0.09343767402327141,-0.39556546838100237,1.1867806941727699,-1.1772665764546684,4.511409395973154,0.8400896018498446,-0.12498231916037228,Diagnostics & Research,Healthcare,STRRP
2017Q4,2017,Q4,2018-02-28,2017-12-31,-21983000.0,30918000.0,-739000.0,-4.32,7622000.0,0.246523061,66703000.0,27799000.0,25576000.0,16970000.0,38904000.0,5501000.0,-114633000.0,47443050.0,65862050.0,5.466863323500491,1.5071302298173246,0.30427417057703554,0.7300982049714019,-0.2757499428612942,5.466863323500491,-0.7907838411453649,1.534479914612847,-0.5395424873766093,1.7066459225151984,-0.05017513533184734,4.2348663879294675,0.02324892687126987,0.4635173830262507,1.0525044195639364,-0.32956538686415904,42.35986607142857,0.24652306100006469,-1.4685714285714286,-4.9125874125874125,1.3753841425937305,-0.23731789623857993,0.14789156626506025,-1.470277559276323,-4.848958333333333,-29.47538860103627,1.1860991303118151,-0.1484453974574974,Diagnostics & Research,Healthcare,STRRP
2017Q3,2017,Q3,2017-11-03,2017-09-30,-8899000.0,28555000.0,192000.0,-1.75,6640000.0,0.2325337069,87618000.0,50866000.0,23320000.0,16243000.0,36752000.0,5903000.0,-92649000.0,47443050.0,64840050.0,10.0031465093412,1.435695376469864,0.21114382889360633,0.36370070381001063,0.0086457631652684,10.0031465093412,-0.17494986828136672,1.6614620907021538,-1.3328196988425665,0.9327065230212715,-0.1234970221373188,3.712519058106048,0.023164615259769344,0.32590335319226643,0.9348026842332081,-0.10156588828779474,-266.5339887640449,0.23253370688145683,-2.1818181818181817,-8.822295805739515,1.4164339510874164,0.3331760759029197,-0.05587942556519266,-2.2103174603174605,1.1096516276413477,-9.656614785992218,1.0571284489590085,0.5571065601371414,Diagnostics & Research,Healthcare,STRRP
2017Q2,2017,Q2,2017-08-04,2017-06-30,-2772000.0,29786000.0,-1751000.0,-0.55,7033000.0,0.2361176392,98294000.0,60511000.0,23758000.0,18075000.0,37783000.0,5908000.0,-83750000.0,47443050.0,63139050.0,11.899901671583088,1.3144121715076071,0.1778134982806682,0.2888400456115417,-0.022525017413505613,11.899901671583088,-0.04580985275404472,1.5927969515879943,-4.278774350649351,0.7840400918841203,-0.36038961038961037,3.8512186865267433,0.02105682497225621,0.30302968645085154,0.8637344398340249,-0.02820111095285572,37.0648828125,0.2361176391593366,-0.34146341463414653,-2.111111111111111,1.343509047993706,0.5407394204817436,-0.01041226959335866,-0.3352601156069364,-0.7958974358974359,-4.3681652490887,1.0419551655583739,0.8637693658175993,Diagnostics & Research,Healthcare,STRRP
2017Q1,2017,Q1,2017-05-01,2017-03-31,-2076000.0,29080000.0,-975000.0,-0.41,7107000.0,0.244394773,102826000.0,64055000.0,26559000.0,21942000.0,38771000.0,5942000.0,-80978000.0,47443050.0,65681050.0,12.5968534906588,1.2104183757178015,0.19597183591698597,0.314589025056592,-0.01863370505001853,12.5968534906588,-0.03240964795878542,1.631466643741403,-5.7132767341040465,0.7406611505737257,-0.47880539499036606,3.6979131605520026,0.020951435457880554,0.28280785015463017,0.7092790082945949,-0.020189446249003172,33.13062150837989,0.24439477303988996,-2.0512820512820515,-0.637223974763407,1.2422700285295707,0.5883899124655937,-0.1776209210830826,-2.0495449949443882,-1.537190082644628,-13.027027027027028,1.2374394090944068,0.9803679084866285,Diagnostics & Research,Healthcare,STRRP
2016Q4,2016,Q4,2017-02-28,2016-12-31,1978000.0,31134000.0,1815000.0,0.39,8642000.0,0.277574356,106263000.0,66481000.0,27079000.0,22673000.0,39782000.0,5987000.0,-79437000.0,47443050.0,67308050.0,13.07394296951819,1.1943280553962863,0.20767341407639536,0.33194446533596067,0.022575650804177106,13.07394296951819,0.029752861719889893,1.5238340720755443,5.996341001011122,0.7136332185135603,0.49848331648129424,3.7568064138967765,0.020782812234879502,0.29299003416052627,0.7772681162616327,0.018614193086963476,26.43066852367688,0.2775743560095073,8.001795332136446,1.3498408206579413,1.6202659484935193,0.6024537807023889,0.04107938802553909,7.989399293286219,1.6342525399129173,1.5133418043202034,1.4853516404566134,0.9912837716408075,Diagnostics & Research,Healthcare,STRRP
2016Q3,2016,Q3,2016-10-31,2016-09-30,-283000.0,31086000.0,689000.0,-0.0557,8301000.0,0.2670333912,107086000.0,64820000.0,27094000.0,23763000.0,42266000.0,5909000.0,-81415000.0,47443050.0,67788050.0,12.747295968534907,1.1401759037158608,0.21196048036157855,0.3501697007096575,0.027505734975436444,12.747295968534907,-0.004365936439370565,1.5261870295309785,-41.910821554770315,0.7319199321197162,-3.4593639575971733,3.8559823997292266,0.02063526691475358,0.29029004725174157,0.7281488027605942,-0.0026427357451020675,23.55662859980139,0.26703339123721287,-1.2785000000000002,-3.858585858585859,1.3131185356053279,0.4789632198594507,-0.1499231950844854,-1.283567134268537,-0.5319293478260869,-1.1126592356687897,1.504309997583179,0.9459621735214649,Diagnostics & Research,Healthcare,STRRP
2016Q2,2016,Q2,2016-08-01,2016-06-30,998000.0,32090000.0,1472000.0,0.2,9765000.0,0.3043004051,110538000.0,65351000.0,29090000.0,23909000.0,45187000.0,5806000.0,-81132000.0,47443050.0,68757050.0,12.85172074729597,1.2166966414320968,0.22252980875355083,0.3763982188489847,0.0157798060876472,12.85172074729597,0.01527138069807654,1.4784372078529138,11.884531563126254,0.7259728236752306,0.9779559118236473,3.845160179125043,0.02057203320612819,0.2903074055980749,0.8201932326738884,0.009028569360762814,42.35986607142857,0.30430040511062634,-0.9122807017543859,5.37719298245614,1.2520878658151446,0.49973608720596674,0.07722007722007722,-0.9140322163838401,4.085953878406708,2.62012987012987,1.4895267649340576,1.1197898082973825,Diagnostics & Research,Healthcare,STRRP
2016Q1,2016,Q1,2016-05-02,2016-03-31,11609000.0,31157000.0,-477000.0,2.28,9065000.0,0.2909458549,116435000.0,65015000.0,32237000.0,23164000.0,51420000.0,4808000.0,-82130000.0,47443050.0,71453050.0,12.785644051130777,1.3916853738559833,0.2680637265427062,0.48007382911635776,0.06754242499067273,12.785644051130777,0.17855879412443282,1.522709182527201,1.02168683779826,0.7297246789202492,0.08372814195882505,4.5948419301164725,0.020487721594627663,0.26759135998625844,1.0166206182006563,0.09970369734186456,-169.43946428571428,0.2909458548640755,16.538461538461537,30.997416020671835,1.1980246913580246,0.4901785509638087,0.9320119352088662,16.122418879056045,-1.9578313253012047,5.8431372549019605,1.6985103065996885,0.9055365045868873,Diagnostics & Research,Healthcare,STRRP
2015Q4,2015,Q4,2016-03-01,2015-12-31,678000.0,15577000.0,498000.0,0.13,4692000.0,0.3012133273,64113000.0,54155000.0,31747000.0,8706000.0,9958000.0,4381000.0,-93739000.0,47443050.0,32299050.0,10.649950835791543,3.6465655869515277,0.011292561570976245,0.013369033330255747,0.024001605395790417,10.649950835791543,0.01251961961037762,3.0457116261154265,17.493750000000002,0.876060382236174,1.4321533923303835,2.484592558776535,0.020466643691752533,0.24296164584405658,3.0288306914771423,0.010575078377240185,92.66220703125,0.3012133273415934,-0.9654255319148937,1.6064400715563507,0.06276864296922963,0.2319434018062284,-0.022907122032486463,-0.9645397489539749,-0.47468354430379744,1.1823561054330285,0.196757836508912,0.4857746440231556,Diagnostics & Research,Healthcare,STRRP
2015Q3,2015,Q3,2015-11-02,2015-09-30,19120000.0,15862000.0,948000.0,3.76,4802000.0,0.3027360989,65558000.0,54327000.0,34745000.0,9904000.0,11231000.0,4325000.0,-94416000.0,47443050.0,33548050.0,10.68377581120944,3.5081785137318255,0.0,0.0,0.356074531004678,10.68377581120944,0.3519428645056786,2.990987895599546,0.6203327667364017,0.8732867634877685,0.050627615062761505,2.5572254335260114,0.020403409983127136,0.24195368986241192,2.84672859450727,0.29165014185911714,113.77230215827338,0.3027360988526037,16.09090909090909,15.31137724550898,0.19272125723738615,0.22404974877768516,0.007342143906020558,16.429352780309937,-0.18486672398968185,22.103752759381898,0.34230346111534227,0.4238874036798239,Diagnostics & Research,Healthcare,STRRP
2015Q2,2015,Q2,2015-08-07,2015-06-30,1097000.0,15547000.0,1163000.0,0.22,4767000.0,0.3066186403,46424000.0,36007000.0,33835000.0,9303000.0,10417000.0,4016000.0,-113537000.0,47443050.0,32557050.0,7.08102261553589,3.636998817585725,0.0,0.0,0.030492517065074408,7.08102261553589,0.030466298219790595,3.051588730944877,10.811998632634458,1.3176062987752382,0.877848678213309,2.6842629482071714,0.020298020468751482,0.33489143546441497,3.108459636676341,0.023630018955712564,32.58451236263736,0.3066186402521387,0.46666666666666673,1.3557068741893645,0.1814727562884718,-0.2051961238770059,0.3067434210526316,0.47248322147651006,6.048484848484849,2.2312008978675646,0.22321007081038563,-0.08318480419616037,Diagnostics & Research,Healthcare,STRRP
2015Q1,2015,Q1,2015-05-01,2015-03-31,745000.0,13839000.0,165000.0,0.15,3648000.0,0.2636028615,44870000.0,35349000.0,33016000.0,8555000.0,9521000.0,3657000.0,-114634000.0,47443050.0,33567050.0,6.951622418879056,3.8592635885447106,0.0,0.0,0.021075560836232993,6.951622418879056,0.021075560836232993,3.4282137437676132,15.920486577181208,1.3421327335992532,1.2496644295302013,2.786710418375718,0.019623527576747277,0.30842433697347893,3.271069549970777,0.01660352128370849,-533.0679775280898,0.26360286147843054,0.0,1.6032388663967612,-0.08162452717499505,-0.2710644615828762,-0.1484593837535014,-0.034974093264248704,-0.7977941176470589,1.5875394321766563,0.06708304418228081,-0.12344087088055149,Diagnostics & Research,Healthcare,STRRP
2014Q4,2014,Q4,2015-03-06,2014-12-31,772000.0,14143000.0,816000.0,0.15,4284000.0,0.3029060313,41901000.0,32645000.0,32952000.0,8293000.0,9256000.0,3644000.0,-115379000.0,47443050.0,33740050.0,6.419862340216323,3.9734716025563728,0.008305291043173194,0.01066013172001838,0.02315467442488228,6.419862340216323,0.023648338183489048,3.354525206816093,15.363681994818652,1.4533021902282126,1.2046632124352332,2.705543358946213,0.019602449673872147,0.3375337104126393,3.3733269022066805,0.01842438127968306,39.86810924369748,0.30290603125220955,-0.25000000000000006,0.9896907216494848,-0.13756936398560896,-0.33902285934114873,-0.02835110002268088,-0.2490272373540856,-0.20930232558139536,1.1365405022992572,0.19028783033159388,-0.21312700363969425,Diagnostics & Research,Healthcare,STRRP
2014Q3,2014,Q3,2014-10-31,2014-09-30,1028000.0,13881000.0,1032000.0,0.2,4409000.0,0.3176284129,42168000.0,32667000.0,33189000.0,8612000.0,9501000.0,3543000.0,-116151000.0,47443050.0,34650050.0,6.424188790560472,3.853808639108221,0.0,0.0,0.03134756445436949,6.424188790560472,0.03146906664217712,3.4178409336503135,11.537706712062258,1.4523234456791256,0.9046692607003891,2.673440587073102,0.019602449673872147,0.3291832669322709,3.298769159312587,0.024378675773098085,31.56556886227545,0.3176284129385491,0.25000000000000006,3.4830917874396135,-0.1799976370510396,-0.3367375944124096,-0.021309655937846835,0.24908869987849333,0.2509090909090909,9.383838383838382,0.032889351886301134,-0.2546545587295792,Diagnostics & Research,Healthcare,STRRP
2014Q2,2014,Q2,2014-08-04,2014-06-30,823000.0,14587000.0,825000.0,0.16,4505000.0,0.3088366354,40775000.0,32467000.0,32017000.0,7534000.0,8308000.0,3495000.0,-117179000.0,47443050.0,35864050.0,6.384857423795477,4.249668170958322,0.0,0.0,0.02516579178035704,6.384857423795477,0.025348815720577816,3.252419962980736,14.411619076549211,1.461269904826439,1.1275820170109356,2.884692417739628,0.019560293868121886,0.35774371551195583,3.666445447305548,0.02018393623543838,17.643380438824842,0.3088366353602523,6.49828178694158,0.04974489795918358,-0.214020151947842,-0.3504261534152295,0.30883207437536314,6.5608108108108105,1.8846153846153846,4.609649122807017,0.023720962874587605,-0.254916810097533,Diagnostics & Research,Healthcare,STRRP
2014Q1,2014,Q1,2014-05-02,2014-03-31,-148000.0,12997000.0,286000.0,-0.0291,3442000.0,0.2648303455,40559000.0,32345000.0,31657000.0,7547000.0,8214000.0,3755000.0,-118002000.0,47443050.0,37894050.0,6.36086529006883,4.1946468795547895,0.0,0.0,0.00896329597214958,6.36086529006883,-0.004575668573195238,3.6503077633299994,-80.14028716216217,1.466781573658989,-6.25,2.544607190412783,0.01949706015949649,0.3204467565768387,3.5415396846429044,-0.0036490051529870066,-20.102987288135594,0.2648303454643379,-1.194,-4.363636363636364,-0.26612083568605316,-0.3388860500766479,-0.06670281995661605,-1.1880559085133418,-0.6333333333333333,0.6175710594315246,-0.08310405643738988,-0.2586353113754612,Diagnostics & Research,Healthcare,STRRP
2013Q4,2013,Q4,2014-03-20,2013-12-31,787000.0,12527000.0,780000.0,0.15,3688000.0,0.2944040872,41451000.0,33386000.0,36669000.0,7625000.0,8065000.0,3881000.0,-117854000.0,47443050.0,28873050.0,6.565585054080629,4.809049180327869,0.004197727437215025,0.005211765410651171,0.023151490081585752,6.565585054080629,0.0235727550470257,3.787263510816636,15.070854510800508,1.4210462469298508,0.0,2.277505797474878,0.0,0.30221225060915297,4.176655737704918,0.0189862729487829,37.26869599371563,0.29440408717170913,-0.6938775510204082,1.11422351233672,-0.4302542411424932,-0.31808247717477894,-0.03404924044002095,-0.6867038216560509,-0.6792763157894737,1.7039355992844363,-0.145323053830934,-0.24051957505857735,Diagnostics & Research,Healthcare,STRRP
2013Q3,2013,Q3,2013-11-01,2013-09-30,2512000.0,12413000.0,2432000.0,0.49,3818000.0,0.3075807621,41983000.0,33310000.0,37192000.0,8409000.0,8673000.0,4413000.0,-118641000.0,47443050.0,29805050.0,6.5506391347099315,4.422880247354025,0.0,0.0,0.07516553390652146,6.5506391347099315,0.0754127889522666,3.822045436236204,4.721641122611465,1.4242885019513658,0.0,1.947654656696125,0.0,0.2956672939046757,3.807349268640742,0.05983374222899745,20.890819022457066,0.30758076210424556,3.0416666666666665,3.8906789413118528,-0.38558629906449543,-0.3595092968254273,0.006591088847877669,5.077922077922078,111.54545454545455,2.8802395209580838,-0.06662155049251836,-0.24948741635310814,Diagnostics & Research,Healthcare,STRRP
2013Q2,2013,Q2,2013-08-01,2013-06-30,-616000.0,12890000.0,-22000.0,-0.24,3793000.0,0.2942591156,39319000.0,30829000.0,34123000.0,8195000.0,8490000.0,4693000.0,-121153000.0,47443050.0,34495050.0,6.062733529990167,4.163880414887126,0.0,0.0,-0.0014017414030388828,6.062733529990167,-0.019981186545136073,3.6806089992242046,-19.254484577922078,1.5389097927276267,0.0,1.9384189217984231,0.0,0.3278313283654213,3.488712629652227,-0.015666726010325798,-66.72721518987342,0.29425911559348333,0.48936170212765956,0.46712802768166095,-0.3521636427602151,-0.4164158479565374,0.34646787362442316,0.7430120984564038,0.9843416370106761,0.8002594033722439,-0.020442282848240782,-0.31949319029644835,Diagnostics & Research,Healthcare,STRRP
2013Q1,2013,Q1,2013-05-06,2013-03-31,-2397000.0,11546000.0,-1405000.0,-0.47,2817000.0,0.2439805993,42744000.0,34119000.0,37485000.0,8368000.0,8625000.0,4868000.0,-120537000.0,47443050.0,31907050.0,6.709734513274336,4.479565009560229,0.0,0.0,-0.040804888553559855,6.709734513274336,-0.07025411061285501,4.109046423003638,-4.948169586983729,1.39051701398048,0.0,1.7931388660640921,0.0,0.2701197828935055,3.7740200764818357,-0.056078046041549694,-34.93597201767305,0.2439805993417634,0.35616438356164387,-0.7182795698924732,-0.3680696185211538,-0.3689146197099734,0.07931034482758621,0.3552985476062399,0.23765599565925122,-0.9408906882591094,-0.23379122702236385,-0.2964284241349446,Diagnostics & Research,Healthcare,STRRP
2012Q4,2012,Q4,2013-03-13,2012-12-31,-3718000.0,13016000.0,-1843000.0,-0.73,2610000.0,0.2005224339,44909000.0,36449000.0,39448000.0,8284000.0,8460000.0,4979000.0,-118118000.0,47443050.0,27929050.0,7.167944936086529,4.76195074843071,0.0,0.0,-0.10112760295207002,7.167944936086529,-0.10200554199017806,3.6449792562999384,-3.1900921194190426,1.301628302559741,0.0,2.089977907210283,0.0,0.2898305462156806,4.0465958474167065,-0.08278964127457748,97.61944444444444,0.20052243392747388,-1.027777777777778,-0.6900000000000001,-0.308505551718642,-0.3402537694354445,-0.16586768935762225,-3.1037527593818983,-0.7272727272727273,-10.582474226804123,-0.20629306665040548,-0.26200166028872823,Diagnostics & Research,Healthcare,STRRP
2012Q3,2012,Q3,2012-11-01,2012-09-30,-906000.0,11817000.0,-1067000.0,-0.36,3129000.0,0.2647880173,47197000.0,38154000.0,41572000.0,8879000.0,9043000.0,6573000.0,-116259000.0,47443050.0,29100050.0,7.503244837758112,4.682058790404325,0.0,0.0,-0.05593122608376579,7.503244837758112,-0.023745871992451643,4.014813404417365,-13.091349337748344,1.243462022330555,0.0,1.3217708808763122,0.0,0.25037608322562876,3.832976686563802,-0.01919613534758565,-48.96083591331269,0.2647880172632648,-0.0285714285714286,-0.5408163265306123,-0.3705656759348035,-0.32058336449596664,-0.14995925020374898,-0.016835016835016835,-0.17770419426048564,-1.1884057971014492,-0.30192580340264646,-0.22533095102736939,Diagnostics & Research,Healthcare,STRRP
2012Q2,2012,Q2,2012-07-26,2012-06-30,-891000.0,12710000.0,-906000.0,-0.35,3681000.0,0.2896144768,48191000.0,39274000.0,42635000.0,8804000.0,8917000.0,6247000.0,-115353000.0,47443050.0,28400050.0,7.723500491642085,4.842685143116765,0.0,0.0,-0.04613739369557468,7.723500491642085,-0.022686764780770995,3.7327340676632574,-13.311742424242423,1.2080014768039924,0.0,1.4453337602048983,0.0,0.2637421925255753,4.022716946842344,-0.018488929468157955,-167.64328621908126,0.2896144767899292,0.30000000000000004,-4.743697478991597,-0.32436742504784183,-0.30433088300416256,0.0024509803921568627,0.2973186119873817,0.29329173166926675,-2.1364795918367347,-0.3151570666522981,-0.21423712536513145,Diagnostics & Research,Healthcare,STRRP
2012Q1,2012,Q1,2012-04-27,2012-03-31,-1268000.0,12969000.0,-1282000.0,-0.5,3672000.0,0.2831367106,49196000.0,40327000.0,43498000.0,8748000.0,8869000.0,6068000.0,-114462000.0,47443050.0,23657050.0,7.930580137659784,4.9723365340649295,0.0,0.0,-0.06358023160661591,7.930580137659784,-0.031442953852257795,3.6581887578070784,-9.353913643533124,1.1764587001264661,0.0,1.5321357943309162,0.0,0.2636189934140987,4.147233653406493,-0.025774453207577853,-37.89380990415336,0.28313671061762663,0.5495495495495496,-18.135135135135137,-0.2605200136845707,-0.27816063149981207,0.18681318681318682,0.7757339936328264,0.4926790660862683,-29.818181818181817,-0.26770186335403734,-0.17573837506387321,Diagnostics & Research,Healthcare,STRRP
2011Q4,2011,Q4,2012-02-17,2011-12-31,-5654000.0,11882000.0,-2527000.0,-1.11,3094000.0,0.2603938731,50027000.0,41487000.0,43999000.0,8414000.0,8540000.0,6178000.0,-113194000.0,47443050.0,23404050.0,8.158702064896755,5.229260755883052,0.0,0.0,-0.12182129341721504,8.158702064896755,-0.13628365512088125,3.9928505302137687,-2.0977648567385923,1.1435642490418687,0.0,1.422466817740369,0.0,0.23751174365842445,4.370335155692893,-0.11301896975633158,-40.07014358108108,0.2603938730853392,-29.534704370179952,-17.973154362416107,-0.31106859163912565,-0.2517449724952656,-0.2544578313253012,-58.111111111111114,-47.59615384615385,0.17939042089985488,-0.4595897575840269,-0.15261749627239127,Diagnostics & Research,Healthcare,STRRP
2011Q3,2011,Q3,2011-11-04,2011-09-30,99000.0,13439000.0,-52000.0,0.0389,4150000.0,0.3088027383,52204000.0,43828000.0,45614000.0,8246000.0,8376000.0,5867000.0,-110367000.0,47443050.0,37185050.0,8.619075712881022,5.531651709919961,0.0,0.0,-0.0023729122935109976,8.619075712881022,0.002258829971707584,3.5302515068085425,119.80568181818182,1.082482659487086,0.0,1.5832623146412135,0.0,0.2574323806604858,4.697550327431482,0.0018964064056394146,101.80912017167383,0.3088027382989806,1.4336677814938683,1.0463917525773196,-0.1953658244521614,-0.20833784906614652,0.03905858788182273,1.4342105263157894,0.8136200716845878,1.1139240506329116,-0.3348017621145375,-0.15726729094160408,Diagnostics & Research,Healthcare,STRRP
2011Q2,2011,Q2,2011-07-27,2011-06-30,-228000.0,14249000.0,-279000.0,-0.0897,3994000.0,0.280300372,52786000.0,43575000.0,46110000.0,9077000.0,9211000.0,6061000.0,-110467000.0,47443050.0,38074050.0,8.569321533923304,5.079872204472843,0.0,0.0,-0.012805507745266781,8.569321533923304,-0.0052323580034423405,3.32957049617517,-52.02088815789474,1.0887676419965575,0.0,1.6919650222735523,0.0,0.26993899897700147,4.320480334912416,-0.004319327094305308,88.02050092764378,0.2803003719559267,0.40199999999999997,0.8104738154613467,-0.2509199873830301,-0.23508346937700775,0.13498152884342143,0.4108527131782946,0.5687789799072643,0.8027681660899654,-0.2838618887269437,-0.17513771366914643,Diagnostics & Research,Healthcare,STRRP
2011Q1,2011,Q1,2011-05-06,2011-03-31,-387000.0,14175000.0,-647000.0,-0.15,3519000.0,0.2482539683,52979000.0,43629000.0,45696000.0,9212000.0,9350000.0,5529000.0,-110239000.0,47443050.0,25857050.0,8.579941002949852,4.96048632218845,0.0,0.0,-0.02965917165188292,8.579941002949852,-0.00887024685415664,3.346952380952381,-30.64796511627907,1.0874200646359073,0.0,1.9272924579489963,0.0,0.267558844070292,4.205492835432045,-0.007304781139696861,109.06448275862068,0.24825396825396825,0.31818181818181823,0.8619828815977175,-0.2521762068055922,-0.24301205864492065,-0.02466740576496674,0.6538461538461539,-0.05203252032520325,0.7225806451612904,-0.22418039516173163,-0.19301198579461387,Diagnostics & Research,Healthcare,STRRP
2010Q4,2010,Q4,2011-03-09,2010-12-31,-1118000.0,14657000.0,-615000.0,-0.22,3608000.0,0.2461622433,52421000.0,43959000.0,44244000.0,8324000.0,8462000.0,5432000.0,-109852000.0,47443050.0,26984050.0,8.644837758112095,5.315233061028351,0.0,0.0,-0.027980618303419094,8.644837758112095,-0.02543278964489638,3.236886811762298,-10.60891100178891,1.0792568074796969,0.0,2.0340574374079528,0.0,0.27960168634707466,4.537962518020183,-0.021327330649930372,27.71206191588785,0.2461622432967183,0.5849056603773586,0.7981949458483755,-0.1577404895988966,-0.26720344068813756,0.15863840719332048,0.1631736526946108,0.5813478556841388,0.4918181818181818,-0.22132497476491522,-0.20431878654044558,Diagnostics & Research,Healthcare,STRRP
2010Q3,2010,Q3,2010-10-28,2010-09-30,-1336000.0,13299000.0,-1469000.0,-0.53,3114000.0,0.2341529438,52658000.0,44383000.0,43449000.0,8077000.0,8275000.0,6051000.0,-109293000.0,47443050.0,27273050.0,8.728220255653884,5.37934876810697,0.0,0.0,-0.06619651668431607,8.728220255653884,-0.03010161548340581,3.567414843221295,-8.877816242514971,1.0689464434580809,0.0,1.6831928606841844,0.0,0.2525542177826731,4.4848334777764025,-0.025371263625659918,-35.96895375284306,0.2341529438303632,0.5619834710743802,0.527414220021224,-0.2335753803596127,-0.2903488855489111,0.6320754716981132,0.5667963683527886,0.46756071040231967,-1.2721088435374148,-0.2916267178012144,-0.20966219705468594,Diagnostics & Research,Healthcare,STRRP
2010Q2,2010,Q2,2010-07-29,2010-06-30,-3084000.0,13159000.0,-2759000.0,-1.21,1908000.0,0.1449958204,54863000.0,45303000.0,44793000.0,9354000.0,9560000.0,6158000.0,-107957000.0,47443050.0,32628050.0,8.90914454277286,4.7886465683130215,0.0,0.0,-0.12180208816193189,8.90914454277286,-0.06807496192305146,3.6053689490082834,-3.8459022373540854,1.0472385934706312,0.0,1.8270542383890873,0.0,0.23985199496928714,4.011118238186872,-0.05621274811803948,-98.63419958419958,0.14499582035109052,-1.469387755102041,-0.014140085498191422,-0.14894580261285734,-0.3060202205882353,-0.43416370106761565,-1.497165991902834,-1.0036310820624545,-13.957983193277311,-0.300499681054646,-0.19753786201399345,Diagnostics & Research,Healthcare,STRRP
2010Q1,2010,Q1,2010-04-29,2010-03-31,-1235000.0,15069000.0,-1377000.0,-0.49,3372000.0,0.223770655,58084000.0,48494000.0,47294000.0,9477000.0,9590000.0,6541000.0,-104873000.0,47443050.0,33946050.0,9.536676499508358,4.99039780521262,0.0,0.0,-0.05679053078731389,9.536676499508358,-0.025467068090897844,3.148387417877762,-9.603856275303643,0.9783282467934177,0.0,1.7882586760434185,0.0,0.25943461194132633,4.162287643769125,-0.02126230975828111,-42.35986607142857,0.22377065498705953,-7.422018348623853,-0.2589194699286442,-0.16143572621035057,-0.28523420688028767,-0.2848356309650053,-4.18298969072165,-17.11842105263158,-17.68918918918919,-0.140780020526856,-0.13197415289884906,Diagnostics & Research,Healthcare,STRRP
2009Q4,2009,Q4,2010-02-11,2009-12-31,388000.0,16399000.0,-76000.0,0.0763,4715000.0,0.2875175316,58689000.0,49389000.0,46999000.0,9173000.0,9300000.0,6402000.0,-103638000.0,47443050.0,33883050.0,9.71268436578171,5.1236236781859805,0.0,0.0,-0.003077608374334366,9.71268436578171,0.007856000323958777,2.8930453076407097,30.56897551546392,0.9605995262102899,0.0,1.825054670415495,0.0,0.2794220382013665,4.291180638831353,0.006611119630595171,45.2269304099142,0.28751753155680226,1.476875,7.9105272827484825,-0.07638346481403428,-0.2814473186487038,0.04475958342565921,1.9371980676328502,0.7632398753894081,2.3020134228187916,-0.049167971241375334,-0.1092253584633421,Diagnostics & Research,Healthcare,STRRP
2009Q3,2009,Q3,2009-10-22,2009-09-30,-414000.0,16928000.0,-321000.0,-0.16,4513000.0,0.2665997164,60171000.0,49252000.0,47764000.0,10748000.0,10919000.0,6740000.0,-103832000.0,47443050.0,34563050.0,9.685742379547689,4.443989579456643,0.0,0.0,-0.013035003654673923,9.685742379547689,-0.008405750020303745,2.8026376417769376,-28.649184782608696,0.9632715422723951,0.0,1.8419881305637982,0.0,0.28133153844875436,3.686825455898772,-0.0068803908859749715,697.6919117647059,0.2665997164461248,-1.5161290322580645,-2.0721638805081124,-0.017179274326699905,-0.28220881713166385,-0.2335258152173913,-1.528061224489796,-1.5031347962382444,0.8059981255857546,0.013531313615135864,-0.11036450995267522,Diagnostics & Research,Healthcare,STRRP
2009Q2,2009,Q2,2009-07-23,2009-06-30,784000.0,18559000.0,638000.0,0.31,5888000.0,0.317258473,62114000.0,49982000.0,48825000.0,12010000.0,12132000.0,6944000.0,-103418000.0,47443050.0,31708050.0,9.829301868239922,4.065362198168193,0.0,0.0,0.02552919050858309,9.829301868239922,0.01568564683285983,2.5563365483054046,15.128523596938775,0.9492027129766716,0.0,1.8247407834101383,0.0,0.29878932285797083,3.3487094088259783,0.012621953182857326,14.048874740894284,0.3172584729780699,16.91907514450867,6.638049959081877,0.0733926669218425,-0.26459970856478704,0.15247602270503033,16.818181818181817,3.08974358974359,1.651704073150457,-0.02434023761959838,-0.1226148471922341,Diagnostics & Research,Healthcare,STRRP
2009Q1,2009,Q1,2009-04-30,2009-03-31,44000.0,17710000.0,156000.0,0.0173,5109000.0,0.2884810841,60421000.0,48925000.0,45966000.0,11384000.0,11496000.0,6355000.0,-104202000.0,47443050.0,32116050.0,9.621435594886922,4.037772312016866,0.0,0.0,0.006377107818088912,9.621435594886922,0.0008993357179356157,2.678884810841333,269.56278409090913,0.9697097598364844,0.0,1.9828481510621558,0.0,0.2931100114198706,3.330024595924104,0.0007282236308568213,-67.58269230769231,0.28848108413325807,1.0128148148148148,1.0828466095025062,0.11609224782869333,1.646224691948949,-0.18646496815286623,1.0063860667634252,1.0702386312471859,1.0156918687589158,-0.06568187813241888,-0.1511234492929643,Diagnostics & Research,Healthcare,STRRP
2008Q4,2008,Q4,2009-02-13,2008-12-31,-6890000.0,21987000.0,-2221000.0,-1.35,6280000.0,0.2856233229,61195000.0,48959000.0,45690000.0,12094000.0,12236000.0,4978000.0,-104246000.0,47443050.0,33918050.0,9.628121927236972,3.777906399867703,0.0,0.0,-0.09072897730754305,9.628121927236972,-0.14072999857023225,2.1577773229635695,-1.7214459361393322,0.9690363365264814,0.0,3.155283246283648,0.0,0.35929405997221997,3.1096411443691085,-0.11259089794917886,18.916686602870815,0.28562332287260656,-2.9705882352941173,-159.23075509829138,0.23834116465234634,-0.2877033200453924,0.3020941322828115,-6.928653624856157,-1.2099502487562188,-0.24368231046931427,0.26347546259050686,-0.18385343735413742,Diagnostics & Research,Healthcare,STRRP
2008Q3,2008,Q3,2008-10-28,2008-09-30,-869000.0,20203000.0,-1005000.0,-0.34,4823000.0,0.2387269217,64678000.0,52007000.0,40933000.0,12445000.0,12671000.0,5750000.0,-100801000.0,47443050.0,37294050.0,10.227531956735497,3.2891120932101248,0.002535638084047126,0.0031534216547772415,-0.038527151099269706,10.227531956735497,-0.01670928913415502,2.3483170816215413,-13.648748561565018,0.912243544138289,0.0,2.674782608695652,0.0,0.3123627817805127,2.6694254720771395,-0.013435789603883856,-47.729426559356135,0.2387269217442954,0.2444444444444444,-3.2505082419361107,0.1729635586470749,-0.24205786470735072,0.0588364434687157,0.24826989619377163,0.28925035360678925,0.6926070038910507,0.16430382664822502,-0.16844680374788135,Diagnostics & Research,Healthcare,STRRP
2008Q2,2008,Q2,2008-07-24,2008-06-30,-1156000.0,19897000.0,-1414000.0,-0.45,4555000.0,0.2289289843,65581000.0,52827000.0,41177000.0,12499000.0,12754000.0,5652000.0,-99932000.0,47443050.0,36220050.0,10.388790560471977,3.294423553884311,0.0024092343819093944,0.0029908948075794573,-0.05337359630083986,10.388790560471977,-0.021882749351657297,2.384432326481379,-10.26017517301038,0.8980833664603328,0.0,2.7144373673036095,0.0,0.30339580061298244,2.6784542763421073,-0.017627056617007975,47.44305,0.22892898426898528,0.18181818181818185,0.0,0.0,0.0,0.0321776569227283,0.17132616487455196,0.16774573278399058,0.6198618875369944,0.28683223386366574,-0.1907628676470588,Diagnostics & Research,Healthcare,STRRP
2008Q1,2008,Q1,2008-04-30,2008-03-31,-1395000.0,18271000.0,-1699000.0,-0.55,4413000.0,0.2415302939,66726000.0,54064000.0,41581000.0,12376000.0,12662000.0,5804000.0,-98776000.0,47443050.0,32092050.0,10.632055063913471,3.35980930833872,0.0032521056259928664,0.0040137614678899085,-0.06260017317293344,10.632055063913471,-0.025802752293577983,2.5966312736029775,-8.50233870967742,0.8775349585676235,0.0,2.3876636802205375,0.0,0.273821299043851,2.7184873949579833,-0.02090639330995414,-9.113148290434115,0.2415302939083794,-0.2790697674418606,0.0,0.0,0.0,-0.017586821015138022,0.3659090909090909,-0.4361792054099746,-0.422018348623853,0.0167501391207568,-0.2031365150487869,Diagnostics & Research,Healthcare,STRRP
2007Q4,2007,Q4,2008-02-13,2007-12-31,-2200000.0,18823000.0,-1183000.0,-0.43,4492000.0,0.2386442119,69015000.0,55247000.0,47439000.0,13534000.0,13768000.0,5455000.0,-97381000.0,47443050.0,32734050.0,10.864700098328417,3.5051721590069453,0.003086285590089111,0.0038554129635998335,-0.0426613775694194,10.864700098328417,-0.03982116676018607,2.52048291983212,-5.3912556818181825,0.85874436620993,0.0,2.6271310724106325,0.0,0.27273781062087954,2.970149253731343,-0.03187712816054481,62.672457067371205,0.2386442118684588,-0.8695652173913042,-51.52360830424398,0.06013988912771706,-0.1962202112491635,-0.059069962295768746,-2.741496598639456,-0.21707818930041153,-51.52360830424398,0.06013988912771706,-0.1962202112491635,Diagnostics & Research,Healthcare,STRRP
2007Q3,2007,Q3,2007-10-25,2007-09-30,-588000.0,18774000.0,-972000.0,-0.23,4774000.0,0.2542878449,69502000.0,56157000.0,47858000.0,13092000.0,13345000.0,5060000.0,-96281000.0,47443050.0,38285050.0,11.043657817109144,3.6555148182095936,0.0029639434836407587,0.0036682871235999073,-0.03449071199190959,11.043657817109144,-0.010470644799401678,2.5270613614573345,-20.171364795918368,0.8448287835888669,0.0,2.766798418972332,0.0,0.27012172311588156,3.1591811793461657,-0.008460188196023136,-30.968048302872063,0.25428784489187173,-3.457264957264957,-2.5227834824607975,0.08999741870218206,-0.18157639372335835,-0.1783132530120482,-3.4705882352941178,-5.942857142857143,-2.5227834824607975,0.08999741870218206,-0.18157639372335835,Diagnostics & Research,Healthcare,STRRP
2007Q2,2007,Q2,2007-08-07,2007-06-30,238000.0,18812000.0,-140000.0,0.0936,5810000.0,0.3088454178,69437000.0,56455000.0,49041000.0,12709000.0,12982000.0,6020000.0,-95693000.0,47443050.0,37884050.0,11.102261553588987,3.8587615075930444,0.0038452122067485633,0.004729430519883093,-0.004936356263883502,11.102261553588987,0.004215747055176689,2.52195672974697,49.83513655462185,0.840369320697901,0.0,2.159800664451827,0.0,0.27092184282155046,3.29876465496892,0.0034275674352290566,32.18660108548168,0.3088454178184138,2.216494845360825,0.0,0.0,0.0,0.06762219772142594,2.2162162162162162,0.6634615384615384,1.3186937375784267,0.08802537044742184,-0.16936050072076064,Diagnostics & Research,Healthcare,STRRP
2007Q1,2007,Q1,2007-05-07,2007-03-31,74000.0,17538000.0,-416000.0,0.0291,5442000.0,0.3102976394,68078000.0,55867000.0,56907000.0,11885000.0,12211000.0,6801000.0,-95932000.0,47443050.0,38067050.0,10.986627335299902,4.788136306268406,0.004920826111225359,0.0059963842697835935,-0.014803743639016405,10.986627335299902,0.0013245744357133907,2.705157372562436,160.28057432432433,0.8492142051658402,0.0,1.7785619761799736,0.0,0.25761626369752344,4.089272191838452,0.0010869884544199302,-10.342936559843034,0.31029763941156346,1.4965870307167235,0.0,0.0,0.0,0.10835030549898167,1.2483221476510067,0.3101160862354892,1.1393329341633058,0.10525272966796291,1.7379179328587009,Diagnostics & Research,Healthcare,STRRP
