Year,Date,FillingDate,NetIncome,Revenue,OperatingIncome,EPSDiluted,GrossProfit,GrossProfitRatio,TotalAssets,CommonStockEquity,CurrentAssets,CurrentLiability,TotalLiability,Inventory,RetainedEarnings,EnterpriseValue,bookValuePerShare,currentRatio,debtToAssets,debtToEquity,roic,shareholdersEquityPerShare,roe,priceToSalesRatio,peRatio,pbRatio,payoutRatio,inventoryTurnover,dividendYield,assetTurnover,quickRatio,returnOnAssets,priceToFreeCashFlowsRatio,grossProfitMargin,epsdilutedGrowth,fiveYNetIncomeGrowthPerShare,fiveYRevenueGrowthPerShare,fiveYShareholdersEquityGrowthPerShare,grossProfitGrowth,netIncomeGrowth,operatingIncomeGrowth,threeYNetIncomeGrowthPerShare,threeYRevenueGrowthPerShare,threeYShareholdersEquityGrowthPerShare,Industry,Sector,Price,MarketCap,AvgVolume,Symbol
2022,2022-12-31,2023-03-09,60597000.0,8375000.0,93681000.0,1.89,8375000.0,1.0,4082200000.0,292295000.0,1289420000.0,95000000.0,3789905000.0,0.0,212375000.0,554950225.3599999,9.227130766558185,13.572842105263158,0.044880456616530305,0.6268016900733848,0.16391040222686537,9.227130766558185,0.20731452813082674,53.40778810268656,7.3813922365793685,1.5302698484749995,0.3631202864828292,0.0,0.04919401040407301,0.0020515898290137673,14.142905263157894,0.01484420165596982,5.721287098490662,1.0,0.06779661016949146,1.3220171113414814,-0.9253973702038374,0.050809012832753735,-0.9427087965084859,0.16883342334696397,0.32724593740702435,0.4836346892542559,-0.9339286074061144,-0.14498255499264426,Banks—Regional,Financial Services,12.33,461907693,116081,FMNB
2021,2021-12-31,2022-03-09,51844000.0,146183000.0,70583000.0,1.77,146183000.0,1.0,4142749000.0,472432000.0,1540467000.0,0.0,87758000.0,0.0,173896000.0,516022472.35,16.197285204826752,0.0,0.021183518480120327,0.18575795035052664,0.10516561492833812,16.197285204826752,0.10973854438310698,3.701213358256432,10.43620230595633,1.1452536499432724,0.2714296736362935,0.0,0.026008471825175183,0.0352864728227561,0.0,0.012514395634396387,10.102215772620337,1.0,0.20408163265306126,1.3345622190039654,0.4811138805866818,1.0510970120925367,0.0962683545063219,0.2380361066004394,0.06286893145404168,0.5103744488460232,0.33368750769778494,0.7088284082173696,Banks—Regional,Financial Services,12.33,461907693,116081,FMNB
2020,2020-12-31,2021-03-04,41876000.0,133346000.0,66408000.0,1.47,133346000.0,1.0,3071148000.0,350097000.0,830221000.0,2521000.0,2721051000.0,0.0,138073000.0,199381574.43,12.385576160112308,329.32209440698136,0.025692672577160073,0.22538325092760006,0.12894339461270077,12.385576160112308,0.11961256451783363,2.812957077302656,8.957316229582577,1.0714075654175843,0.3021778584392015,0.0,0.03373531208390567,0.043418943014143244,329.32209440698136,0.013635292079704398,8.099338711996891,1.0,0.14843749999999994,3.1709234790312752,0.5722771946343851,0.4182496890083006,0.2015318075328888,0.1710290827740492,0.05942600067003813,0.7982994805722856,0.3311648754344894,0.410500770764213,Banks—Regional,Financial Services,12.33,461907693,116081,FMNB
2019,2019-12-31,2020-03-05,35760000.0,110980000.0,62683000.0,1.28,110980000.0,1.0,2449158000.0,299309000.0,502993000.0,77050000.0,2149849000.0,0.0,108851000.0,504072102.08,10.791745619270731,6.528137573004543,0.049893473593782024,0.4082637007240009,0.12345771554089117,10.791745619270731,0.11947519119037517,4.078528582447287,12.657581154362417,1.512266928425139,0.2947147651006711,0.0,0.023283655977121516,0.04531353224250947,6.528137573004543,0.014600936321788958,12.134013405892286,1.0,0.10344827586206906,1.6858376066418774,0.44710295790917853,0.6310768002580196,0.0,0.09797660351868341,0.0,0.6934542258494494,0.18251131014359734,0.3665819249977006,Banks—Regional,Financial Services,12.33,461907693,116081,FMNB
2018,2018-12-31,2019-03-05,32569000.0,104000000.0,0.0,1.16,0.0,0.0,2328864000.0,262320000.0,1854381000.0,244759000.0,2066544000.0,0.0,83630000.0,585329500.0,9.478590785907858,7.576354699929318,0.10768855545021092,0.9560536749008844,0.0,9.478590785907858,0.1241575175358341,3.3901875,10.825616383677731,1.3440816559926807,0.2553348275967945,0.0,0.023586169927633342,0.0446569657996345,1.7169215432323224,0.01398492999161823,8.917258908925366,0.0,0.4146341463414634,1.8396896450027054,0.4163247621902707,0.5746067484655661,0.0,0.43406278895689315,0.0,2.3132636879358652,0.2524690634479888,0.08537610689795054,Banks—Regional,Financial Services,12.33,461907693,116081,FMNB
2017,2017-12-31,2018-03-06,22711000.0,97697000.0,0.0,0.82,0.0,0.0,2159069000.0,242074000.0,1698083000.0,289565000.0,1916995000.0,0.0,59208000.0,685402000.0,8.780977945443993,5.8642550031944465,0.1373550358974169,1.2250758032667697,0.0,8.780977945443993,0.09381841916108298,4.162133944747536,17.90445158733653,1.6797673438700562,0.26471753775703405,0.0,0.014785012345436123,0.04524959600642684,1.419771035864141,0.01051888568637686,13.732792975346166,0.0,0.07894736842105256,0.5587170647810801,0.3460289193487152,0.3660849853531983,0.0,0.10478182614194678,0.0,0.7160949518651077,0.28161846193669365,0.3271670696921866,Banks—Regional,Financial Services,12.33,461907693,116081,FMNB
2016,2016-12-31,2017-03-07,20557000.0,91364000.0,0.0,0.76,0.0,0.0,1966113000.0,213216000.0,1527739000.0,198460000.0,1752897000.0,0.0,42547000.0,577218000.0,7.896888888888889,7.697969364103598,0.10858785837843501,1.0013132222722498,0.0,7.896888888888889,0.09641396518084946,4.196401208353399,18.650581310502506,1.7981764970733902,0.21043926642992655,0.0,0.011283255086071987,0.0464693534908726,1.9634838254560112,0.010455655397222846,16.31003530863147,0.0,1.1111111111111112,0.5091602985302507,0.258028360210374,0.26076837856126917,0.0,1.5520794537554314,0.0,0.8371730029515377,0.2753473361737566,0.3118505500642538,Banks—Regional,Financial Services,12.33,461907693,116081,FMNB
2015,2015-12-31,2016-03-10,8055000.0,68043000.0,0.0,0.36,0.0,0.0,1869902000.0,198047000.0,1408489000.0,225832000.0,1671855000.0,0.0,26316000.0,420515800.0,8.73300114648558,6.236888483474441,0.13261924956495047,1.2521522668861431,0.0,8.73300114648558,0.04067216367831878,2.8662874946724863,24.212389819987585,0.9847702818017945,0.33308504034761016,0.0,0.013756801489815968,0.03638853800894378,1.845672889581636,0.004307712382787975,38.81982484076433,0.0,-0.25,-0.4641637876521905,-0.19535391761452234,0.3453128358693605,0.0,-0.1015058561070831,0.0,-0.32795696155854703,0.13961229283918483,0.35862108040894297,Banks—Regional,Financial Services,12.33,461907693,116081,FMNB
2014,2014-12-31,2015-02-27,8965000.0,51639000.0,0.0,0.48,0.0,0.0,1136967000.0,123560000.0,721276000.0,59136000.0,1013407000.0,0.0,20944000.0,232043250.0,6.616331994645248,12.196902056277056,0.07697408983726,0.7082955649077372,0.0,6.616331994645248,0.07255584331498867,3.0197379887294487,17.393892916899052,1.2620285691162187,0.2494143892916899,0.0,0.014339193099744286,0.045418204750005936,6.7850209686147185,0.007885013373299313,13.824135638297872,0.0,0.17073170731707318,0.09811180749472845,-0.13441546449089867,0.09660401736595299,0.0,0.15231362467866325,0.0,-0.04845554373420498,0.02800754866782319,0.05632259466748408,Banks—Regional,Financial Services,12.33,461907693,116081,FMNB
2013,2013-12-31,2014-03-13,7780000.0,49810000.0,0.0,0.41,0.0,0.0,1137326000.0,113007000.0,686811000.0,81617000.0,1024319000.0,0.0,14215000.0,211445150.0,6.019655888776434,8.415048335518335,0.08919078610706165,0.8976346597998354,0.0,6.019655888776434,0.06884529276947446,2.468643846617145,15.805032133676093,1.0881020644738821,0.28894601542416454,0.0,0.018281899902531776,0.04379571028887056,5.341313696901381,0.006840606826890443,8.759930896915295,0.0,-0.22641509433962273,-0.04138997599837407,0.09346865104665623,0.023062074508689374,0.0,-0.2166733789770439,0.0,-0.37480257105652925,-0.2884440404374966,-0.07267613975448461,Banks—Regional,Financial Services,12.33,461907693,116081,FMNB
2012,2012-12-31,2013-03-13,9932000.0,49476000.0,0.0,0.53,0.0,0.0,1139695000.0,120792000.0,651146000.0,79886000.0,1018903000.0,0.0,8683000.0,192610400.0,6.427841634738186,8.150940089627719,0.07923962112670495,0.747640572223326,0.0,6.427841634738186,0.08222398834359891,2.354887218045113,11.730809504631495,0.9645539439697993,0.3405155054369714,0.0,0.029027451626635906,0.043411614510899844,5.987244323160504,0.008714612242749156,14.991044776119402,0.0,0.06000000000000005,0.14896257515093056,0.17236737847993516,0.12004053526161997,0.0,0.0774571490561944,0.0,0.20898408826353818,-0.17583559674770766,0.06536325041590811,Banks—Regional,Financial Services,12.33,461907693,116081,FMNB
2011,2011-12-31,2012-03-14,9218000.0,49147000.0,0.0,0.5,0.0,0.0,1067871000.0,114445000.0,644940000.0,98088000.0,953426000.0,0.0,2133000.0,185634321.0,6.2635524678216115,6.575116222167849,0.10240094543254756,0.9554895364585608,0.0,6.2635524678216115,0.08054524007165013,1.8402816245142124,9.811707637231503,0.7902863471536546,0.24311130397049252,0.0,0.02477767509581945,0.04602334926222362,0.14437036130821304,0.008632128787091325,8.689049956768182,0.0,-0.24242424242424246,-0.08272846506466143,0.21535358709945637,0.07797411856569587,0.0,0.025247469691914135,0.0,0.16696182517500238,0.10852217279796442,0.06451317150391146,Banks—Regional,Financial Services,12.33,461907693,116081,FMNB
2010,2010-12-31,2011-03-14,8991000.0,50577000.0,0.0,0.66,0.0,0.0,982751000.0,88048000.0,647540000.0,105634000.0,894703000.0,0.0,14502000.0,148695717.07999998,6.4914278029928925,6.130033890603404,0.13265516901025795,1.4806355624204979,0.0,6.4914278029928925,0.10211475558786116,0.9708111805761512,5.46109632743855,0.5576585167181538,0.18084751418084752,0.0,0.03311560597680786,0.05146471486673634,0.2913077228922506,0.009148807785491951,2.5717953635030377,0.0,0.5000000000000001,0.06914607019171914,0.5325132261843506,0.11236635873283242,0.0,0.5390277302293734,0.0,0.44102298849251015,0.6604123297021552,0.13112031755469092,Banks—Regional,Financial Services,12.33,461907693,116081,FMNB
2009,2009-12-31,2010-03-16,5842000.0,42690000.0,0.0,0.44,0.0,0.0,1014808000.0,80628000.0,683747000.0,125912000.0,934180000.0,0.0,7137000.0,188572578.1,6.033474152810148,5.430356121735816,0.1508472538647705,1.8986084238726,0.0,6.033474152810148,0.07245621868333581,1.4336982454907472,10.47664808284834,0.7590983045592101,0.8218076001369394,0.0,0.07844184453254159,0.04206707081536606,0.20421405426011818,0.0057567539869610804,13.831543073446328,0.0,0.023255813953488393,-0.21935229840029416,0.38687791144189076,-0.01634334903560881,0.0,0.031244483671668138,0.0,-0.2051586750993678,0.4434091767870094,0.038377025685938926,Banks—Regional,Financial Services,12.33,461907693,116081,FMNB
2008,2008-12-31,2009-03-16,5665000.0,31796000.0,0.0,0.43,0.0,0.0,880370000.0,77102000.0,0.0,105435000.0,803268000.0,0.0,6096000.0,175269539.6,5.88395957465952,0.0,0.17253995479173528,1.9701045368472931,0.0,5.88395957465952,0.07347409924515577,1.4836312617939365,8.32719145631068,0.611832891494384,1.2007060900264783,0.0,0.1441910032123178,0.03611663277939957,0.22575994688670745,0.0064347944614196306,6.41467767201523,0.0,-0.06521739130434788,-0.4120466635494955,-0.04026628434314098,-0.050779284415138855,0.0,-0.04388185654008439,0.0,-0.3027118875112612,-0.0027433176469682805,0.00827104384917425,Banks—Regional,Financial Services,12.33,461907693,116081,FMNB
TTM,,,,,,,,,,,,,,,,626230693.0,10.061057272257406,7.271813725490196,0.057207538485203,0.7802755697439155,0.11791629171706239,10.061057272257406,0.16531991499236445,2.774837008824784,8.858730065987496,1.2255173255000773,0.4436212086131049,0.0,0.05433901054339011,0.03257665630896658,7.271813725490196,0.010142692028745846,5.845231046657302,0.9470392820026072,,,,,,,,,,,Banks—Regional,Financial Services,12.33,461907693,116081,FMNB
