Quarters,Year,Quarter,FillingDate,Date,NetIncome,Revenue,OperatingIncome,EPSDiluted,GrossProfit,GrossProfitRatio,TotalAssets,CommonStockEquity,CurrentAssets,CurrentLiability,TotalLiability,Inventory,RetainedEarnings,MarketCap,EnterpriseValue,bookValuePerShare,currentRatio,debtToAssets,debtToEquity,roic,shareholdersEquityPerShare,roe,priceToSalesRatio,peRatio,pbRatio,payoutRatio,inventoryTurnover,dividendYield,assetTurnover,quickRatio,returnOnAssets,priceToFreeCashFlowsRatio,grossProfitMargin,epsdilutedGrowth,fiveYNetIncomeGrowthPerShare,fiveYRevenueGrowthPerShare,fiveYShareholdersEquityGrowthPerShare,grossProfitGrowth,netIncomeGrowth,operatingIncomeGrowth,threeYNetIncomeGrowthPerShare,threeYRevenueGrowthPerShare,threeYShareholdersEquityGrowthPerShare,Industry,Sector,Symbol
2023Q1,2023,Q1,2023-05-11,2023-03-31,-5849000.0,10467000.0,-5291000.0,-0.18,3337000.0,0.3188115028,41944000.0,8158000.0,31964000.0,18999000.0,33786000.0,17775000.0,-302017000.0,9225047.2,18792047.2,0.248674023044565,1.682404337070372,0.3838212855235552,1.9734003432213778,-0.1999964003689331,0.248674023044565,-0.7169649423878401,0.8813458679659882,-0.3943001880663361,1.130797646481981,0.0,0.4011251758087201,0.0,0.24954701506770932,0.6152955418706247,-0.1394478352088499,-1.4771893034427541,0.31881150281838155,0.859375,0.2731526151402905,-0.3482120383995771,-0.7958772888756298,-0.07202447163515016,0.40685528851029307,0.3721371781179542,0.06464249948673521,1.1018570847041045,2.6135646194627675,Medical Devices,Healthcare,BIOL
2022Q4,2022,Q4,2023-03-28,2022-12-31,-9861000.0,14051000.0,-8427000.0,-1.28,3596000.0,0.2559248452,38186000.0,4889000.0,28959000.0,17807000.0,33297000.0,15884000.0,-296168000.0,5016700.0,15885700.0,0.6334542627623737,1.626270567754254,0.39412350075944064,3.0783391286561668,-0.4010350201932384,0.6334542627623737,-2.0169768868889344,0.3570350864707138,-0.1271853767366393,1.026119860912252,-0.02200588175641416,0.6582095190128431,0.04325552654135188,0.3679620803435814,0.5628123771550514,-0.2582360027235112,-0.8287956385263505,0.25592484520674685,-0.16363636363636358,-5.807128309613512,1.9496242816524865,-0.5568547954139395,0.47075664621676894,-0.17574818170978895,-0.10142465037250033,-9.015421572516516,4.027519843690645,46.24527045186319,Medical Devices,Healthcare,BIOL
2022Q3,2022,Q3,2022-11-10,2022-09-30,-8387000.0,12010000.0,-7651000.0,-1.1,2445000.0,0.2035803497,42865000.0,13858000.0,33881000.0,13763000.0,29007000.0,16427000.0,-286307000.0,18504450.0,23380450.0,1.8198292843072883,2.461745259027828,0.34610987985535985,1.0705729542502525,-0.24841471852284067,1.8198292843072883,-0.6052099870111127,1.5407535387177351,-0.5515813163228807,1.3352900851493723,0.0,0.5822730869909296,0.0,0.28018196663944944,1.075782896170893,-0.1956607955208212,-2.006119904596704,0.2035803497085762,-0.20879120879120885,-2.8661585975151755,1.3628729224261855,0.3920172126612355,-0.5244115930752772,-0.4947424701479237,-0.5135509396636994,-3.4027006611775104,2.994499029378962,38.3833223900197,Medical Devices,Healthcare,BIOL
2022Q2,2022,Q2,2022-08-11,2022-06-30,-5611000.0,12235000.0,-5055000.0,-0.91,5141000.0,0.4201879853,50854000.0,21615000.0,44267000.0,13951000.0,29239000.0,16573000.0,-277920000.0,28359360.0,23723360.0,3.4907945736434107,3.1730341910974125,0.2932512683368073,0.6899375433726579,-0.13112051333831873,3.4907945736434107,-0.259588248901226,2.317888026154475,-1.2635608625913384,1.312022206800833,-0.03867403314917127,0.4280456163639655,0.0076517946808390596,0.24059071066189483,1.8371442907318472,-0.11033547016950486,-4.1184083647981415,0.4201879852881079,-0.16666666666666666,-2.0523346726166274,1.263434541239179,0.993030700174253,0.08712201311059421,-0.17483249581239532,-0.20185449358059915,-4.018908686252952,3.9358418594189706,18.879670046895953,Medical Devices,Healthcare,BIOL
2022Q1,2022,Q1,2022-05-12,2022-03-31,-4776000.0,10166000.0,-4206000.0,-0.78,4729000.0,0.4651780445,50242000.0,20600000.0,43783000.0,13112000.0,29642000.0,14611000.0,-272310000.0,54383970.0,48637970.0,3.344698814742653,3.339154972544234,0.3156721468094423,0.7699029126213592,-0.10920020140210195,3.344698814742653,-0.23184466019417477,5.349593743852056,-2.8467320979899498,2.6399985436893205,-0.045435510887772194,0.37211689822736294,0.003990146361142814,0.20234067115162613,2.0428615009151923,-0.09505991003542853,-6.532609009009009,0.46517804446193195,0.09302325581395345,-1.7181005069646575,1.1857093247146917,1.6223114349126706,-0.036078271504280474,0.09528319757529835,0.022996515679442508,-2.3445657425171724,2.3782320951370766,9.137224257962314,Medical Devices,Healthcare,BIOL
2021Q4,2021,Q4,2022-03-17,2021-12-31,-5279000.0,12408000.0,-4305000.0,-0.86,4906000.0,0.3953900709,55284000.0,25208000.0,49354000.0,13844000.0,30076000.0,12929000.0,-267534000.0,59861490.0,45346490.0,4.1057781889491896,3.5650101126841953,0.27959264886766516,0.6131783560774358,-0.10264887600966904,4.1057781889491896,-0.20941764519200254,4.824426982591876,-2.83488776283387,2.3747020787051727,0.0,0.5802459586975017,0.0,0.22444106794009117,2.471106616584802,-0.09548874900513711,-17.52898682284041,0.3953900709219858,-38.81481481481482,-1.7959655082614099,1.114177562836662,1.6787003097307285,0.01321767864518794,-0.6114163614163615,-0.6381278538812786,-1.5763604562821383,2.211855472920371,6.676164975497754,Medical Devices,Healthcare,BIOL
2021Q3,2021,Q3,2021-11-10,2021-09-30,-3276000.0,9531000.0,-2628000.0,-0.0216,4842000.0,0.50802644,58514000.0,30322000.0,52654000.0,13457000.0,28192000.0,14062000.0,-262255000.0,2428397032.5,2410487032.5,0.19956430456558796,3.9127591588021104,0.26446662337218446,0.5103555174460788,-0.05526359918667201,0.19956430456558796,-0.10804036673042676,254.7893224740321,-185.3172338598901,80.08696763076314,0.0,0.3334518560659935,0.0,0.16288409611375054,2.751133239206361,-0.05598660149707762,-659.3529819440673,0.5080264400377715,-3.5957446808510642,0.9145033951575701,-0.9408472217535927,-0.9044683836153775,0.19821826280623608,-3.6666666666666665,0.1815633758953597,0.9047433604654167,-0.8817821710403155,-0.7482235359269853,Medical Devices,Healthcare,BIOL
2021Q2,2021,Q2,2021-08-13,2021-06-30,-702000.0,9134000.0,-3211000.0,-0.0047,4041000.0,0.4424129626,61249000.0,33256000.0,55340000.0,12719000.0,27993000.0,12715000.0,-258979000.0,2629480912.5,2607782912.5,0.22072810539939602,4.350970988285242,0.2511551208999331,0.46256314649987973,-0.05694519748328987,0.22072810539939602,-0.02110897281693529,287.8783569629954,-936.424826388889,79.06786482138561,0.0,0.4005505308690523,0.0,0.1491289653708632,3.2156616086170295,-0.011461411614883508,-689.7903757869884,0.44241296255747753,0.9083820662768031,0.9836305694213151,-0.9455111770575985,-0.8554376959150719,0.47427946005107624,0.8982756122301115,0.4703068294292313,0.9805144373079795,-0.8975557590682623,-0.7776697484701914,Medical Devices,Healthcare,BIOL
2021Q1,2021,Q1,2021-05-13,2021-03-31,-6901000.0,8116000.0,-6062000.0,-0.0513,2741000.0,0.3377279448,63484000.0,33516000.0,57749000.0,11270000.0,29968000.0,11877000.0,-258277000.0,2836063485.0,2813542485.0,0.2490303597699612,5.12413487133984,0.28859240123495683,0.5466344432509846,-0.11353188024332052,0.2490303597699612,-0.2059016589091777,349.4410405372104,-102.74103336472976,84.61819683136413,0.0,0.4525553590974152,0.0,0.12784323609098355,3.9137533274179237,-0.10870455547854578,-435.8480843706777,0.3377279448003943,0.2215477996965099,0.850847914975383,-0.9320497504069161,-0.8569211193367374,0.7077881619937695,-0.12357538261152719,-0.09442137569958477,0.7909611376974706,-0.8768088402274997,-0.7955847918243877,Medical Devices,Healthcare,BIOL
2020Q4,2020,Q4,2021-03-31,2020-12-31,-6142000.0,8520000.0,-5539000.0,-0.0659,1605000.0,0.1883802817,41025000.0,10028000.0,35110000.0,11223000.0,30997000.0,11157000.0,-251376000.0,971025592.5,969952592.5,0.10758386885668,3.128397041789183,0.4019744058500914,1.6444954128440368,-0.19620855853273017,0.10758386885668,-0.6124850418827283,113.97013996478873,-39.52399839221752,96.83143124252095,-2.8293715402149138,0.6197902662005915,0.017896541691819517,0.2076782449725777,1.8375657132673973,-0.14971358927483241,-710.8532887994144,0.18838028169014084,-660.0,0.6674193414245443,-0.9218854791182337,-0.9464513885581819,-0.2941952506596306,-512.8333333333334,-11.219557195571955,0.6489326855168778,-0.8519062713614294,-0.9247376197821283,Medical Devices,Healthcare,BIOL
2020Q3,2020,Q3,2020-11-13,2020-09-30,12000.0,6539000.0,542000.0,0.0001,2274000.0,0.3477595963,41996000.0,13851000.0,36047000.0,21433000.0,28145000.0,12592000.0,-245234000.0,559422727.5,556875727.5,0.17028312904931092,1.6818457518779453,0.3881322030669588,1.176810338603711,0.00747544963036522,0.17028312904931092,0.0008663634394628547,85.55172465208747,11654.640156250001,40.38861652588261,0.0,0.33870711562897077,0.0,0.1557053052671683,1.0376522185415014,0.0002857414991903991,-265.7590154394299,0.3477595962685426,1.0008333333333335,1.0003424078891616,-0.9112589407501128,-0.9198419576638205,1.4165781083953242,1.0025548222269534,1.1362151294295049,1.0005178627450764,-0.8795604578618754,-0.8697476468224421,Medical Devices,Healthcare,BIOL
2020Q2,2020,Q2,2020-08-14,2020-06-30,-4697000.0,2938000.0,-3979000.0,-0.12,941000.0,0.3202859088,27756000.0,1309000.0,22894000.0,21089000.0,26447000.0,11932000.0,-245251000.0,439734250.0,451199250.0,0.03445643590418531,1.0855896438901798,0.6089494163424124,12.91214667685256,-0.21837379333558887,0.03445643590418531,-3.588235294117647,149.67128999319266,-23.405059080263996,335.93143621084795,0.0,0.16736506872276233,0.0,0.10585098717394437,0.45312722272274647,-0.16922467214296008,-83.3303486829638,0.320285908781484,0.368421052631579,0.7823317997668602,-0.9192306789675152,-0.9862463843559913,-0.30450849963045085,0.21794871794871795,0.2565396113602392,0.5835392320480944,-0.9114114871733735,-0.9803274775622353,Medical Devices,Healthcare,BIOL
2020Q1,2020,Q1,2020-05-08,2020-03-31,-6006000.0,4783000.0,-5352000.0,-0.19,1353000.0,0.2828768555,24531000.0,-4856000.0,19969000.0,23679000.0,29387000.0,12192000.0,-240553000.0,295396875.0,307587875.0,-0.15411469738804787,0.8433210861945184,0.5585585585585585,-2.8216639209225702,-0.5937149258459217,-0.15411469738804787,1.236820428336079,61.759748066067324,-12.295907217782219,-60.831316927512354,0.0,0.2813320209973753,0.0,0.19497778321307732,0.26436927235102836,-0.24483306836248012,-71.30023533671253,0.2828768555300021,-0.4615384615384615,0.5656018304661824,-0.8267582110140889,-1.0514232154722603,-0.6936834955852389,-0.6743797044884304,-0.7559055118110236,0.33186825765272615,-0.7989897218846704,-1.1208290359261777,Medical Devices,Healthcare,BIOL
2019Q4,2019,Q4,2020-03-30,2019-12-31,-3587000.0,10182000.0,-3048000.0,-0.13,4417000.0,0.4338047535,31847000.0,377000.0,27019000.0,25779000.0,31470000.0,10995000.0,-234547000.0,388520465.0,396520465.0,0.013407781492282524,1.0481011676170526,0.4329764185009577,36.57559681697613,-0.20399691305936316,0.013407781492282524,-9.514588859416445,38.157578570025535,-27.07837085308057,1030.5582625994696,0.0,0.5243292405638926,0.0,0.3197161428077998,0.5643741029520152,-0.11263227305554684,-81.94905399704703,0.4338047534865449,0.48,0.6539418450381241,-0.6953918011130031,-0.9964498699800252,0.48770629841697544,0.3451989777290982,0.37566571077427285,0.5851701451929173,-0.6211814410610936,-0.9912524674292326,Medical Devices,Healthcare,BIOL
2019Q3,2019,Q3,2019-11-12,2019-09-30,-5478000.0,8646000.0,-4882000.0,-0.25,2969000.0,0.34339579,28273000.0,-1066000.0,23289000.0,14066000.0,29339000.0,11537000.0,-230960000.0,514603000.0,526344000.0,-0.04868024477121198,1.6556945826816436,0.4892300074275811,-12.975609756097562,-0.3704336000207437,-0.04868024477121198,5.138836772983114,59.51919962988665,-23.48498539612997,-482.74202626641653,0.0,0.4920689954060848,0.0,0.30580412407597357,0.7511019479596189,-0.19375375800233438,-352.4678082191781,0.34339578996067543,-0.38888888888888895,0.3533469266991674,-0.7194375649408207,-1.039625052571345,-0.12159763313609467,-0.40497563477814824,-0.38417918911256027,0.008032296591890982,-0.627674794664542,-1.023303278004131,Medical Devices,Healthcare,BIOL
2019Q2,2019,Q2,2019-08-09,2019-06-30,-3899000.0,8645000.0,-3527000.0,-0.18,3380000.0,0.3909774436,32362000.0,3792000.0,27058000.0,13290000.0,28570000.0,12334000.0,-225491000.0,761223750.0,771396750.0,0.17559620282472796,2.035966892400301,0.429299796057104,3.6637658227848102,-0.19465817830513513,0.17559620282472796,-1.028217299578059,88.05364372469636,-48.80890933572711,200.74465981012656,0.0,0.42686881790173503,0.0,0.267134293306965,1.0127915726109857,-0.12048081082751375,-445.16008771929825,0.39097744360902253,0.21739130434782614,0.7751936372837421,-0.6849096412879279,-0.5150521014859001,-0.04031800113571834,0.2042857142857143,0.15500718735026353,0.36567933074631814,-0.640192191316043,-0.8849961058516996,Medical Devices,Healthcare,BIOL
2019Q1,2019,Q1,2019-05-10,2019-03-31,-4900000.0,10326000.0,-4174000.0,-0.23,3522000.0,0.341080767,33810000.0,6973000.0,28849000.0,15120000.0,26837000.0,12023000.0,-221592000.0,1289174000.0,1297842000.0,0.3299422731144128,1.9080026455026455,0.34380360839988167,1.6670012906926717,-0.21676504199222552,0.3299422731144128,-0.7027104546106411,124.8473755568468,-65.77418367346938,184.8808260433099,0.0,0.5659153289528404,0.0,0.3054125998225377,0.9721560846560846,-0.14492753623188406,-255.68702895676319,0.3410807669959326,0.30303030303030304,0.6315033817459017,-0.6705156340314056,-0.7154125700331462,-0.3725280598610369,0.29180517415811535,-0.09067154429056702,0.3255782556923936,-0.4494467618716332,-0.8104336709616037,Medical Devices,Healthcare,BIOL
2018Q4,2018,Q4,2019-03-08,2018-12-31,-6919000.0,13045000.0,-3827000.0,-0.33,5613000.0,0.4302798007,38516000.0,11089000.0,33307000.0,15967000.0,27427000.0,12248000.0,-216692000.0,513117000.0,515909000.0,0.534873625313525,2.0859898540740276,0.28133762592169487,0.977184597348724,-0.17384607581855716,0.534873625313525,-0.6239516638109839,39.33438098888463,-18.540143084260734,46.27261249887275,0.0,0.6067929457870673,0.0,0.3386904143732475,1.199724431640258,-0.17963963028351854,-128.1191011235955,0.4302798006899195,-0.43478260869565216,-0.11619515072431358,-0.6915316645534921,-0.5287782911845508,0.4242578025881756,-0.4831725616291533,0.1514412416851441,-0.6844436016295056,-0.4622725225972367,-0.7337729137576727,Medical Devices,Healthcare,BIOL
2018Q3,2018,Q3,2018-11-14,2018-09-30,-4665000.0,10936000.0,-4510000.0,-0.23,3941000.0,0.3603694221,34255000.0,16336000.0,28033000.0,17252000.0,17919000.0,13423000.0,-209773000.0,1082025000.0,1081337000.0,0.7926249393498301,1.6249130535590077,0.04524886877828054,0.0948824681684623,-0.2548291839070904,0.7926249393498301,-0.2855656219392752,98.94156912948061,-57.98633440514469,66.23561459353576,0.0,0.5211204648737242,0.0,0.3192526638446942,0.7904590772084396,-0.13618449861334112,-481.97104677060133,0.36036942209217265,0.04166666666666659,0.610627952595264,-0.7006161929124443,-0.41891815591208487,-0.08519034354688951,0.0500916310323763,0.0361188288095747,0.4746536975422003,-0.4142621509856446,-0.6268845668984818,Medical Devices,Healthcare,BIOL
2018Q2,2018,Q2,2018-08-13,2018-06-30,-4911000.0,12154000.0,-4679000.0,-0.24,4308000.0,0.3544512095,35649000.0,20390000.0,29155000.0,14734000.0,15259000.0,14008000.0,-205109000.0,621274500.0,618459500.0,0.9927938455545817,1.9787566173476314,0.002244102218856069,0.00392349190779794,-0.22904479878935607,0.9927938455545817,-0.24085335948994605,51.1168751028468,-31.626679902260232,30.469568415890144,0.0,0.5601085094231868,0.0,0.3409352295997083,0.9022668657526809,-0.13775982496002692,-173.00877192982455,0.354451209478361,0.040000000000000036,0.36182242564045863,-0.7153164112577395,-0.1667516268297564,0.42037586547972305,0.0219079864568811,0.09741512345679013,0.5790257766963444,-0.3819479991924371,-0.6037168497791003,Medical Devices,Healthcare,BIOL
2018Q1,2018,Q1,2018-05-04,2018-03-31,-5021000.0,10020000.0,-5184000.0,-0.25,3033000.0,0.3026946108,40384000.0,24937000.0,33584000.0,13132000.0,15447000.0,13401000.0,-200197000.0,1038822050.0,1032277050.0,1.2182574965558346,2.557416996649406,0.04789025356576862,0.07755543970806432,-0.19415915863397856,1.2182574965558346,-0.2013473954365,103.67485528942116,-51.723862278430595,41.657859806712914,0.0,0.5213790015670472,0.0,0.24811806656101426,1.3872982028632348,-0.12433141838351823,-213.57361225328947,0.3026946107784431,-0.3157894736842105,0.36221990118078456,-0.770593508105398,-0.13879795105232376,-0.16076369673491975,-0.30687142113482563,-0.22960151802656548,0.44098638235987686,-0.44133751618738964,-0.5935058835540655,Medical Devices,Healthcare,BIOL
2017Q4,2017,Q4,2018-03-14,2017-12-31,-3842000.0,12634000.0,-4216000.0,-0.19,3614000.0,0.2860535064,42984000.0,29260000.0,36050000.0,13370000.0,13724000.0,12298000.0,-195176000.0,1091019020.0,1079374020.0,1.4294507899596471,2.696335078534031,0.0,0.0,-0.12206927060057683,1.4294507899596471,-0.13130553656869445,86.35578755738483,-70.99290864133263,37.28704784688995,0.0,0.7334525939177102,0.0,0.29392332030522983,1.6281974569932685,-0.08938209566350269,-261.13427955959787,0.2860535064112712,0.3214285714285715,-2.2321354257460215,-0.7789378876715274,-0.17174319700187554,0.2658493870402802,0.16695576756287944,0.11447174963243016,0.4908398735990303,-0.4808071746692822,-0.6215081395506321,Medical Devices,Healthcare,BIOL
2017Q3,2017,Q3,2017-11-01,2017-09-30,-4612000.0,10806000.0,-4761000.0,-0.28,2855000.0,0.2642050713,37351000.0,21165000.0,29740000.0,15025000.0,16186000.0,14102000.0,-191334000.0,1219875434.25,1215453434.25,1.3073324580722452,1.9793677204658902,0.0008567374367486814,0.0015119300732341129,-0.225983656091944,1.3073324580722452,-0.21790692180486654,112.88871314547474,-66.12507774555507,57.63644858256555,0.0,0.5638207346475678,0.0,0.28930952317207037,0.9425623960066556,-0.12347728307140371,-354.92447897876053,0.2642050712567092,0.06666666666666654,-2.5655782274804015,-0.667795539437099,-0.1306988192581296,-0.39306972789115646,-0.07530892982047097,-0.06272321428571428,0.26360498630246126,-0.525701799750892,0.06415071704761381,Medical Devices,Healthcare,BIOL
2017Q2,2017,Q2,2017-08-07,2017-06-30,-4289000.0,12612000.0,-4480000.0,-0.3,4704000.0,0.3729781161,42283000.0,25304000.0,34450000.0,15614000.0,16979000.0,15192000.0,-186723000.0,1751703600.0,1743861600.0,1.7515006534210469,2.2063532727039834,0.001750112338291985,0.0029244388239013596,-0.1775075226779673,1.7515006534210469,-0.16949889345558014,138.8918173168411,-102.10442993704827,69.22635156496996,0.0,0.5205371248025277,0.0,0.29827590284511507,1.134878954784168,-0.1014355651207341,-281.8962986803991,0.37297811607992387,-0.03448275862068969,-0.08276304796446689,-0.5512010544018209,0.13105571041900804,0.1899822919301796,-0.0440603700097371,-0.09911678115799803,0.630354227967298,-0.3128866094007172,3.837157908080895,Medical Devices,Healthcare,BIOL
2017Q1,2017,Q1,2017-05-04,2017-03-31,-4108000.0,10874000.0,-4076000.0,-0.29,3953000.0,0.3635276807,37040000.0,18366000.0,29316000.0,17106000.0,18674000.0,14693000.0,-182433000.0,2429884406.25,2426425406.25,1.2754773404151516,1.7137846369694845,0.0031587473002159827,0.00637046716759229,-0.2212945517598672,1.2754773404151516,-0.22367418055101818,223.45819443167187,-147.87514643683056,132.3034088124796,0.0,0.4710406315932757,0.0,0.2935745140388769,0.7480416228224015,-0.11090712742980562,-455.88825633208256,0.36352768070627184,0.06451612903225812,-0.16230613306005442,-0.582453364642152,-0.27030966492847647,-0.26836942439385525,0.07205782697086063,0.009236752552260573,0.5465726294932365,-0.490748999706862,0.10014644338658338,Medical Devices,Healthcare,BIOL
2016Q4,2016,Q4,2017-03-10,2016-12-31,-4427000.0,13761000.0,-4114000.0,-0.31,5403000.0,0.3926313495,41941000.0,22065000.0,33987000.0,18014000.0,19876000.0,13523000.0,-178325000.0,2519246275.0,2510481275.0,1.5327501079663202,1.8866992339291662,0.0037910397939963283,0.007205982324949014,-0.18522274295619157,1.5327501079663202,-0.20063448900974393,183.07145374609402,-142.26599700700248,114.17386245184682,0.0,0.6180581231975153,0.0,0.32810376481247466,1.0385255912068392,-0.10555303879258959,-709.0476428370391,0.39263134946588185,-0.24,-0.03192731356757174,-0.5050871343051017,-0.16931029296637215,-0.036039250669045494,-0.40718372536554354,-0.306861499364676,-0.02852522297679782,-0.5313753542549312,0.3503472425651685,Medical Devices,Healthcare,BIOL
2016Q3,2016,Q3,2016-11-08,2016-09-30,-3146000.0,13229000.0,-3148000.0,-0.25,5605000.0,0.4236903772,44619000.0,26060000.0,37277000.0,16449000.0,18559000.0,13543000.0,-173898000.0,2728894437.5,2716445437.5,2.0889869984206744,2.2662167912943034,0.004504807369058025,0.007712970069071374,-0.12049508308528094,2.0889869984206744,-0.12072141212586339,206.2812334643586,-216.85429414335664,104.71582645817345,0.0,0.5629476482315587,0.0,0.2964880432102916,1.3732141771536264,-0.07050807951769425,-1576.4843659734258,0.4236903772016025,0.10714285714285723,-0.7913333943100589,-0.4503816911121344,-0.010000046115168405,-0.009016973125884018,0.10953863572035098,0.07056392087392974,0.5661784133670229,-0.40167639206827255,0.5314587733180242,Medical Devices,Healthcare,BIOL
2016Q2,2016,Q2,2016-08-01,2016-06-30,-3533000.0,13810000.0,-3387000.0,-0.28,5656000.0,0.4095582911,36001000.0,18952000.0,28507000.0,14951000.0,17049000.0,11262000.0,-170752000.0,1815299752.5,1810665752.5,1.5268717996478656,1.9066952043341583,0.006749812505208189,0.012821865766146053,-0.1760904617697812,1.5268717996478656,-0.18641831996623048,131.44820800144822,-128.4531384446646,95.78407305297594,0.0,0.7240277037826318,0.0,0.38360045554290156,1.06434352217243,-0.09813616288436432,-1092.2381182310469,0.4095582910934106,0.1764705882352941,-1.4023246467518629,-0.41460941530041506,-0.3492243220892171,0.5521405049396267,0.1716295427901524,0.21469974495710642,0.24033709822400545,-0.4647674040371112,0.2814981164447194,Medical Devices,Healthcare,BIOL
2016Q1,2016,Q1,2016-05-09,2016-03-31,-4265000.0,11010000.0,-4313000.0,-0.34,3644000.0,0.3309718438,38419000.0,21593000.0,31109000.0,14546000.0,16826000.0,12567000.0,-167219000.0,2031503296.25,2025161296.25,1.740510958818977,2.1386635501168705,0.007418204534214842,0.013198721807993332,-0.19644601976693923,1.740510958818977,-0.19751771407400545,184.51437749772933,-119.07991185521688,94.08156792710601,0.0,0.5861382987188669,0.0,0.28657695411124706,1.1503506118520554,-0.11101278013482913,-397.16584481915936,0.3309718437783833,-0.7000000000000001,-1.75354189587129,-0.49520366512156466,1.4107794415544088,-0.3559561682573347,-0.7351505288852725,-0.8958241758241758,0.10614171947807773,-0.5840949523353458,0.23038980526567956,Medical Devices,Healthcare,BIOL
2015Q4,2015,Q4,2016-03-11,2015-12-31,-2458000.0,14517000.0,-2275000.0,-0.2,5658000.0,0.3897499483,42251000.0,24925000.0,34800000.0,15106000.0,17326000.0,12566000.0,-162954000.0,1304349177.4625,1292976177.4625,2.0090879288919097,2.3037203760095326,0.007715793709024639,0.013079237713139418,-0.09083172997057573,2.0090879288919097,-0.09861584754262788,89.84977457205346,-132.6636673578621,52.3309599784353,0.0,0.7049976126054432,0.0,0.3435895008402168,1.3668078909042765,-0.058176137842891294,-387.27707169314135,0.38974994833643317,0.5348837209302325,-7.8401645107042395,-0.2766742953933362,4.96092509388428,0.673469387755102,0.5399588246303575,0.5749252615844545,-2.3006242661523704,-0.5808985050936434,0.16411194887870997,Medical Devices,Healthcare,BIOL
2015Q3,2015,Q3,2015-11-06,2015-09-30,-5343000.0,11234000.0,-5352000.0,-0.43,3381000.0,0.3009613673,47149000.0,26344000.0,40282000.0,18300000.0,20805000.0,14119000.0,-160496000.0,1395114075.0,1380263075.0,2.1243424126446433,2.20120218579235,0.007274809646015823,0.013020042514424537,-0.19964632197686033,2.1243424126446433,-0.2028165806255694,124.18676117144383,-65.27765651319484,52.95756434102642,0.0,0.5562008640838586,0.0,0.2382659229251946,1.3353551912568307,-0.11332159748881207,-294.63866420274553,0.30096136727790634,0.24561403508771926,0.10914233089064909,-0.17909474609880677,4.375744195699969,-0.08646311807619562,0.24115892628887942,0.23858301323090056,-4.392633134677535,-0.5491314453011862,0.41256598978281545,Medical Devices,Healthcare,BIOL
2015Q2,2015,Q2,2015-08-07,2015-06-30,-7041000.0,11869000.0,-7029000.0,-0.57,3701000.0,0.3118207094,51343000.0,31055000.0,45211000.0,17908000.0,20288000.0,13680000.0,-155153000.0,2696108250.0,2676581250.0,2.5052638372365057,2.5246258655349565,0.007693356445864091,0.01271936886169699,-0.22185973749320434,2.5052638372365057,-0.2267267750764772,227.15546802594994,-95.72888261610566,86.81720334889711,0.0,0.5970760233918129,0.0,0.23117075355939465,1.6584766584766584,-0.13713651325399762,-701.7460307131702,0.3118207094110709,-0.29545454545454536,0.23201325776513484,-0.08508343440725613,11.824733605410604,0.1529595015576324,-0.29525386313465785,-0.1734557595993322,-1.071631639266774,-0.5077533073144169,0.6178086851854647,Medical Devices,Healthcare,BIOL
2015Q1,2015,Q1,2015-05-01,2015-03-31,-5436000.0,10855000.0,-5990000.0,-0.44,3210000.0,0.2957162598,54694000.0,37128000.0,48967000.0,15763000.0,17566000.0,13172000.0,-148112000.0,3128081857.5,3104725857.5,2.9969867884123937,3.106451817547421,0.007002596262844188,0.010315664727429433,-0.15945114274729277,2.9969867884123937,-0.14641241111829348,288.1696782588669,-143.85954090783665,84.25128898674855,0.0,0.580397813543881,0.0,0.19846783925110614,2.1284019539427774,-0.09938932972538121,-409.9714098951507,0.29571625978811605,-0.1891891891891892,0.534570382044443,0.12183995869297011,5.188636942178412,-0.37169700528479155,-0.32423873325213154,-0.5684734223618748,-0.7877000325662761,-0.5155258682636503,0.7145520540018138,Medical Devices,Healthcare,BIOL
2014Q4,2014,Q4,2015-03-06,2014-12-31,-4105000.0,13238000.0,-3819000.0,-0.37,5109000.0,0.3859344312,59403000.0,42056000.0,54798000.0,16151000.0,17347000.0,12508000.0,-142676000.0,3660842636.25,3629282636.25,3.7767015339841623,3.3928549315831837,0.0,0.0,-0.09149846981498544,3.7767015339841623,-0.09760795130302453,276.54046202220877,-222.95022145249695,87.04685743413545,0.0,0.6499040614007036,0.0,0.22285069777620659,2.5115472726146986,-0.06910425399390603,-617.2386842438037,0.38593443118295817,0.05128205128205133,-0.4120586967331133,-0.3537486662204965,1.6802230043667903,-0.05266085666604858,-0.17453505007153075,-0.1590288315629742,-0.23700092461585903,-0.3845136825997984,1.0468222931534077,Medical Devices,Healthcare,BIOL
2014Q3,2014,Q3,2014-11-07,2014-09-30,-3495000.0,12714000.0,-3295000.0,-0.39,5393000.0,0.4241780714,29902000.0,11099000.0,25110000.0,17774000.0,18803000.0,11799000.0,-138571000.0,2811967582.5,2809208582.5,1.2285218974426069,1.4127377067626872,0.0,0.0,-0.2992711868454643,1.2285218974426069,-0.3148932336246509,221.17095976875885,-201.1421732832618,253.35323745382465,0.0,0.6204763115518265,0.0,0.4251889505718681,0.6764374929672555,-0.11688181392548994,-377.8002932285369,0.4241780714173352,0.5125,-3.5231202845155414,-0.34759167948048064,-0.24687144733819838,0.4462322338428533,0.45721385308277684,0.46786175710594313,-1.7479106596085727,-0.2706195693317335,-0.4177864090421858,Medical Devices,Healthcare,BIOL
2014Q2,2014,Q2,2014-08-08,2014-06-30,-6439000.0,10186000.0,-6192000.0,-0.8,3729000.0,0.3660907127,26398000.0,2903000.0,21439000.0,22601000.0,23495000.0,11850000.0,-135076000.0,2204751725.0,2205972725.0,0.36209292454459924,0.9485863457369142,0.1251609970452307,1.1381329658973476,-1.002096621322562,0.36209292454459924,-2.218050292800551,216.449217062635,-85.60148023761454,759.473553220806,0.0,0.5448945147679325,0.0,0.38586256534585955,0.38405380292907393,-0.24391999393893476,-15526.420598591549,0.36609071274298055,-0.2698412698412699,-2.928226841758312,-0.5035822898503788,-0.7382674061134078,-0.05379345343821365,-0.31757724575404134,-0.3359223300970874,-5.778474413625007,-0.33153110629624566,-0.8456705608869362,Medical Devices,Healthcare,BIOL
2014Q1,2014,Q1,2014-05-12,2014-03-31,-4887000.0,11518000.0,-4635000.0,-0.63,3941000.0,0.3421600972,28657000.0,9005000.0,23570000.0,19020000.0,19652000.0,11891000.0,-128637000.0,2339852732.5,2340895732.5,1.1593705075197505,1.2392218717139853,0.10042921450256481,0.319600222098834,-0.39197801638149626,1.1593705075197505,-0.5426985008328706,203.14748502344156,-119.69780706466133,259.83928178789563,0.0,0.6372046085274577,0.0,0.4019262309383397,0.5463196635120925,-0.17053424992148516,-811.6034451959764,0.342160097239104,-1.1,0.24728774806078258,0.25802502403890243,0.33337190333192834,-0.37897888433659,-1.1875559534467324,-1.2877591312931886,-4.039526650844468,-0.15650851613049105,0.6058425662367862,Medical Devices,Healthcare,BIOL
2013Q4,2013,Q4,2014-03-17,2013-12-31,-2234000.0,15241000.0,-2026000.0,-0.3,6346000.0,0.4163768782,31038000.0,8481000.0,25854000.0,21939000.0,22557000.0,11378000.0,-123750000.0,2629974242.7000003,2633167242.7000003,1.1350784891852355,1.178449336797484,0.14926863844319865,0.5462799198207758,-0.1557462771618393,1.1350784891852355,-0.26341233345124393,172.55916558624764,-294.31224739256936,310.101903395826,0.0,0.7817718403937423,0.0,0.4910432373219924,0.5728155339805825,-0.07197628713190282,-1089.9188738914215,0.4163768781576012,0.48275862068965514,0.6836445607203778,-0.019272116665902485,-0.32378792985525184,0.6573517889788456,0.4482588293405779,0.47526547526547525,-11.322452428387885,0.26091420669064586,3.2378118979699178,Medical Devices,Healthcare,BIOL
2013Q3,2013,Q3,2013-11-12,2013-09-30,-4049000.0,12345000.0,-3861000.0,-0.58,3829000.0,0.3101660591,32859000.0,9501000.0,27760000.0,22722000.0,23358000.0,11745000.0,-121516000.0,1648180065.923,1649563065.923,1.364050430097261,1.2217234398380423,0.1684165677592136,0.5824650036838227,-0.258203732719012,1.364050430097261,-0.42616566677191875,133.50992838582422,-101.764637313102,173.4743780573624,0.0,0.7250744997871434,0.0,0.3756961563042089,0.6580846756447496,-0.12322346997778387,-773.0675731346155,0.31016605913325235,-0.5675675675675674,0.2757555733289607,-0.3513939951579937,-0.4730317103546314,-0.31145477432116525,-0.5767133956386293,-0.6845549738219895,-0.2019578333939722,0.6060831156577762,3.1675815041090267,Medical Devices,Healthcare,BIOL
2013Q2,2013,Q2,2013-08-09,2013-06-30,-2568000.0,14247000.0,-2292000.0,-0.37,5561000.0,0.3903277883,32463000.0,8166000.0,27478000.0,23672000.0,24297000.0,12559000.0,-117467000.0,3013039900.8765,3016930900.8765,1.191474088064905,1.1607806691449813,0.18457936727967225,0.7337741856478079,-0.17321938126854075,1.191474088064905,-0.3144746509919177,211.48591990429566,-293.3255355214661,368.9737816405217,0.0,0.6916155744884147,0.0,0.4388688660937067,0.5735890503548496,-0.07910544311985954,-1222.3285601933064,0.3903277883063101,0.026315789473684233,-4.358667644222772,-0.3789817486106582,-0.6432077441650108,-0.0402140144977563,0.02394526795895097,0.18636847710330137,0.49339708051589654,0.9862964930111456,6.148116301905718,Medical Devices,Healthcare,BIOL
2013Q1,2013,Q1,2013-05-10,2013-03-31,-2631000.0,14597000.0,-2817000.0,-0.38,5794000.0,0.3969308762,30524000.0,9677000.0,25431000.0,20257000.0,20847000.0,11921000.0,-114899000.0,3453422447.5175,3455454447.5175,1.4146012518716753,1.2554178802389298,0.10683396671471629,0.3369846026661155,-0.19075907860882355,1.4146012518716753,-0.2718817815438669,236.58439730886482,-328.1473249256461,356.8691172385553,0.0,0.7384447613455247,0.0,0.47821386450006553,0.5861183788320087,-0.08619446992530468,-1162.3771280772467,0.3969308762074399,-3.714285714285714,-83.1074431093336,-0.37797350609501124,-0.5472833115505239,-0.34825646794150733,-3.527377521613833,-3.363255033557047,0.5920514061635105,1.731962345911266,1.921085137790151,Medical Devices,Healthcare,BIOL
2012Q4,2012,Q4,2013-03-15,2012-12-31,1041000.0,19080000.0,1192000.0,0.14,8890000.0,0.465932914,31973000.0,11794000.0,26917000.0,19375000.0,20179000.0,11142000.0,-112268000.0,1541374712.1504,1540468712.1504,1.7258545716561824,1.3892645161290322,0.051199449535545616,0.13879938952009496,0.08757218304827093,1.7258545716561824,0.08826521960318806,80.78483816301886,370.166837692219,130.69142887488553,0.0,0.9145575300664154,0.0,0.5967535107747162,0.7340903225806452,0.03255872142119914,877.7760319763097,0.4659329140461216,2.752190237797247,1.7365354357951484,-0.25635534542550054,-0.41910326359287164,0.41537971660563605,2.8996350364963503,4.072164948453608,1.5835105212390994,0.5178044411344812,0.2247923441979599,Medical Devices,Healthcare,BIOL
2012Q3,2012,Q3,2012-11-09,2012-09-30,-548000.0,13781000.0,-388000.0,-0.0799,6281000.0,0.4557724403,28764000.0,10315000.0,23859000.0,17655000.0,18449000.0,11200000.0,-113309000.0,1389580405.1987998,1390474405.1987998,1.5038889708588161,1.3514018691588785,0.07610207203448756,0.21221522055259331,-0.03308264312618406,1.5038889708588161,-0.05312651478429472,100.83306038740294,-633.932666605292,134.71453273861366,0.0,0.6696428571428571,0.0,0.4791058267278543,0.6572642310960068,-0.01905159226811292,-2719.3354309174165,0.45577244031637765,0.7040740740740741,0.8744700333107237,-0.13564879354739767,-0.5431363853454977,0.142,0.7080447522642515,0.7734967892586107,-1.5210973025795358,-0.0685372143238839,-0.07806142784698757,Medical Devices,Healthcare,BIOL
2012Q2,2012,Q2,2012-08-09,2012-06-30,-1877000.0,13316000.0,-1713000.0,-0.27,5500000.0,0.413036948,28213000.0,10601000.0,23427000.0,16832000.0,17612000.0,10700000.0,-112761000.0,1611397987.5798,1611725987.5798,1.5485538309798996,1.3918132129277567,0.06858540389182292,0.18252995000471653,-0.1391673369734773,1.5485538309798996,-0.17705876804075088,121.01216488283268,-214.62413260253064,152.0043380416753,0.0,0.7304672897196262,0.0,0.4719810016658987,0.6643892585551331,-0.06652961400772693,-561.0717226949164,0.4130369480324422,-0.08000000000000007,-0.674024093444508,-0.4113274270389395,-0.5907462741304799,-0.05286722920613053,-0.12260765550239235,-0.056103575832305796,-1.6582796678515026,-0.23998204692791492,0.1193452936567025,Medical Devices,Healthcare,BIOL
2012Q1,2012,Q1,2012-05-10,2012-03-31,-1672000.0,12320000.0,-1622000.0,-0.25,5807000.0,0.4713474026,27893000.0,11907000.0,23255000.0,15218000.0,15986000.0,10337000.0,-110884000.0,2223904167.58155,2221132167.58155,1.7479707200591201,1.5281245893021422,0.0,0.0,-0.13862680243381437,1.7479707200591201,-0.14042160073906107,180.51170191408687,-332.52155615752844,186.7728367835349,0.0,0.6300667505078843,0.0,0.44168787867923853,0.7724405309501906,-0.05994335496361094,-2588.9454803044823,0.4713474025974026,0.16666666666666663,0.21798723087350536,-0.34075235839556495,-0.5379473774541966,0.04668348954578226,0.17635467980295566,0.1652084405558415,0.706359342485385,0.534320834214258,1.010310794398059,Medical Devices,Healthcare,BIOL
2011Q4,2011,Q4,2012-03-13,2011-12-31,-2030000.0,13157000.0,-1943000.0,-0.3,5548000.0,0.421676674,29807000.0,12569000.0,25326000.0,16282000.0,17238000.0,11312000.0,-109212000.0,2098523482.6644778,2095216482.6644778,1.845153605477709,1.5554600171969046,0.0,0.0,-0.15535196211959487,1.845153605477709,-0.16150847322778264,159.49863058938038,-258.43885254488646,166.96025798905865,0.0,0.6726485148514851,0.0,0.4414063810514309,0.749662203660484,-0.06810480759553125,-975.1503172232703,0.42167667401383296,-1.1428571428571426,-2.576019306108343,-0.46577420521012264,-0.5388814475147701,0.043249341857841295,-1.130115424973767,-1.0714285714285714,0.6846875313338724,-0.07136530739720057,0.09923247703402706,Medical Devices,Healthcare,BIOL
2011Q3,2011,Q3,2011-11-10,2011-09-30,-953000.0,13061000.0,-938000.0,-0.14,5318000.0,0.4071663732,29390000.0,14284000.0,24853000.0,13703000.0,15106000.0,9823000.0,-107182000.0,2410247649.7857423,2404490649.7857423,2.1100879754825623,1.813690432751952,0.0,0.0,-0.06984541269952395,2.1100879754825623,-0.0667180061607393,184.5377574294267,-632.2790267014014,168.73758399508134,0.0,0.7882520614883437,0.0,0.44440285811500513,1.0093410202145516,-0.03242599523647499,-555.868922921066,0.4071663731720389,-0.16666666666666682,0.23936505391859758,-0.38488327939682215,-0.4045666834551257,-0.05255656511669339,-0.2656042496679947,-0.3082287308228731,0.8246039138853134,-0.29391674427929415,-0.18481793128277593,Medical Devices,Healthcare,BIOL
2011Q2,2011,Q2,2011-08-11,2011-06-30,-753000.0,12079000.0,-717000.0,-0.12,5613000.0,0.4646907857,29917000.0,14911000.0,25332000.0,13575000.0,15006000.0,8029000.0,-106229000.0,3838560295.362608,3828426295.362608,2.3462336585006636,1.8660773480662984,0.0,0.0,-0.04899625917566464,2.3462336585006636,-0.05049963114479244,317.78792080160673,-1274.422408818927,257.43144627205476,0.0,0.8053306762984183,0.0,0.4037503760403784,1.2178268876611418,-0.02516963599291373,-1762.4243780360919,0.46469078566106464,0.0,0.7382173833693523,-0.35691880175515844,-0.29751537587464433,0.15995040297582144,-0.004,-0.7660098522167488,-2.0620776056063814,-0.4321924207202115,-0.29740981518783155,Medical Devices,Healthcare,BIOL
2011Q1,2011,Q1,2011-05-10,2011-03-31,-750000.0,10561000.0,-406000.0,-0.12,4839000.0,0.4581952467,20305000.0,4337000.0,15704000.0,14191000.0,15968000.0,7178000.0,-105476000.0,3403670307.066249,3402038307.066249,0.7219702179377887,1.1066168698470862,0.0,0.0,-0.09462240223439383,0.7219702179377887,-0.17293059718699563,322.2867443486648,-1134.556769022083,784.7983184381482,0.0,0.797157982724993,0.0,0.5201181974883033,0.5354097667535762,-0.036936715094804236,-669.7501588087857,0.45819524666224787,-5.137931034482758,0.7064736668608651,-0.4407390375844383,-0.8043017905847555,0.0012414649286157666,-5.310344827586207,-2.13091922005571,-27.653822854777115,-0.48750824694768635,-0.7689469270640854,Medical Devices,Healthcare,BIOL
2010Q4,2010,Q4,2011-03-23,2010-12-31,174000.0,9718000.0,359000.0,0.029,4833000.0,0.4973245524,18147000.0,-3047000.0,13943000.0,19660000.0,21194000.0,6987000.0,-104726000.0,1210975078.0223129,1211903078.0223129,-0.5072269435223523,0.709206510681587,0.1444866920152091,-0.8605185428290122,-0.8165490196078431,-0.5072269435223523,-0.057105349524122086,124.61155361415032,1739.9067212964267,-397.43192583600694,0.0,0.6991555746386146,0.0,0.5355155122058742,0.25559511698880977,0.009588361712679782,-4622.042282527912,0.4973245523770323,1.0604166666666668,1.126864666895946,-0.5417881872181367,-1.1279078237675197,1.6984924623115578,1.0638297872340425,1.148102310231023,1.1400486580662155,-0.5691255205968764,-1.170724973557387,Medical Devices,Healthcare,BIOL
2010Q3,2010,Q3,2010-11-03,2010-09-30,-2726000.0,6220000.0,-2424000.0,-0.48,1791000.0,0.2879421222,19493000.0,-3547000.0,14998000.0,19492000.0,23040000.0,8432000.0,-104900000.0,759659652.8225011,760336652.8225011,-0.6292960276287036,0.7694438744100144,0.1489252552198225,-0.8184381167183535,3.803037907076325,-0.6292960276287036,0.7685367916549196,122.1317769811095,-69.66797989934895,-214.1696230117003,0.0,0.5252609108159393,0.0,0.31908890370902376,0.2609788631233326,-0.13984507259016057,-808.148566832448,0.2879421221864952,0.35135135135135137,0.5061395316552095,-0.4942437722183935,-1.1508721691553319,-0.07250129466597618,0.34534101825168106,0.4119359534206696,0.24012883175789787,-0.5252694785988452,-1.1911726619725038,Medical Devices,Healthcare,BIOL
2010Q2,2010,Q2,2010-08-16,2010-06-30,-4164000.0,5892000.0,-4122000.0,-0.74,1931000.0,0.3277325187,20279000.0,-1303000.0,15566000.0,18058000.0,21582000.0,9284000.0,-102174000.0,979291829.0645909,979298829.0645909,-0.23143884446119597,0.8620002215084727,0.14310370333842892,-2.227168073676132,-2.585934445598,-0.23143884446119597,3.195702225633154,166.20703140946893,-58.79513863260032,-751.5670215384429,0.0,0.42664799655320984,0.0,0.2905468711474925,0.25307343005869976,-0.20533556881503032,-291.1959051634228,0.3277325186693822,0.21276595744680848,0.4217744129523978,-0.6183549064810493,-1.0456742555837921,6.151851851851852,0.21508011310084826,0.22343632253202714,-3.51565253168648,-0.6832802705599051,-1.0611649446805123,Medical Devices,Healthcare,BIOL
2010Q1,2010,Q1,2010-05-17,2010-03-31,-5305000.0,4395000.0,-5308000.0,-0.94,270000.0,0.0614334471,19604000.0,2725000.0,14115000.0,14301000.0,16879000.0,8410000.0,-98010000.0,1263974504.156507,1260546504.156507,0.4842725169393195,0.986993916509335,0.0,0.0,-1.9519372805634216,0.4842725169393195,-1.9467889908256881,287.5937438353827,-59.565245247714756,463.84385473633284,0.0,0.49048751486325803,0.0,0.22418894103244236,0.311167051255157,-0.27060803917567844,2449.5629925513704,0.06143344709897611,-2.615384615384615,-0.16197941845083696,-0.7555899151245704,-0.9234249497475712,-0.9381159752463901,-2.611300204220558,-2.7672107877927608,-2.0036856248546067,-0.7152994718269288,-0.8719890534144064,Medical Devices,Healthcare,BIOL
2009Q4,2009,Q4,2010-03-19,2009-12-31,-1469000.0,10351000.0,-1409000.0,-0.26,4363000.0,0.4215051686,22177000.0,7929000.0,16412000.0,11610000.0,14248000.0,7861000.0,-92705000.0,1238046753.745733,1235071753.745733,1.4090997382795831,1.4136089577950044,0.0,0.0,-0.18553261833455642,1.4090997382795831,-0.1852692647244293,119.60648765778505,-210.6954992759927,156.1416009264388,0.0,0.7617351481999746,0.0,0.4667448257203409,0.6204995693367786,-0.06623979798890743,-1369.5207452939524,0.4215051685827456,-2.5294117647058822,0.9411523353769976,-0.49596171478256673,-0.7815418904519056,-0.25201440082290416,-2.710128055878929,-2.558628318584071,-2.3806347734544198,-0.4912062073861736,-0.647854774966242,Medical Devices,Healthcare,BIOL
2009Q3,2009,Q3,2009-11-06,2009-09-30,859000.0,12085000.0,904000.0,0.17,5833000.0,0.4826644601,23254000.0,9139000.0,17258000.0,11485000.0,14115000.0,9088000.0,-91236000.0,1458546688.560009,1454667688.560009,1.6312247000868714,1.5026556377884197,0.0,0.0,0.09903201806035815,1.6312247000868714,0.09399277820330453,120.6906651683913,424.4897230966266,159.5958735704135,0.0,0.6879401408450704,0.0,0.5196955362518276,0.6228994340444057,0.03693988131074224,7479.726608000046,0.4826644600744725,-0.6046511627906977,1.67165521795073,-0.032148736034345926,-0.8557546790107,-0.2796986910348234,-0.6313304721030043,-0.6345998383185125,1.8284015983047768,-0.3123108880225044,-0.5396942949828821,Medical Devices,Healthcare,BIOL
2009Q2,2009,Q2,2009-08-07,2009-06-30,2330000.0,14317000.0,2474000.0,0.43,8098000.0,0.5656212894,22415000.0,7739000.0,15999000.0,12020000.0,14676000.0,9006000.0,-92095000.0,1089021149.90315,1085534149.90315,1.3834460552570413,1.3310316139767056,0.0,0.0,0.31628591941606593,1.3834460552570413,0.3010724899857863,76.06489836579941,116.84776286514486,140.7185876603114,0.0,0.6905396402398402,0.0,0.6387240687039929,0.5012479201331115,0.10394824894044166,738.8203187945387,0.565621289376266,1.511904761904762,2.2582166682563245,-0.031765227319129355,-0.8975083170604682,3.580316742081448,1.498289136013687,1.5019273686346115,1.9202686791480048,-0.1340361788807909,-0.5857831215557622,Medical Devices,Healthcare,BIOL
2009Q1,2009,Q1,2009-05-08,2009-03-31,-4676000.0,6594000.0,-4929000.0,-0.84,1768000.0,0.2681225356,21888000.0,4864000.0,15414000.0,14487000.0,17024000.0,10493000.0,-94425000.0,579952115.82784,578142115.82784,0.869502728100562,1.0639884033961482,0.0,0.0,-1.0205659410884524,0.869502728100562,-0.9613486842105263,87.95148859991507,-31.006849648622755,119.23357644486842,0.0,0.45992566472886687,0.0,0.3012609649122807,0.24421895492510526,-0.2136330409356725,-153.22380867314135,0.2681225356384592,0.11578947368421051,-7.441422892173915,-0.5768350351398934,-0.9397773039467512,-0.6751194413818449,0.11556648382825799,-0.6457429048414023,-0.9652048638352342,-0.6250218794983173,-0.764311431769319,Medical Devices,Healthcare,BIOL
2008Q4,2008,Q4,2009-03-16,2008-12-31,-5287000.0,11635000.0,-2995000.0,-0.95,5442000.0,0.4677266867,35708000.0,9390000.0,28794000.0,23771000.0,26318000.0,12410000.0,-89749000.0,960142974.041878,954311974.041878,1.6785835972171623,1.2113078961760129,0.15133863559986557,0.5755058572949947,-0.2035635148212451,1.6785835972171623,-0.563045793397231,82.52195737360361,-45.40112417447882,102.25164792778253,0.0,0.4990330378726833,0.0,0.3258373473731377,0.6307265155020824,-0.14806205892237034,-190.39123022841127,0.4677266867211001,-0.1874999999999999,-1.3423029174308385,-0.3305981219373642,-0.726497719497702,-0.2773868012216173,-0.1775055679287305,0.2105956773853453,-3.139503628762275,-0.4108806385253935,-0.5767102326210705,Medical Devices,Healthcare,BIOL
2008Q3,2008,Q3,2008-11-07,2008-09-30,-4490000.0,15286000.0,-3794000.0,-0.8,7531000.0,0.4926730341,40943000.0,14480000.0,33045000.0,24049000.0,26463000.0,11856000.0,-84463000.0,1217899404.08045,1206824404.08045,2.5884867399046336,1.3740696078839036,0.10771071978115918,0.30455801104972374,-0.20310879964135653,2.5884867399046336,-0.3100828729281768,79.6741727123152,-67.81177082853286,84.10907486743439,0.0,0.6540991902834008,0.0,0.37334831350902475,0.8431535614786477,-0.1096646557409081,-347.87186634688663,0.4926730341488944,-7.153846153846154,-2.55367824000142,0.010715956808235162,-0.14984336238606052,-0.2548728603937865,-8.218649517684888,-10.82901554404145,0.1803879509862533,0.25235741268949713,-0.3794166939988288,Medical Devices,Healthcare,BIOL
2008Q2,2008,Q2,2008-08-08,2008-06-30,622000.0,18663000.0,386000.0,0.13,10107000.0,0.541552805,38615000.0,18619000.0,30489000.0,17485000.0,19996000.0,9340000.0,-79972000.0,2196545977.297501,2182038977.297501,3.3394056865851454,1.7437231913068345,0.0,0.0,0.021455906375136627,3.3394056865851454,0.033406735055588374,117.69522463149018,882.8561001999602,117.97335932636022,0.0,0.9160599571734476,0.0,0.48330959471707885,1.1358879039176437,0.016107730156674868,914.4654360106166,0.5415528050152708,27.260869565217394,-0.5649953756918866,0.5787675198692169,0.31093486928365677,0.05479023168440827,22.923076923076923,1.6880570409982174,1.087216361232584,0.22067315917957378,-0.3409711788781789,Medical Devices,Healthcare,BIOL
2008Q1,2008,Q1,2008-05-09,2008-03-31,26000.0,19041000.0,-561000.0,0.0046,9582000.0,0.5032298724,41692000.0,17344000.0,33388000.0,21538000.0,24348000.0,7614000.0,-80595000.0,1975728232.201399,1963819232.201399,3.1246942910732725,1.5501903612220262,0.047299242060827015,0.11369926199261993,-0.008484553761101585,3.1246942910732725,0.0014990774907749078,103.76178941239426,18997.386848090373,113.91422003006221,0.0,1.2423167848699763,0.0,0.456706322555886,1.1176989506918005,0.0006236208385301737,3082.259332607487,0.5032298723806523,1.023,-0.9673367207678445,0.8600181521124738,0.9646464147758563,-0.021645905656524404,1.0226480836236933,0.7854684512428298,1.0057732630791187,0.07345773111497221,-0.505911209096355,Medical Devices,Healthcare,BIOL
2007Q4,2007,Q4,2008-03-17,2007-12-31,-1148000.0,20840000.0,-2615000.0,-0.2,9794000.0,0.4699616123,44308000.0,16491000.0,35776000.0,24783000.0,27817000.0,7627000.0,-80620000.0,1508970438.268527,1497956438.268527,2.971017847906442,1.443570189242626,0.08016610995756975,0.21539021284336912,-0.1244011421954426,2.971017847906442,-0.06961372870050331,72.40741066547635,-328.6085449191043,91.50266437866271,0.0,1.4482758620689655,0.0,0.47034395594475037,1.042327401848041,-0.025909542294845173,34294.78268792107,0.4699616122840691,0.6875,-1.9084571399151236,0.8584422822519239,1.6920125230901097,0.4875455650060753,0.6727480045610034,0.2713847868487044,0.9533787109362891,0.02875956022647169,-0.5393917656391538,Medical Devices,Healthcare,BIOL
2007Q3,2007,Q3,2007-11-09,2007-09-30,-3508000.0,12812000.0,-3589000.0,-0.64,6584000.0,0.5138932251,40043000.0,18143000.0,31233000.0,18249000.0,21900000.0,10774000.0,-79472000.0,4418920163.30186,4407030163.30186,3.291767876932188,1.7114910406049646,0.0,0.0,-0.19998363942175043,3.291767876932188,-0.19335280824560436,344.9047895177849,-314.91734345081676,243.56061088584357,0.0,0.578058288472248,0.0,0.3199560472492071,1.062359581346923,-0.08760582373948006,-7738.914471631979,0.5138932251014674,-3.0,-4.810892662687542,0.4690832472470579,2.927660277290534,-0.34225774225774225,-2.893451720310766,-2.8884073672806068,-1.7881607202521077,0.04299898897987347,-0.7089167948443503,Medical Devices,Healthcare,BIOL
2007Q2,2007,Q2,2007-08-09,2007-06-30,-901000.0,18177000.0,-923000.0,-0.16,10010000.0,0.5506959344,42765000.0,20815000.0,33744000.0,17689000.0,21950000.0,8812000.0,-75964000.0,3846435297.582454,3834463297.582454,3.783847850596272,1.9076262083780882,0.0,0.0,-0.05063759530440019,3.783847850596272,-0.04328609176074946,211.61001802181076,-1067.26839555562,184.79151081347368,0.0,0.9268043576940536,0.0,0.4250438442651701,1.3352365877098762,-0.02106863088974629,-2618.4038785448975,0.550695934422622,0.48387096774193544,-2.131332089625136,1.1325568502400616,4.634898170962362,0.23018311416984147,0.4770748694138131,0.4991861096039067,-2.2812347173300114,0.2500596151857878,-0.7196761429756743,Medical Devices,Healthcare,BIOL
2007Q1,2007,Q1,2007-05-10,2007-03-31,-1723000.0,15060000.0,-1843000.0,-0.31,8137000.0,0.5403054449,44804000.0,20767000.0,35437000.0,19368000.0,24037000.0,8879000.0,-75063000.0,6152773394.351916,6139984394.351916,3.783055510924718,1.829667492771582,0.0,0.0,-0.09244881409784812,3.783055510924718,-0.08296817065536669,408.5506901960104,-892.741351473,296.2764672004582,0.0,0.7797049217254195,0.0,0.3361307026158379,1.294661296984717,-0.03845638782251585,-2864.4196435530334,0.5403054448871182,-2.6315789473684212,-13.04462538310993,1.3954012060522556,6.123886652839802,-0.297140882784832,-2.659922928709056,-2.9338929695697797,-3.418711980240935,-0.015133644901251766,-0.7379814981320699,Medical Devices,Healthcare,BIOL
