Quarters,Year,Quarter,FillingDate,Date,NetIncome,Revenue,OperatingIncome,EPSDiluted,GrossProfit,GrossProfitRatio,TotalAssets,CommonStockEquity,CurrentAssets,CurrentLiability,TotalLiability,Inventory,RetainedEarnings,MarketCap,EnterpriseValue,bookValuePerShare,currentRatio,debtToAssets,debtToEquity,roic,shareholdersEquityPerShare,roe,priceToSalesRatio,peRatio,pbRatio,payoutRatio,inventoryTurnover,dividendYield,assetTurnover,quickRatio,returnOnAssets,priceToFreeCashFlowsRatio,grossProfitMargin,epsdilutedGrowth,fiveYNetIncomeGrowthPerShare,fiveYRevenueGrowthPerShare,fiveYShareholdersEquityGrowthPerShare,grossProfitGrowth,netIncomeGrowth,operatingIncomeGrowth,threeYNetIncomeGrowthPerShare,threeYRevenueGrowthPerShare,threeYShareholdersEquityGrowthPerShare,Industry,Sector,Symbol
2023Q1,2023,Q1,2023-05-09,2023-03-31,-1842000.0,25045000.0,-2132000.0,-0.0553,14973000.0,0.597843881,152134000.0,94068000.0,89974000.0,32659000.0,58066000.0,39675000.0,-4138000.0,239655246.55,265987246.55,2.8221744766138106,2.7549526929789643,0.19647810482863792,0.31775949313262747,-0.012674519997993837,2.8221744766138106,-0.01958157928307182,9.568985687762028,-32.52649926031488,2.547680896266531,0.0,0.25386263390044106,0.0,0.16462460725413122,1.362074772650724,-0.012107747117672579,-47.74960082685794,0.5978438810141745,-3.765,-11.112051239413745,0.6764663468936608,0.5401236691452388,-0.2256012412723041,-3.159437280187573,-134.25,-0.5043887671892727,0.3317402683303842,0.26501075954559805,Scientific & Technical Instruments,Technology,LUNA
2022Q4,2022,Q4,2023-03-16,2022-12-31,853000.0,31702000.0,16000.0,0.02,19335000.0,0.6098984291,151007000.0,93402000.0,87874000.0,33631000.0,57605000.0,36582000.0,-2296000.0,289867830.0,312112830.0,2.8323376899050854,2.6128869198061313,0.18720324223380372,0.3026594719599152,9.178064963961491e-05,2.8323376899050854,0.009132566754459219,9.143518705444452,84.95540152403282,3.1034435022804647,0.0,0.33806243507736045,0.0,0.2099372876754058,1.3964497041420119,0.005648744760176681,-49.07191975622143,0.6098984291211911,-0.5,0.6331287402437125,0.9994105388713281,0.5714791261425106,0.14279803770908447,-0.28678929765886285,-0.9891745602165088,-0.6365035152702233,0.48835852623535286,0.2660789790854376,Scientific & Technical Instruments,Technology,LUNA
2022Q3,2022,Q3,2022-11-10,2022-09-30,1196000.0,29153000.0,1478000.0,0.04,16919000.0,0.5803519363,145247000.0,87854000.0,80524000.0,33822000.0,57393000.0,32400000.0,-3149000.0,145635063.60000002,163999063.60000002,2.6784192649605845,2.3808172195612323,0.1807472787733998,0.2988253238327225,0.010915350524174935,2.6784192649605845,0.01361349511689849,4.995542949267658,30.442111956521742,1.6576941698727437,0.0,0.3775925925925926,0.0,0.2007132677439121,1.2825971261309208,0.00823424924439059,46.57341336744484,0.5803519363358831,1.4415011037527594,-0.9359191135323266,1.1141214519878302,0.4924976119804841,0.05988849213806929,1.406526172671652,1.6003249390739236,-0.16149244852211303,0.36502213076701234,0.16741983617383815,Scientific & Technical Instruments,Technology,LUNA
2022Q2,2022,Q2,2022-08-12,2022-06-30,-2942000.0,26162000.0,-2462000.0,-0.0906,15963000.0,0.6101597737,141883000.0,88561000.0,75944000.0,29559000.0,53322000.0,30754000.0,-4345000.0,189351030.88,210921030.88,2.7267378878291324,2.5692344125308706,0.18630843723349522,0.29848353112543896,-0.023910351811292658,2.7267378878291324,-0.03322004042411445,7.237635917743291,-16.09033233174711,2.138085961992299,0.0,0.3316316576705469,0.0,0.1843913647159984,1.3077235359788897,-0.020735394656160356,-34.82638051866838,0.6101597737176057,-1.1726618705035972,-10.273734808175846,0.6375566050099709,1.233764343092326,0.11793542965193642,-1.1906180193596425,-0.04057480980557904,-4.044971207129933,0.27728690611045437,0.18152936506965917,Scientific & Technical Instruments,Technology,LUNA
2022Q1,2022,Q1,2022-05-16,2022-03-31,-1343000.0,22481000.0,-2366000.0,-0.0417,14279000.0,0.6351585784,144665000.0,92017000.0,77981000.0,30601000.0,52648000.0,28891000.0,-1994000.0,248594162.22,266093162.22,2.8538524946219472,2.548315414528937,0.19553451076625306,0.30741058717410913,-0.01023241897745522,2.8538524946219472,-0.014595129160915918,11.057967271028868,-46.27590510424423,2.701611248138931,0.0,0.2838946384687273,0.0,0.1554004078388,1.3704780889513415,-0.009283517091210728,-75.60649702554744,0.6351585783550554,-1.9520547945205478,0.154002152708894,0.4638078014848355,1.3182387031458156,0.011260623229461756,-1.9105084745762713,-3.1012433392539966,-2.037317025273913,0.3179847523450719,0.2501481598390703,Scientific & Technical Instruments,Technology,LUNA
2021Q4,2021,Q4,2022-03-14,2021-12-31,1475000.0,24222000.0,1126000.0,0.0438,14120000.0,0.5829411279,130237000.0,81923000.0,82445000.0,32687000.0,48314000.0,22493000.0,-11575000.0,270198160.0,274568160.0,2.55897419878803,2.5222565545935693,0.16506829856338828,0.26241714780952846,0.016354587022724562,2.55897419878803,0.01800471174151337,11.155072248369251,45.79629830508475,3.298196599245633,0.0,0.449117503223225,0.0,0.1859840137595307,1.3218404870437788,0.011325506576472124,102.23161558834657,0.582941127900256,3.3799999999999994,3.144598506570147,0.30565736800706766,1.008298911765452,0.12205975842339478,3.1549295774647885,113.6,0.375945976549385,0.5685796168470764,0.15186257891640928,Scientific & Technical Instruments,Technology,LUNA
2021Q3,2021,Q3,2021-11-15,2021-09-30,355000.0,20329000.0,-10000.0,0.01,12584000.0,0.6190171675930937,129681000.0,78869000.0,82613000.0,33656000.0,50812000.0,25350000.0,-13150000.0,303476255.5,311738255.5,2.468909795811027,2.454629189446161,0.17748937778086227,0.29183836488354103,-0.0002653657573261006,2.468909795811027,0.004501134793137988,14.928243174774952,213.71567288732393,3.8478522042881234,0.0,0.30552268244575936,0.0,0.15676159190629313,1.105152127406703,0.002737486601738111,83.25823196159122,0.6190171675930937,2.0,1.6892540167162107,0.20167716036638034,0.9699668356338432,-0.09792114695340502,2.5434782608695654,0.9900199600798403,-0.9649577497179768,0.6614513511226756,0.1276245934668219,Scientific & Technical Instruments,Technology,LUNA
2021Q2,2021,Q2,2021-08-09,2021-06-30,-230000.0,27937000.0,-1002000.0,-0.01,13950000.0,0.49933779575473386,129327000.0,77883000.0,75897000.0,28087000.0,51444000.0,25579000.0,-13505000.0,341086117.29,358788117.29,2.4729030213881678,2.7022109872894933,0.22943391557834017,0.38098172900376204,-0.001718439317676839,2.4729030213881678,-0.0029531476702232837,12.20911756058274,-370.7457796630435,4.379468141828127,0.0,0.546815747292701,0.0,0.2160183101749828,1.5463381635632143,-0.0017784376039032838,-1476.5632783116885,0.49933779575473386,0.0,0.7389651721239835,0.668958014659869,0.9465280899515673,0.03879663414997394,0.27672955974842767,-0.2619647355163728,-1.1883746396446506,0.7731864918586907,0.31704860446737687,Scientific & Technical Instruments,Technology,LUNA
2021Q1,2021,Q1,2021-05-17,2021-03-31,-318000.0,26299000.0,-794000.0,-0.01,13429000.0,0.5106277805239743,128906000.0,76547000.0,74757000.0,27478000.0,52359000.0,25550000.0,-13275000.0,330122123.37,349405123.37,2.441641601513003,2.720612853919499,0.24108264937241092,0.40598586489346417,-0.002250202638281762,2.441641601513003,-0.00415431042366128,12.552649278299555,-259.5299712028302,4.312672258481717,0.0,0.5037181996086105,0.0,0.20401688051758646,1.594693936967756,-0.0024669138752269094,-98.77980950628367,0.5106277805239743,-3.8285852245292133,0.8090468102475616,0.647935123901048,0.8789269065971189,0.005315166941158856,-3.96875,-2.495291902071563,-2.856045197291807,0.8716508289122352,0.332458376766209,Scientific & Technical Instruments,Technology,LUNA
2020Q4,2020,Q4,2021-03-12,2020-12-31,-64000.0,25915000.0,531000.0,-0.002071,13358000.0,0.5154543700559522,131002000.0,74442000.0,75469000.0,30085000.0,56560000.0,23597000.0,-12957000.0,305252480.0,322585480.0,2.409438114966339,2.5085258434435764,0.24960687623089725,0.4392547217968351,-0.0005241039709758918,2.409438114966339,-0.0008597297224684989,11.77898823075439,-1192.3925000000002,4.100541092394079,0.0,0.5321439165995677,0.0,0.19782140730675868,1.5743061326242314,-0.0004885421596616846,126.55575456053067,0.5154543700559522,-1.02071,-1.0071884410321374,0.491049808265802,0.7930248648504654,0.22002009315919263,-1.0206318504190846,-0.7642095914742452,-1.1307856973365806,0.7445178450394516,0.3368397832281948,Scientific & Technical Instruments,Technology,LUNA
2020Q3,2020,Q3,2020-11-09,2020-09-30,3102000.0,21050000.0,2252000.0,0.1,10949000.0,0.5201425178147269,95883000.0,73508000.0,63876000.0,14614000.0,22375000.0,11713000.0,-12893000.0,184243178.08,159048178.08,2.385856803930789,4.3708772410017795,0.012796846156252933,0.01669206072808402,0.04058390973718847,2.385856803930789,0.04219948849104859,8.752645039429929,14.848740980012895,2.506437096370463,0.0,0.8623751387347391,0.0,0.2195383957531575,3.345764335568633,0.03235192891336316,-482.31198450261786,0.5201425178147269,1.5,4.440261448522126,0.4172997492018925,1.2863713997045008,0.15046758432279078,1.2658875091307524,0.24419889502762432,-0.8230576169066622,0.6251427993167007,0.3294728084501343,Scientific & Technical Instruments,Technology,LUNA
2020Q2,2020,Q2,2020-08-06,2020-06-30,1369000.0,18576000.0,1810000.0,0.04,9517000.0,0.5123277347114557,91222000.0,69801000.0,59083000.0,14281000.0,21421000.0,11231000.0,-15995000.0,178641214.16,153032214.16,2.2818801468450567,4.137175267838387,0.009833154282958058,0.012850818756178278,0.019132017203674422,2.2818801468450567,0.01961289952866005,9.616775094745908,32.62257380569759,2.559293049669775,0.0,0.8066067135606803,0.0,0.20363508802701102,3.2323366711014634,0.015007344719475565,766.7004899570816,0.5123277347114557,2.0,1.4539758977208281,0.3324327768305998,0.7172041740913095,0.13785270205643232,2.2267025089605736,3.641025641025641,6.570047501555251,0.23454773371287646,0.8693335101933263,Scientific & Technical Instruments,Technology,LUNA
2020Q1,2020,Q1,2020-05-07,2020-03-31,-1116000.0,17141000.0,390000.0,-0.04,8364000.0,0.48795286156000234,84959000.0,67777000.0,57221000.0,15302000.0,17182000.0,11191000.0,-17364000.0,186839121.75,161611121.75,2.2309489902106114,3.7394458240752844,0.012900340164079144,0.016170677368428817,0.0038944258595868505,2.2309489902106114,-0.0164657627218673,10.90012961612508,-41.854641969086025,2.7566744138867167,0.0,0.7842909480832813,0.0,0.2017561411975188,2.9051757940138545,-0.013135747831306865,-400.08377248394004,0.48795286156000234,-1.5714285714285714,0.7886165014647839,0.5975716872439806,1.0255102215709668,-0.1941111143870822,-1.5200074739425466,-0.7727966518382499,0.2538927051097447,0.18453646067075735,0.81224232983192,Scientific & Technical Instruments,Technology,LUNA
2019Q4,2019,Q4,2020-03-13,2019-12-31,2146123.0,19479818.0,1716524.0,0.07,10378602.0,0.5327874213198501,86524060.0,67468518.0,58116293.0,17044055.0,19055542.0,10294431.0,-16248127.0,219859110.0,196186810.0,2.2370940017905103,3.4097691541126802,0.01541325037220861,0.019766507988214593,0.029428602160402426,2.2370940017905103,0.03180925064931766,11.286507399607121,25.611196329380935,3.25869185388065,0.0,0.8840912139777323,0.0,0.2251375860078688,2.7302712881412314,0.02480377134406314,61.15240740251414,0.5327874213198501,1.3333333333333337,2.1643138828750073,0.5117244251941743,0.7051843361625202,0.11776063647272522,0.7444580459938289,0.15668655209801072,5.40129818712096,0.11462074652671884,0.7556853255655097,Scientific & Technical Instruments,Technology,LUNA
2019Q3,2019,Q3,2019-11-05,2019-09-30,1230252.0,18421010.0,1484001.0,0.03,9285174.0,0.5040534693808862,82887795.0,64908915.0,54917722.0,15720922.0,17978880.0,9644864.0,-18394250.0,163806609.63,143838735.63,2.2943067968923447,3.493288879621691,0.017450072112546847,0.022283502967196417,0.017316663137620685,2.2943067968923447,0.018953513550488403,8.892379387992298,33.28720652963783,2.5236380800695866,0.0,0.9472228950040146,0.0,0.2222403189757913,2.808565299159935,0.01484237818125093,-900.070934761227,0.5040534693808862,0.4999999999999999,1.8774769775691467,0.8205813960711924,0.7582018156575643,0.060930550628062546,0.46407677331213437,0.4635695688192828,3.69707663030461,0.22951401313837957,0.8306494260405026,Scientific & Technical Instruments,Technology,LUNA
2019Q2,2019,Q2,2019-08-07,2019-06-30,840292.0,17813663.0,1013960.0,0.02,8751915.0,0.4913035011384239,82188917.0,65188163.0,53773826.0,14380308.0,17000754.0,9732937.0,-19511512.0,127393248.39999999,105290612.39999999,2.307803740170582,3.739407111447126,0.017460225202870116,0.02201376651770353,0.011509996807959196,2.307803740170582,0.012890254324239816,7.151434738604856,37.901481984833836,1.9542389682004075,0.0,0.9310394180091786,0.0,0.2167404517570173,2.9886539982314706,0.010223908900028455,-170.63004989251343,0.4913035011384239,-0.3333333333333333,1.4812868195703552,0.7872522595689806,0.7059024395993012,0.29320158270970326,-0.2536569205038907,2.129663527474523,2.0633263236870523,0.18654603509751055,0.8165713606575725,Scientific & Technical Instruments,Technology,LUNA
2019Q1,2019,Q1,2019-05-13,2019-03-31,1125879.0,14833118.0,-897577.0,0.03,6767634.0,0.45625161210205434,83563808.0,64007932.0,54498481.0,16584997.0,19555876.0,9996054.0,-20262401.0,117483745.20000002,94571507.20000002,2.282811418919594,3.2860109049160515,0.01995801818892696,0.026055645728407534,0.020373543289303377,2.282811418919594,0.01758967935411505,7.92036746421083,26.087116199875833,1.8354560369174246,0.0,0.8068667896351901,0.0,0.17750648701887783,2.617727998383117,0.013473284989597411,88.94940024667001,0.45625161210205434,0.0,-0.9311041580348597,0.7334557847991068,0.6135807291471829,0.029724558128721313,0.19795262152120158,-3.1195663467714514,1.7559168305332948,0.039239932014001985,0.7567016367337767,Scientific & Technical Instruments,Technology,LUNA
2018Q4,2018,Q4,2019-03-15,2018-12-31,939836.0,13538323.0,423472.0,0.03,6572276.0,0.4854571722066315,75598736.0,62354330.0,68228757.0,12139454.0,13244406.0,6873742.0,-21305222.0,94025615.8,52294227.8,2.2215967821398728,5.620413982375155,0.009641417814181444,0.011689308505119051,-0.0013669502145356373,2.2215967821398728,0.015072505790696493,6.945144963670907,25.011176364812584,1.5079244023630758,0.0,1.0134286390149645,0.0,0.17908134072506185,4.977145594851301,0.01243190097781529,-1221.6513239612295,0.4854571722066315,-0.888888888888889,1.2398019919439351,0.19272130566836512,1.7359934222193762,0.40175331244157386,-0.8937846630385916,-0.27175548627078044,-0.8837995810041065,-0.14255418207779258,0.6532395023161756,Scientific & Technical Instruments,Technology,LUNA
2018Q3,2018,Q3,2018-11-13,2018-09-30,8848402.0,10687026.0,581497.0,0.27,4688611.0,0.43871990205694267,73794579.0,61090021.0,69061678.0,11548457.0,12704558.0,5462414.0,-22178651.0,89006202.89,43058207.89,2.189478493210666,5.980164969224893,0.016216963579397885,0.01958951691962915,0.016417568251293542,2.189478493210666,0.14484201928822385,8.328435140889523,2.514753593078163,1.4569679537350297,0.0,1.0981252977163576,0.0,0.1448212882954451,5.4439217291106505,0.11990585378907033,-102.00442243161596,0.43871990205694267,8.000000000000002,8.46015174529303,-0.032604621780738315,1.3448694308176552,-0.17344425742022695,7.290244695393258,-0.35471603475118985,11.836153340422866,-0.205439232178656,1.0981816674401672,Scientific & Technical Instruments,Technology,LUNA
2018Q2,2018,Q2,2018-08-01,2018-06-30,1067327.0,13772648.0,901149.0,0.03,5672468.0,0.41186473363727877,65163106.0,51693146.0,57874157.0,12305593.0,13469960.0,6906998.0,-30963818.0,82043455.78,50368114.78,1.8776095377195483,4.703077454292532,0.02482169895339243,0.03128962203229031,0.018584043257543183,1.8776095377195483,0.020647360096829857,5.95698487175451,19.21703840060263,1.5871244474073989,0.0,1.1727497242651583,0.0,0.21135653048827968,4.0560560551612586,0.01637931439302479,-242.88949283707493,0.41186473363727877,10.111111111111109,1.5848241799916571,0.20288123484347703,0.9563901498272498,0.12859825415957207,6.178878904463397,6.83519254345161,1.3932493174005964,0.09761917824247021,0.41297470857245394,Scientific & Technical Instruments,Technology,LUNA
2018Q1,2018,Q1,2018-05-10,2018-03-31,148676.0,12193172.0,115013.0,0.0027,5026118.0,0.4122075863442261,62987672.0,49851338.0,55573539.0,11692696.0,13136334.0,6534899.0,-31967910.0,88144164.36,56784903.36,1.832433676043758,4.752842201661618,0.03307652011650788,0.041792519189755746,0.002189694648141083,1.832433676043758,0.0029823873533745475,7.228977362084287,148.21518664747506,1.7681403929419106,0.0,1.0967352364588956,0.0,0.19358029298177587,4.1010048495231555,0.002360398396689435,-31.670511583587302,0.4122075863442261,-0.73,-0.9725104018535856,0.3965215355523941,0.7863871884154208,-0.06114745410872838,-0.6584743952275176,1.8239988214206793,1.0314479182548115,0.26906844947378783,0.6636925171593012,Scientific & Technical Instruments,Technology,LUNA
2017Q4,2017,Q4,2018-03-21,2017-12-31,435329.0,13215198.0,40727.0,0.01,5353469.0,0.4050994165959526,66222636.0,49537781.0,59011278.0,14826135.0,16684855.0,6951110.0,-32406189.0,66789225.54000001,32358972.540000007,1.80233872839125,3.98021992919935,0.03852579954684981,0.05150170129744003,0.09926435348266995,1.80233872839125,0.008787817928300018,5.053970855374245,38.35560319895988,1.3482482297703242,0.0,1.1310033937025885,0.0,0.19955711216327904,3.429047287104832,0.006573718992400121,-292.5643615767733,0.4050994165959526,-0.9791666666666666,1.3780484857559798,-0.13254452445202067,1.239897289968353,0.18106138841205172,-0.9723729105271935,-0.9080397221795717,1.2591491981728178,0.1253256366379416,0.3738000127182994,Scientific & Technical Instruments,Technology,LUNA
2017Q3,2017,Q3,2017-11-13,2017-09-30,15757324.0,11642148.0,442876.0,0.48,4532761.0,0.3893406096538199,66609151.0,49696716.0,55679073.0,14554756.0,16912435.0,7300035.0,-32791936.0,46800390.91,11304865.909999996,1.7945886435331915,3.8254899635555555,0.04532278154994049,0.06074671010454695,0.011236524991742358,1.7945886435331915,0.3170697234803201,4.0199103215317304,0.7425180650915091,0.9417199903108285,0.0,0.9738839608303248,0.0,0.1747830114213586,3.2604354205594377,0.2365639520011297,64.58050059129302,0.3893406096538199,49.0,37.020145804317615,-0.2702510018687847,1.193894481025849,-0.10788296728298744,72.05511313931152,4.714966363011055,12.481911572975722,0.17549249318822327,0.37525156430356676,Scientific & Technical Instruments,Technology,LUNA
2017Q2,2017,Q2,2017-08-10,2017-06-30,-221762.0,13576471.0,-119214.0,-0.01,5080904.0,0.374243350867836,51551084.0,33691274.0,34248390.0,14921343.0,17859810.0,9540754.0,-48515561.0,41676221.97,34871277.97,1.22069183182249,2.2952618943214427,0.06762827722497552,0.10347815876597602,-0.003917648051280741,1.22069183182249,-0.006582179112609395,3.0697389601465654,-46.983051616147044,1.2370034439778086,0.0,0.8904502725885187,0.0,0.2633595638842434,1.5710077839508145,-0.0043017912096669,-34.638796284137015,0.374243350867836,0.7999999999999999,0.5397238636907252,-0.16458414664734156,0.5293401685971206,0.08676510692999634,0.8364571341760652,0.9057800919010428,0.870007186358502,0.3940488542989217,-0.09767839541199214,Scientific & Technical Instruments,Technology,LUNA
2017Q1,2017,Q1,2017-05-11,2017-03-31,-1355987.0,13118384.0,-1265274.0,-0.05,4675255.0,0.35638955224972835,51893971.0,33904605.0,34620759.0,14549906.0,17989366.0,8722670.0,-48264288.0,47646545.88,39494091.88,1.2310434170343683,2.37944898063259,0.0761838017753546,0.1166059890684466,-0.03395409463026674,1.2310434170343683,-0.039994183680948356,3.632043846254234,-8.784476893952522,1.4053119297511356,0.0,0.9679523586241369,0.0,0.25279206326299447,1.6743809891280397,-0.026129952552677072,-210.53291391606353,0.35638955224972835,-6.0,-1.0371495111034739,-0.21210464829519016,0.5713721707836592,-0.2349451137832298,-5.429390397668994,-3.9646637065501364,-1.0844763731608285,0.5607706769372969,-0.12985018472955132,Scientific & Technical Instruments,Technology,LUNA
2016Q4,2016,Q4,2017-03-20,2016-12-31,306134.0,15958159.0,426785.0,0.01,6111006.0,0.3829392851644103,54996973.0,35089688.0,37097593.0,15968356.0,19907285.0,8370235.0,-46874205.0,40481750.82,32099725.82,1.2741998632755775,2.3231942599476114,0.08037593268996823,0.12597527227942296,0.00952746103791489,1.2741998632755775,0.008724329495320676,2.536743168181242,33.058849082427955,1.1536651685247243,0.0,1.1764488093822933,0.0,0.2901643150433025,1.6971179124513507,0.005566379080535941,296.77832629541655,0.3829392851644103,1.5,1.4357626015764473,-0.01500539123475954,0.6487676736742426,0.08944181983491702,1.6878210111486076,2.180444535411815,1.0796107476902121,0.43290144450860363,0.5692327575109514,Scientific & Technical Instruments,Technology,LUNA
2016Q3,2016,Q3,2016-11-10,2016-09-30,-445078.0,14618920.0,-361546.0,-0.02,5609300.0,0.3837013951783032,53432611.0,34596686.0,34828866.0,14350500.0,18835925.0,7898724.0,-47149813.0,38923089.48,30669476.479999997,1.2532748019672357,2.427014111006585,0.09225710493541107,0.14248584387533533,-0.009308542133194393,1.2532748019672357,-0.0128647582025631,2.662514705600687,-21.86307202333074,1.1250525405814882,0.0,1.1406424632636867,0.0,0.27359546401354035,1.753253963276541,-0.008329707114630802,2663.4110770494044,0.3837013951783032,0.3333333333333333,-1.9088578002756165,-0.1813717504722456,0.6198066471233898,0.08479263564017521,0.4227083592744781,0.4451250113186235,0.6207196501430512,0.3375309203032361,0.3422218033471504,Scientific & Technical Instruments,Technology,LUNA
2016Q2,2016,Q2,2016-08-10,2016-06-30,-770976.0,14646904.0,-651581.0,-0.03,5170850.0,0.353033651343656,54333940.0,35010110.0,35043495.0,14325549.0,19323830.0,8389095.0,-46675795.0,34171870.4,25764196.4,1.2704173313264118,2.4462235269308,0.09938769395335585,0.15424473102198194,-0.016068834087201594,1.2704173313264118,-0.022021524639596963,2.333043925187193,-11.08071794712157,0.9760572131878477,0.0,1.129568088095319,0.0,0.2695719103013696,1.7423129822110133,-0.01418958389544362,-44.55873411614367,0.353033651343656,0.4000000000000001,-0.4864981528544421,-0.24685201214321623,0.7693261823332995,0.06756183976115321,0.4717801221452287,0.5181205562038981,0.5779641932925053,0.27800264488345633,0.32372141451491365,Scientific & Technical Instruments,Technology,LUNA
2016Q1,2016,Q1,2016-05-11,2016-03-31,-1459574.0,13987015.0,-1352166.0,-0.05,4843607.0,0.34629311543599545,55980818.0,35706247.0,37142195.0,14766520.0,20274571.0,8842792.0,-45880239.0,28851040.05,19520086.05,1.299487272730052,2.51529778173869,0.1048663133146786,0.16441106229954663,-0.032931509610563105,1.299487272730052,-0.04087727282007543,2.0627017308553683,-4.941688473828665,0.8080109917460662,0.0,1.033995597770478,0.0,0.24985370881861713,1.796924529272977,-0.02607275227739616,-16.170802384785084,0.34629311543599545,-1.1724137931034482,0.3010824398814434,-0.2371901750562165,0.8366307016882388,-0.03818386277558894,-1.1844181337452029,-0.6583566868825618,-1.2671960425551503,0.5861065473396478,0.2668329805670011,Scientific & Technical Instruments,Technology,LUNA
2015Q4,2015,Q4,2016-03-29,2015-12-31,7914482.0,15450278.0,-815365.0,0.29,5035897.0,0.32594216104072693,58131813.0,36907018.0,38750203.0,15333662.0,21224795.0,8863167.0,-44399455.0,29662192.44,18389848.44,1.3437839944106302,2.527132983627786,0.1065113176497695,0.1677647324419437,-0.00862962729240429,1.3437839944106302,0.21444382203948312,1.9198484609791489,0.9369593752313797,0.8037005980813732,0.0,1.175018026852027,0.0,0.26578008155362365,1.8585643142518729,0.13614717297738504,38.42432087506671,0.32594216104072693,10.666666666666666,11.163200959061228,-0.1635392998518769,0.8844679418376676,0.011412566154382553,10.872259691725844,-0.1281565595420766,7.878172139910045,0.01491683811066002,0.6700180049228929,Scientific & Technical Instruments,Technology,LUNA
2015Q3,2015,Q3,2015-11-13,2015-09-30,-801689.0,13205230.0,-722741.0,-0.03,4979073.0,0.3770531069886704,47098614.0,28585343.0,28121653.0,13045064.0,18513271.0,10037202.0,-52292904.0,25601864.1632,24099079.1632,1.0435123550964407,2.1557313172246606,0.11862877748377054,0.19545859568660764,-0.021533577959073964,1.0435123550964407,-0.028045456722348934,1.938767000892828,-7.983726907566401,0.8956290698768247,0.0,0.8195667477848907,0.0,0.2803740679078157,1.2581257554581564,-0.017021498764273616,277.2384744677625,0.3770531069886704,0.7000000000000001,0.0886161162733951,-0.2594375659486214,0.5164075560154853,0.18634830713747572,0.6303204133532847,0.6595506247812547,-0.8526180446905828,-0.1632353492693771,0.27569958997460065,Scientific & Technical Instruments,Technology,LUNA
2015Q2,2015,Q2,2015-08-14,2015-06-30,-2168605.0,10025746.0,-2122903.0,-0.1,4196974.0,0.4186196219214012,47683280.0,29231393.0,28732462.0,12523151.0,18451887.0,9955920.0,-51466953.0,22657701.04,21127662.04,1.3288344981181728,2.2943476446143625,0.12546271984645352,0.20465921689055325,-0.06010255952626487,1.3288344981181728,-0.07418753529809544,2.2599516325268962,-2.6120133726520045,0.7751153371308716,0.0,0.5854578984162186,0.0,0.2102570544643741,1.3449137521379404,-0.04547935880249849,-3.433592647911024,0.4186196219214012,0.4444444444444444,-1.0641665115857968,-0.34427217595078263,1.0201625905924216,0.8337094419800165,0.17454210906555154,0.18824728731049795,-4.647348143252223,-0.22595663631332577,0.6648263897658652,Scientific & Technical Instruments,Technology,LUNA
2015Q1,2015,Q1,2015-05-14,2015-03-31,-2627154.0,5339102.0,-2615209.0,-0.18,2288789.0,0.4286842618852384,26130789.0,16651000.0,22568089.0,7917193.0,9479789.0,3807294.0,-47781461.0,20408866.650000002,7455472.650000002,1.1014256884274365,2.8505164646106267,0.013127081620076607,0.020600624587111885,-0.15321594127203803,1.1014256884274365,-0.15777755089784398,3.822527955075592,-1.9421079474214302,1.225684142093568,0.0,0.8011761109071167,0.0,0.20432226520217203,2.2879638023223636,-0.1005386404520736,-47.37621180501552,0.4286842618852384,-2.0,-0.8564316866063815,-0.427875000034088,0.8001061915043347,0.03411726859436546,-1.967378818426715,-2.006882508700866,-6.1904009610438,-0.41580664032835657,0.405920905008006,Scientific & Technical Instruments,Technology,LUNA
2014Q4,2014,Q4,2015-03-16,2014-12-31,-885345.0,6189282.0,-869741.0,-0.06,2213278.0,0.3575985065796,27584448.0,19004561.0,23886119.0,8540305.0,8579887.0,3364233.0,-45127747.0,20569952.439999998,7188290.439999998,1.3119367533160908,2.796869549740905,0.02665657837343709,0.03869108052535389,-0.05780902873200511,1.3119367533160908,-0.04658592218994167,3.323479595856191,-5.808456714614077,1.0823692502026223,0.0,1.1818456093855567,0.0,0.2243757786996499,2.3191893029581494,-0.032095802678378776,317.70228956228954,0.3575985065796,-0.1999999999999999,-1.0313636181207695,-0.3609898390816756,6.859605412669218,0.062415936637465495,-0.1897079968286816,-0.20799038875539938,-1.3957855287257446,-0.27374632052684744,0.6975978189262212,Scientific & Technical Instruments,Technology,LUNA
2014Q3,2014,Q3,2014-11-06,2014-09-30,-744170.0,5370530.0,-719990.0,-0.05,2083250.0,0.3879039871297619,26094258.0,19595188.0,23994381.0,6441408.0,6499070.0,3400132.0,-44213835.0,20872836.31,7570017.309999999,1.3049166349736012,3.725021144445438,0.043202493054219054,0.057531318403273295,-0.02173469568662523,1.3049166349736012,-0.03797718092829729,3.8865505471527015,-7.012119646720507,1.0652021460574912,0.0,0.9668095238655441,0.0,0.20581271174677587,3.0580439866563336,-0.02851853461401355,203.02143068348715,0.3879039871297619,0.1666666666666666,0.7271933744816803,-0.546735814785716,1.5130575806737778,0.047909312144933165,0.18744451808669427,0.25244697231627333,-3.7935309940371136,-0.44714644095706385,0.6865516133846151,Scientific & Technical Instruments,Technology,LUNA
2014Q2,2014,Q2,2014-08-14,2014-06-30,-915839.0,5228297.0,-963129.0,-0.06,1988006.0,0.3802396841648437,26257913.0,20045063.0,24124364.0,6137376.0,6212850.0,3314608.0,-43442842.0,20299405.080000002,7143546.080000002,1.3528345388336869,3.930729354043161,0.057853569702969156,0.0757849451508334,-0.02701062952902344,1.3528345388336869,-0.045689005816544455,3.882603662339764,-5.54120458945295,1.0126885148727145,0.0,0.9775789474954505,0.0,0.19911319684850812,3.2842398771070895,-0.034878590693784385,-11.530929119062321,0.3802396841648437,-1.1224489795918369,0.7122325832387454,-0.5434581500983257,1.5535479155588352,0.28086072550103536,-1.1072382878950249,0.5066306516008536,-2.2841801432529123,-0.4999895767099777,0.8841096629436973,Scientific & Technical Instruments,Technology,LUNA
2014Q1,2014,Q1,2014-05-13,2014-03-31,8540224.0,4471881.0,-1952146.0,0.49,1552086.0,0.3470767670248828,27512975.0,20730685.0,25305596.0,6439269.0,6782290.0,3294498.0,-42499669.0,21540295.14,12564922.14,1.4147488115615485,3.92988645139689,0.06944512543627143,0.09216492363855801,-0.05099754620326209,1.4147488115615485,0.4119605309713596,4.816831024796948,0.6305541616941195,1.03905370903084,0.0,0.8862640074451403,0.0,0.16253716655505265,3.323063844669325,0.31040714426556926,-13.22163748411768,0.3470767670248828,4.5,1.1590950590736424,-0.5989616209335852,1.6127169327847835,-0.21331990509676593,5.222079512426876,0.13807781886417572,8.668438787876369,-0.5426809050649869,0.9995356299504594,Scientific & Technical Instruments,Technology,LUNA
2013Q4,2013,Q4,2014-04-10,2013-12-31,-2022753.0,5858271.0,-2264875.0,-0.14,1972957.0,0.3367814496802896,19704075.0,11762378.0,17312181.0,7206390.0,7941697.0,3346177.0,-51010357.0,20280234.799999997,14803617.799999997,0.8119890801264293,2.4023375087942784,0.11682476848063154,0.1957022636068999,-0.13079484913546502,0.8119890801264293,-0.17196803231455407,3.4618123333659363,-2.5065139935523515,1.724161117760371,0.0,1.16112028742054,0.0,0.297312662482253,1.829879037909411,-0.1026565824581971,-32.7572371173319,0.3367814496802896,-2.5,0.278859466126729,-0.38973986273361083,-0.36695254685577694,-0.10635916538558747,-2.294858220722188,-2.9604856365454966,-3.9247639696774805,-0.39866947476352715,0.13870041389474125,Scientific & Technical Instruments,Technology,LUNA
2013Q3,2013,Q3,2013-11-07,2013-09-30,-613912.0,5717969.0,-571868.0,-0.04,2207774.0,0.38611157213339214,20723467.0,13484677.0,18179641.0,6111453.0,7238790.0,3775508.0,-48961438.0,19497748.6207,14006047.620700002,0.9337315180262278,2.9746839254102095,0.1299475613805354,0.1997054879401264,-0.02745982337487659,0.9337315180262278,-0.04552663738256393,3.40990806713013,-7.939960703121946,1.4459188470513606,0.0,0.9297278670843765,0.0,0.2759175865698534,2.264801676458937,-0.02962400065587481,-244.23475073529414,0.38611157213339214,0.4285714285714286,0.008470082208309391,-0.5910422761721321,-0.34502197958919595,-0.08324893626474561,0.3551899941391603,0.37635581224413234,-0.32381965585120887,-0.3917462606626801,0.3568766314165231,Scientific & Technical Instruments,Technology,LUNA
2013Q2,2013,Q2,2013-08-08,2013-06-30,-952082.0,5973060.0,-916978.0,-0.07,2408259.0,0.4031868087713835,22321792.0,13784140.0,19722471.0,7062019.0,8537652.0,3646133.0,-48321360.0,19103553.2694,13517051.2694,0.9597316454927675,2.7927524692301167,0.14140293933390294,0.22898541367107414,-0.0445667006684428,0.9597316454927675,-0.06907083067931695,3.1982858483591325,-5.016257336395395,1.385908244504191,0.0,0.9776936277420489,0.0,0.26758873122731364,2.1871728184248727,-0.04265257914776735,-15.994589031762192,0.4031868087713835,-1.411764705882353,0.5969413383010608,-0.5396181902262644,-0.3204213881473277,0.7294238291558979,-1.3417874157676075,0.5313456528838777,-0.38799334817836123,-0.4016537838190817,0.45903343868468616,Scientific & Technical Instruments,Technology,LUNA
2013Q1,2013,Q1,2013-05-09,2013-03-31,2785597.0,4496917.0,-1956619.0,0.17,1392521.0,0.3096612634834043,22857455.0,14372987.0,20131298.0,6619587.0,8484468.0,3521920.0,-47342912.0,16702082.287999999,9979871.287999999,1.0257763198969099,3.041171299659631,0.15508231340715753,0.24662841481732364,-0.06391561629663516,1.0257763198969099,0.1938078007028045,3.7141184255791244,1.498967931111356,1.1620467122108995,0.0,0.8814498909685626,0.0,0.1967374320544435,2.4007857287773393,0.12186820448733247,-49.94880822048901,0.3096612634834043,5.25,2.1573608912531914,-0.6120881714086376,-0.3293649931872242,-0.47732781730133317,5.7462242804664445,-2.5846673872817543,3.123745556959127,-0.4800898030371329,0.6764692561159644,Scientific & Technical Instruments,Technology,LUNA
2012Q4,2012,Q4,2013-03-29,2012-12-31,-586908.0,7764731.0,-545830.0,-0.04,2664234.0,0.3431199355135419,20457768.0,11272192.0,17440414.0,6931659.0,9185576.0,3336916.0,-50104880.0,16809125.5228,14276672.522799999,0.8046523992252854,2.516051929271189,0.18613995427067118,0.3378232024436773,-0.035761158466817725,0.8046523992252854,-0.052066891692405526,2.164804617545669,-7.160034248468243,1.4912029109156408,0.0,1.5285062614701719,0.0,0.3795492743880955,1.9331729965366156,-0.02868876018146261,133.7262766535665,0.3431199355135419,-1.0,0.6076991114419609,-0.39859339059379284,-0.4937629240725918,-0.15314089112013982,-1.6652316662806697,-2.1369179664601554,-1.0214995081161156,-0.17103005696140364,4.593881749177402,Scientific & Technical Instruments,Technology,LUNA
2012Q3,2012,Q3,2012-11-08,2012-09-30,-220209.0,8030779.0,-174002.0,-0.02,3146018.0,0.39174505985035823,22112615.0,11402761.0,19020747.0,8067109.0,10709854.0,3569999.0,-49493192.0,23976693.36,21575415.36,0.8179922321031844,2.357814552896211,0.19541031216796384,0.37894620434471965,-0.011764255167389517,0.8179922321031844,-0.01931190174028904,2.985599947402363,-27.220383090609378,2.102709454315494,0.0,1.3682807754287887,0.0,0.36317635883408633,1.791399992240095,-0.009958523675286709,57.094026112570276,0.39174505985035823,0.0,0.9115473142184505,-0.32766785905143436,-0.5153243706068553,0.00035486002425512783,0.09199653636813458,0.09103161501974633,0.9130391762504253,-0.26987409573029164,1.3216122044618532,Scientific & Technical Instruments,Technology,LUNA
2012Q2,2012,Q2,2012-08-09,2012-06-30,-242520.0,8180184.0,-191428.0,-0.02,3144902.0,0.38445369932999063,21365458.0,11088996.0,18162955.0,7120095.0,10276462.0,3395620.0,-49238889.0,19172086.08,17241430.08,0.7981820244362267,2.5509427893869394,0.22039607107884138,0.424642862167143,-0.011959225630332056,0.7981820244362267,-0.0218703298296798,2.343723084957502,-19.763407224146462,1.7289289382014383,0.0,1.4828755867853294,0.0,0.38286958323102643,1.9396467322416344,-0.011351032119227212,-22.317672788905004,0.38445369932999063,0.3333333333333333,0.918748576962165,-0.24020430277297802,-0.5639866573147722,-0.024206029570736563,0.2755147155472176,0.2976562614655337,0.9187277088073809,-0.23817385049517967,1.326597217309457,Scientific & Technical Instruments,Technology,LUNA
2012Q1,2012,Q1,2012-05-10,2012-03-31,-334748.0,8373310.0,-272556.0,-0.03,3222916.0,0.3849034611163327,22379115.0,10850881.0,18944762.0,7983447.0,11528234.0,3273384.0,-48969585.0,23130613.89,20347754.89,0.7834193833408889,2.3730052945801483,0.22773483223085453,0.4696857333519739,-0.017153983491981373,0.7834193833408889,-0.030849845279844097,2.7624217770511303,-17.274646816411153,2.131680726200942,0.0,1.5734157679025742,0.0,0.3741573337462183,1.8417975343232065,-0.01495805352445796,-33.07728394514436,0.3849034611163327,-0.17598449643117922,0.9101659474835708,-0.1475590847776841,-0.6087439897675243,0.17815756650567563,0.052612512664927065,0.37661589131329765,0.9934026572398856,-0.20556842857497545,1.3392929668659366,Scientific & Technical Instruments,Technology,LUNA
2011Q4,2011,Q4,2012-03-29,2011-12-31,-353338.0,8148500.0,-437220.0,-0.025510540394913832,2735556.0,0.33571283058231577,22919421.0,10704066.0,19335141.0,8407347.0,12215355.0,3330773.0,-48600741.0,23961653.91,20506483.91,0.772819532806615,2.299791004225233,0.23927118403209227,0.5123246624226719,-0.026624073345601445,0.772819532806615,-0.03300969930491834,2.940621453028165,-16.953776490216168,2.2385562560993177,0.0,1.6251314634770968,0.0,0.35552817848234475,1.7719279339844067,-0.015416532555512638,10.358951773242806,0.33571283058231577,-3.551054039491383,0.9050620705227314,-0.2711611920766403,-0.6509881387452593,-0.217027381012351,-2.4570639175257734,-2.39802137224933,0.8682527208996891,-0.11223612349391159,-0.3974901276909278,Scientific & Technical Instruments,Technology,LUNA
2011Q3,2011,Q3,2011-11-14,2011-09-30,242500.0,8843010.0,312742.0,0.01,3493808.0,0.3950926211776307,23107199.0,10576522.0,19197315.0,8334644.0,12530677.0,3570266.0,-48214893.0,16540366.04,15453141.04,0.7737187671089775,2.3033155345327287,0.2486768301082273,0.5433000564835964,0.018852847706300635,0.7737187671089775,0.022928142162423528,1.8704452488462637,17.05192375257732,1.563875727767597,0.0,1.4982642749867936,0.0,0.38269502071627115,1.768790844575965,0.010494564918924185,-17.867086551912244,0.3950926211776307,1.5,1.0896018084404702,0.052482110683138655,-0.6845236621237073,-0.045764576036996,1.9448518238562422,2.488014692588046,1.4137806970459177,-0.33181685211553424,-0.45726498821956735,Scientific & Technical Instruments,Technology,LUNA
2011Q2,2011,Q2,2011-08-12,2011-06-30,-256654.0,9623589.0,-210174.0,-0.02,3661369.0,0.38045774814364997,23319307.0,9791678.0,19247030.0,8943765.0,13527629.0,3772483.0,-48436777.0,22775142.009299997,20842446.009299997,0.7180232475003837,2.1520053355605833,0.2630142482364506,0.6263798707432986,-0.012987093236496047,0.7180232475003837,-0.02621144200207564,2.3665954571937764,-22.184674707290746,2.325969257700263,0.0,1.5804497992436282,0.0,0.41268760688300044,1.6482416521453773,-0.011006073207921659,49.01548257470106,0.38045774814364997,0.75,0.9496573399586663,0.04121958585959115,-0.7948080331053201,0.09629441326463395,0.7495733592749108,0.766067590565414,0.8855664992829549,-0.21878677227648827,-0.49157324955798204,Scientific & Technical Instruments,Technology,LUNA
2011Q1,2011,Q1,2011-05-16,2011-03-31,-1024867.0,8998624.0,-898439.0,-0.08,3339768.0,0.37114207683308026,23104801.0,9540908.0,18858139.0,11046097.0,13563893.0,3532975.0,-48147414.0,33307073.150000002,32079017.150000002,0.707538685668032,1.7072219264415296,0.27223623349969556,0.6592626194487988,-0.05634775630181856,0.707538685668032,-0.10741818283962072,3.701351801119816,-8.12473061138665,3.4909751933463777,0.0,1.6017254580063545,0.0,0.3894698768450765,1.331149907519371,-0.04435731777131515,71.96394604930536,0.37114207683308026,-1.8214833839860647,0.7792110809951105,-0.10312315090572063,-0.5543510744767078,-0.007821523806807649,-1.6804980880991365,-4.268911604121583,0.5575411642275836,-0.19341692909553407,-0.537423313368191,Scientific & Technical Instruments,Technology,LUNA
2010Q4,2010,Q4,2011-03-31,2010-12-31,-382342.0,9068820.0,-170517.0,-0.028353879542249723,3366096.0,0.3711724347820334,22875661.0,9615685.0,18703363.0,10648367.0,13259976.0,3106600.0,-47080919.0,22519357.15,21612364.15,0.7130840300208126,1.7564536421406212,0.27582096971973835,0.6561765490446079,-0.010655209471473713,0.7130840300208126,-0.03976232582494123,2.483162875655267,-14.724616410177275,2.3419399813949813,0.0,1.8356801648104037,0.0,0.39643969195032225,1.3979800846458428,-0.01671392140318918,-2590.814214219972,0.3711724347820334,0.29115301144375694,0.6547703555608138,-0.007625332923816633,-0.6012242276432903,-0.020787455266157273,0.09721520421993134,0.44446326818509097,0.7345016542513488,-0.27028526943428083,-0.5513720277279643,Scientific & Technical Instruments,Technology,LUNA
2010Q3,2010,Q3,2010-11-15,2010-09-30,-423514.0,8585142.0,-306941.0,-0.04,3437554.0,0.40040735493949897,21590447.0,9075920.0,17268925.0,9521231.0,12514527.0,2984848.0,-46605578.0,26377826.0,25882899.0,0.6881476888959689,1.813728182836862,0.30834475080576146,0.7335125254519652,-0.019593161599482767,0.6881476888959689,-0.0466634787437527,3.0724973448313375,-15.570811118404587,2.9063528545866424,0.0,1.7245729095752949,0.0,0.39763613972420303,1.4420840120358387,-0.019615805082683097,20.60510092488439,0.40040735493949897,0.20000000000000004,0.6090201651837642,-0.039487802636636926,0.0,0.0398362181592027,0.31506689804295124,0.3535961284126998,0.8201975647076485,-0.24032904826392043,-0.5922596802985053,Scientific & Technical Instruments,Technology,LUNA
2010Q2,2010,Q2,2010-08-16,2010-06-30,-618329.0,8998642.0,-474844.0,-0.05,3305861.0,0.3673733214411686,22504348.0,8516224.0,17906255.0,10716428.0,13988124.0,2971791.0,-46089064.0,28482964.400000002,29283558.400000002,0.6577859150082005,1.670916372507705,0.3140976579281479,0.8300113994183338,-0.030468430527796114,0.6577859150082005,-0.07260600472697759,3.1652514234925673,-11.516104048168533,3.344553219830761,0.0,1.91560611092772,0.0,0.39986237326226914,1.3355979249802266,-0.027475979308531844,-88.36941396203117,0.3673733214411686,0.5,0.4184971745910116,0.025602032619186782,0.0,0.16641439160428592,0.4829350651088269,0.5671245714264878,0.7777044291466574,-0.1031113891666682,-0.6406791598989439,Scientific & Technical Instruments,Technology,LUNA
2010Q1,2010,Q1,2010-05-17,2010-03-31,-1195844.0,7885791.0,-1096953.0,-0.1,2834208.0,0.3594069383781538,22532146.0,7816461.0,17763541.0,10812666.0,14715685.0,2822059.0,-45377735.0,29254223.3,30287143.3,0.6118670629686483,1.6428456219770406,0.3328577757307271,0.9595135189697742,-0.0716192206541707,0.6118670629686483,-0.15299046461051874,3.709738604535677,-6.115810946076579,3.742643032441408,0.0,1.7900345102636055,0.0,0.3499795802849848,1.3152982807385338,-0.05307279652812475,-19.67179626323452,0.3594069383781538,-1.0513166812023031,-0.13976949721763077,-0.08912962426064076,0.0,-0.11163296145227634,-1.0480374561073795,-1.0408492829247225,0.6520513724211437,-0.1295777632248787,-0.6944208032881825,Scientific & Technical Instruments,Technology,LUNA
2009Q4,2009,Q4,2010-03-26,2009-12-31,24893991.0,8541628.0,26853666.0,1.9486840858974368,3190357.0,0.3735069005580669,21757924.0,-2860208.0,16612865.0,5556132.0,24618132.0,2890364.0,-44100258.0,27277966.381,22056674.381,-0.22389506816952479,2.990005457033778,0.0003451616064106116,-0.002625683167098337,-9.438274729121591,-0.22389506816952479,-8.703559671184752,3.1935324719128486,0.27394127342819397,-9.537056878730498,0.0,1.8514176761127665,0.0,0.392575504905707,2.237528734018558,1.1441344771679505,-62.17299508140301,0.3735069005580669,11.826022699430206,10.664259170844039,-0.281273266117603,-1.6270582192637493,-0.09021128405301736,13.183675806629227,14.993448729219178,8.252062459535034,-0.17165344407595112,-1.1011129133651913,Scientific & Technical Instruments,Technology,LUNA
2009Q3,2009,Q3,2009-11-13,2009-09-30,-2043225.0,8874925.0,-1919017.0,-0.18,3506701.0,0.39512457851756494,22418061.0,-28607656.0,17063496.0,4303670.0,51025717.0,2844485.0,-68994248.0,24182660.349999998,18538273.349999998,-2.5434116639693864,3.9648709125002615,0.00042238264941825253,-0.0003309953111852296,0.06712497566347676,-2.5434116639693864,0.0714223143622812,2.7248298267309297,-2.9588836704229835,-0.8453212786814829,0.0,1.8872393420953177,0.0,0.3958828107390733,3.101446207539147,-0.09114191454827426,-11.076516360798209,0.39512457851756494,0.14285714285714285,-2.0873412689592223,-0.15184498551468206,0.0,0.04919489043101741,0.15118853752970304,0.1471190969409002,0.08248038871980745,0.2837292239295546,-2.037051486367649,Scientific & Technical Instruments,Technology,LUNA
2009Q2,2009,Q2,2009-09-09,2009-06-30,-2407160.0,8661779.0,-2250041.0,-0.21,3342278.0,0.3858650745995713,27347545.0,-27389219.0,22358831.0,49736764.0,54736764.0,2851581.0,-66951021.0,5603510.5,2790749.5,-2.443933941053559,0.4495433398119749,0.33997556270590285,-0.33945827370981263,0.12444958335038722,-2.443933941053559,0.08788713544551964,0.6469237439560626,-0.5819628213330231,-0.20458818121100864,0.0,1.8654567413655794,0.0,0.31672967354108017,0.3837859254373686,-0.08802106368231591,-7.476900177865428,0.3858650745995713,0.9426229508196722,-2.285672914551864,-0.16920638780577044,0.0,0.23004535184945968,0.9411282242322134,0.9439287855722074,0.4254583568665491,0.14035689384366895,-1.6984113871956192,Scientific & Technical Instruments,Technology,LUNA
2009Q1,2009,Q1,2009-05-15,2009-03-31,-40888184.0,8493556.0,-40128273.0,-3.66,2717199.0,0.31991300228078795,29809218.0,-25771460.0,24396656.0,50580678.0,55580678.0,2850327.0,-64543861.0,12165951.07,8644365.07,-2.3089761941644897,0.48233153379240984,0.323975422636045,-0.37473445431496705,2.529651336443886,-2.3089761941644897,1.5865683977547256,1.432374269387286,-0.07438549404639737,-0.47207069642154537,0.0,2.0265594087976573,0.0,0.2849305204853076,0.4191010250989518,-1.371662416639041,-6.206950051860843,0.31991300228078795,-17.901796435612777,-22.927723628443704,-0.18201348195962047,0.0,0.17086883135854358,-17.919090344172464,-14.750864607779526,-9.64210491695207,0.02274228678756187,-2.454327206174922,Scientific & Technical Instruments,Technology,LUNA
2008Q4,2008,Q4,2009-03-16,2008-12-31,-2161213.0,7396548.0,-2547687.0,-0.19363238898839333,2320669.0,0.31375027918428977,34016567.0,14316389.0,26120675.0,11128750.0,19700178.0,2828991.0,-23655677.0,21429932.16,15928368.16,1.2826670040191113,2.3471346737054923,0.2944858015801536,0.699715270379982,-0.1046227285649924,1.2826670040191113,-0.1509607625218901,2.8972883242290863,-2.478924122703315,1.4968811031887999,0.0,1.7942365316821438,0.0,0.2174395787793636,2.0621440862630576,-0.06353413029598196,65.14231394256636,0.31375027918428977,-3.8408097247098327,-2.1590274613394573,-0.2876625979148404,2.5923385629897027,-0.4561029337834503,-3.559665390254966,-1.3060436084059641,-1.3576188472820623,-0.022146223645930906,-0.28269810615551283,Scientific & Technical Instruments,Technology,LUNA
2008Q3,2008,Q3,2008-11-06,2008-09-30,-473985.0,10703546.0,-1104787.0,-0.04,4266743.0,0.39862892166764174,36994683.0,15760795.0,28812629.0,12305317.0,21233888.0,2291968.0,-21494464.0,43338002.96,38178195.96,1.4255921403905871,2.341477996869158,0.27088914371830136,0.6358472399393559,-0.042850677169291605,1.4255921403905871,-0.030073673314068232,4.0489388245727165,-22.858319862442904,2.7497345762063397,0.0,2.8084174822685135,0.0,0.2893266040419917,2.111865708132509,-0.012812246559863752,-212.99455919791615,0.39862892166764174,0.75,-1.2566238783078831,0.04068911152835992,0.0,0.04866213177563915,0.7364549398747955,0.374030339035005,0.4779917568963048,0.4285954309821974,0.0,Scientific & Technical Instruments,Technology,LUNA
2008Q2,2008,Q2,2008-08-07,2008-06-30,-1798497.0,9878303.0,-1764921.0,-0.16,4068749.0,0.4118874466596135,35309644.0,15443424.0,26918453.0,10226088.0,19866220.0,2280710.0,-21020479.0,50521409.4,45280809.4,1.41224521895464,2.6323314448301245,0.28354970103918353,0.6483043527134915,-0.06933368291120849,1.41224521895464,-0.11645714059265613,5.114381427660196,-7.022726393204993,3.271386539668923,0.0,2.5472567753024276,0.0,0.2797621805532789,2.360594980211397,-0.05093500801084259,-57.48627388509665,0.4118874466596135,0.058823529411764754,-1.9844461344051751,-0.02898688255550337,0.0,0.20310733686451893,0.028862041482806213,0.6643437198086007,-1.0024927642355714,0.33294818017842187,0.0,Scientific & Technical Instruments,Technology,LUNA
2008Q1,2008,Q1,2008-05-09,2008-03-31,-1851948.0,8919924.0,-5258120.0,-0.17,3381867.0,0.379136302058179,30103536.0,16490739.0,21899009.0,8258379.0,13612797.0,1984392.0,-19221982.0,86143090.37,79981490.37,1.529559759744663,2.6517321377476137,0.16666400917154717,0.30424203548427997,-0.24447372048848062,1.529559759744663,-0.11230230494825004,9.657379409286447,-11.628713437148344,5.223725290297785,0.0,2.7908079653616826,0.0,0.2963081812050252,2.3772511530410507,-0.06151928464483375,-92.38281013193088,0.379136302058179,-0.5918357383869135,-2.0281829871955868,-0.11066856363143505,0.0,0.06660688975670188,-0.608438459433991,-3.3183126607113964,-1.0914655264119684,0.22082071634161066,0.0,Scientific & Technical Instruments,Technology,LUNA
2007Q4,2007,Q4,2008-03-19,2007-12-31,-1151395.0,9936463.0,-1217633.0,-0.10679493863623736,3170678.0,0.31909523539714285,32548878.0,17136733.0,24167961.0,10053056.0,15412145.0,1675239.0,-17370034.0,92504094.54,85485705.54,1.589477415796129,2.4040412189089566,0.15449245285812924,0.29343726134964,-0.05492265209319277,1.589477415796129,-0.06718871094041087,9.30955960284862,-20.08522152258782,5.398000572221088,0.0,4.038698358861034,0.0,0.30527820344529233,2.2042667423716726,-0.035374337634618315,-137.45751196570401,0.31909523539714285,0.40669478535423687,-1.6392436061865703,-0.009317738900363779,3.4516160452199296,-0.10179195264367973,0.3736808837480526,0.385517045434474,-1.6392436061865703,-0.009317738900363779,3.4516160452199296,Scientific & Technical Instruments,Technology,LUNA
2007Q3,2007,Q3,2007-11-13,2007-09-30,-1838352.0,8820200.0,-1981557.0,-0.18,3530004.0,0.4002181356431827,32233839.0,17372546.0,23631065.0,9249457.0,14861293.0,1551020.0,-16218639.0,43027068.26,35548889.26,1.6877106718309327,2.554859706899551,0.15667432600876366,0.2907009139593011,-0.08834334313604898,1.6877106718309327,-0.10581937730946288,4.878241792703113,-5.851309795403709,2.4767278359775244,0.0,3.410785160732937,0.0,0.27363169494021483,2.3465255311744246,-0.05703174232520054,-30.456035179365212,0.4002181356431827,0.14285714285714285,-2.069001937138753,-0.07893746379833619,0.0,0.2193080141259955,0.15585576070934948,0.13502252630761058,-2.069001937138753,-0.07893746379833619,0.0,Scientific & Technical Instruments,Technology,LUNA
2007Q2,2007,Q2,2007-08-13,2007-06-30,-2177770.0,7855280.0,-2290877.0,-0.21,2895088.0,0.368553126050249,32960452.0,18556150.0,24110814.0,8787845.0,14404302.0,1334619.0,-14380283.0,44295255.37540001,35432887.37540001,1.8306366945574415,2.7436549006041866,0.15384336962369327,0.27326503612010034,-0.09691117231333932,1.8306366945574415,-0.11736109052793818,5.6389148923272,-5.084932680609064,2.3870929786297266,0.0,3.716560306724241,0.0,0.23832440161924964,2.540913727995885,-0.06607221284465395,-330.62575854568803,0.368553126050249,0.2222222222222223,-2.2860031194932624,-0.16698620310557194,0.0,0.1962496338017228,0.1880339808992597,0.18033140576238996,-2.2860031194932624,-0.16698620310557194,0.0,Scientific & Technical Instruments,Technology,LUNA
2007Q1,2007,Q1,2007-05-15,2007-03-31,-2682095.0,7070173.0,-2794882.0,-0.27,2420137.0,0.342302373647717,32480544.0,19961866.0,23637546.0,6899583.0,12518678.0,1080027.0,-12202513.0,33796174.47,24997723.47,2.0023191027158878,3.4259383501872502,0.15673182690536216,0.25502300235859715,-0.11149523294870707,2.0023191027158878,-0.13436093599666485,4.780105730086095,-3.1501656792544632,1.693036836836797,0.0,4.305481251857592,0.0,0.21767409437477403,3.2212933738169394,-0.08257543346564639,-8.925648713253791,0.342302373647717,-0.004809798696901576,-2.6103549230337277,-0.23767817413852477,0.0,-0.02435271281109595,-0.0012128356762576124,0.024260457698770378,-2.6103549230337277,-0.23767817413852477,0.0,Scientific & Technical Instruments,Technology,LUNA
