Quarters,Year,Quarter,FillingDate,Date,NetIncome,Revenue,OperatingIncome,EPSDiluted,GrossProfit,GrossProfitRatio,TotalAssets,CommonStockEquity,CurrentAssets,CurrentLiability,TotalLiability,Inventory,RetainedEarnings,MarketCap,EnterpriseValue,bookValuePerShare,currentRatio,debtToAssets,debtToEquity,roic,shareholdersEquityPerShare,roe,priceToSalesRatio,peRatio,pbRatio,payoutRatio,inventoryTurnover,dividendYield,assetTurnover,quickRatio,returnOnAssets,priceToFreeCashFlowsRatio,grossProfitMargin,epsdilutedGrowth,fiveYNetIncomeGrowthPerShare,fiveYRevenueGrowthPerShare,fiveYShareholdersEquityGrowthPerShare,grossProfitGrowth,netIncomeGrowth,operatingIncomeGrowth,threeYNetIncomeGrowthPerShare,threeYRevenueGrowthPerShare,threeYShareholdersEquityGrowthPerShare,Industry,Sector,Symbol
2023Q1,2023,Q1,2023-05-05,2023-03-31,-10456000.0,127088000.0,-5220000.0,-0.23,18667000.0,0.1468824751,547273000.0,174464000.0,200505000.0,91340000.0,372809000.0,81778000.0,-255373000.0,48480630.0,246139630.0,3.85053742082147,2.195149989051894,0.3804390130702593,1.1933923330887748,-0.01359944085446864,3.85053742082147,-0.05993213499633162,0.3814729164043812,-1.159158138867636,0.2778832882428467,-0.02687452180566182,1.3257966690307907,0.005796129299474862,0.2322204822821517,1.123658857017736,-0.019105638319449343,-10.161523789561937,0.14688247513533928,0.30303030303030304,-0.06444681834798449,-0.5423693807828538,-0.7808367356233252,0.39233236369060936,0.2873014791084452,0.48803452334248726,0.9608446939227647,-0.4086566656006239,1.0550807498949701,Conglomerates,Industrials,NNBR
2022Q4,2022,Q4,2023-03-10,2022-12-31,-14671000.0,118012000.0,-10196000.0,-0.33,13407000.0,0.1136070908,546127000.0,250965000.0,191700000.0,78806000.0,295162000.0,80682000.0,-245198000.0,67062000.0,263669000.0,5.613424890399928,2.43255589675913,0.3834547641848874,0.834439065208296,-0.01986309565402065,5.613424890399928,-0.058458350766043075,0.5682642443141376,-1.1427646377206735,0.2672165441396211,-0.07961284166041852,1.2965097543442157,0.01741671885717694,0.21608893169537488,1.257531152450321,-0.026863714850208834,10.402047463936714,0.11360709080432499,-3.0540540540540544,-1.2033623619734306,-0.5338679868365223,-0.6816044486815438,-0.30403862126245845,-3.031602088485848,-9.609781477627472,0.12867032284129662,-0.44082621579667913,-0.33139804590095545,Conglomerates,Industrials,NNBR
2022Q3,2022,Q3,2022-11-02,2022-09-30,-3639000.0,127297000.0,-961000.0,-0.0814,19264000.0,0.151331139,557615000.0,256552000.0,204091000.0,78567000.0,301063000.0,84172000.0,-233184000.0,76455810.0,277540810.0,5.738006307172731,2.5976682322094518,0.38312455726621414,0.8327200723440082,-0.0014115910499852792,5.738006307172731,-0.014184258941657053,0.6006096765831088,-5.252528854080791,0.29801291745922853,0.0,1.283479066673003,0.0,0.22828833514162997,1.3638168696781092,-0.006526008088017718,-17.239190529875987,0.1513311389899212,0.593,-1.0168792832787008,-0.470361542137276,-0.6416411547776869,-0.10287337586736832,0.5950367237925662,0.7988277161398367,0.38869997832985054,-0.44044711682077214,-0.3295822112443203,Conglomerates,Industrials,NNBR
2022Q2,2022,Q2,2022-08-05,2022-06-30,-8986000.0,125362000.0,-4777000.0,-0.2,21473000.0,0.1712879501,573157000.0,265325000.0,206731000.0,84444000.0,307832000.0,84726000.0,-230969000.0,113111239.99999999,308383240.0,5.934620202200948,2.448143148121832,0.3671908395081976,0.7932083294073307,-0.010172756318157795,5.934620202200948,-0.03386789786111373,0.9022769260222395,-3.1468740262630757,0.4263120324130783,-0.16859559314489206,1.2261761442768453,0.013393894364521158,0.21872192086984893,1.2876936194401023,-0.015678077734372957,-40.952657494569145,0.17128795009652048,-0.6666666666666669,0.743560835668149,-0.6590116487040372,-0.4771581728390901,-0.08582740857422623,-0.6659251019651464,-5.318783068783069,-0.26136157427428913,-0.4683567440987712,-0.3399154243012604,Conglomerates,Industrials,NNBR
2022Q1,2022,Q1,2022-05-06,2022-03-31,-5394000.0,128067000.0,-756000.0,-0.12,23489000.0,0.1834118079,595848000.0,279373000.0,217307000.0,91834000.0,316475000.0,81239000.0,-222402000.0,128430720.0,317900720.0,6.264811409606674,2.3663022410000654,0.352601670224621,0.7520304395915138,-0.001933269148584956,6.264811409606674,-0.01930752076972363,1.0028400758977722,-5.952480533926585,0.4597105661606526,0.0,1.2872881251615604,0.0,0.21493233173561044,1.3184550384389224,-0.009052644298545938,-13.540402741170269,0.18341180788181186,-0.5037593984962406,-1.4458641325645158,-0.6535346916609146,-0.47826838154233225,0.26892118199989196,-0.5198647506339814,0.5078125,0.7270511728035162,-0.4347777989903006,-0.33415884549602237,Conglomerates,Industrials,NNBR
2021Q4,2021,Q4,2022-03-11,2021-12-31,-3549000.0,110379000.0,-1536000.0,-0.0798,18511000.0,0.1677040017,579101000.0,224185000.0,196282000.0,74017000.0,301109000.0,75027000.0,-219100000.0,182261399.99999997,364730400.0,5.043078238178792,2.6518502506181014,0.3645737099400623,0.9417445413386266,-0.0026683820890910297,5.043078238178792,-0.015830675558132792,1.6512325714130403,-12.838926458157225,0.8129955170952561,0.0,1.224465858957442,0.0,0.19060405697797103,1.5115851763783996,-0.006128464637429395,0.0,0.16770400166698377,-0.050491264435889756,-1.7100210159027367,-0.6652003910675769,-0.5641088873954809,-0.004891947102462101,-0.05093278057447439,0.6669557675628794,0.9847867258360061,-0.47771456946228325,-0.49413088897609597,Conglomerates,Industrials,NNBR
2021Q3,2021,Q3,2021-11-05,2021-09-30,-3377000.0,117244000.0,-4612000.0,-0.07596445844112024,18602000.0,0.15866057111664564,594706000.0,276212000.0,207501000.0,85073000.0,318494000.0,75321000.0,-219556000.0,233388750.0,421377750.0,6.213294342593634,2.4390934844192635,0.357487565284359,0.7696986372786121,-0.009258472961797739,6.213294342593634,-0.012226116171636279,1.9906242536931527,-17.277816849274505,0.8449623839659393,0.0,1.3096214867035754,0.0,0.19714615288899054,1.4145851210137177,-0.005678436067569521,-62.27021077908218,0.15866057111664564,0.37379697029801834,-1.497496678756302,-0.6505278627528971,-0.4828649323789253,-0.20368150684931507,0.373585605639028,-1.9042821158690175,0.8418986953163917,-0.6321490463155941,-0.7219383244877398,Conglomerates,Industrials,NNBR
2021Q2,2021,Q2,2021-08-06,2021-06-30,-5391000.0,123157000.0,-1588000.0,-0.12130963096309631,23360000.0,0.1896765916675463,613583000.0,281424000.0,214686000.0,92196000.0,332159000.0,74770000.0,-216179000.0,326634000.0,509358000.0,6.332673267326733,2.3285825849277626,0.3492062198594159,0.7613671897208483,-0.0027675272895197178,6.332673267326733,-0.01915614872931946,2.6521756781993715,-15.147189760712298,1.1606472795497185,0.0,1.334719807409389,0.0,0.2007177513066692,1.3752331988372597,-0.008786097398395979,-43.36041417761848,0.1896765916675463,-0.05363821951093956,-2.614116921293311,-0.6504822306827457,-0.4607807748075216,-0.13851600531051778,-0.09729289639731326,-2.623721881390593,0.8629271943554357,-0.6090930356703934,-0.604366839730121,Conglomerates,Industrials,NNBR
2021Q1,2021,Q1,2021-05-07,2021-03-31,-4913000.0,126804000.0,978000.0,-0.11513404574428196,27116000.0,0.2138418346424403,622316000.0,234755000.0,222496000.0,98070000.0,387561000.0,67531000.0,-210788000.0,301691040.0,474796040.0,5.501382639670041,2.268746813500561,0.3473122979322402,0.9206960448126771,0.001710284734786403,5.501382639670041,-0.02092820174224191,2.3791918236017793,-15.351671076735194,1.285131477497817,0.0,1.4761813093246066,0.0,0.20376143309829733,1.4533904354032834,-0.007894703012617384,124.87211920529802,0.2138418346424403,-1.0337636497783818,-1.3814755004642896,-0.62377914175093,-0.5341422939007427,0.0826479278128244,-1.033336273638356,2.004106776180698,0.4689362760479777,-0.5151750496759476,-0.686874623948459,Conglomerates,Industrials,NNBR
2020Q4,2020,Q4,2021-03-15,2020-12-31,147377000.0,119028000.0,-974000.0,3.41,25046000.0,0.21042107739355445,624962000.0,254152000.0,215218000.0,103231000.0,370810000.0,62517000.0,-205875000.0,277812450.0,313584450.0,6.010452879271609,2.084819482519786,0.13426416326112628,0.3301567565866096,-0.0023095082422411894,6.010452879271609,0.5798773962038465,2.334009224720234,0.47126154352443056,1.09309566715981,0.01244427556538673,1.5033031015563767,0.006601575991284768,0.19045637974788868,1.6326103592912982,0.23581753770629255,-39.406021276595744,0.21042107739355445,6.5777777777777775,4.739601980800404,-0.5890680890670964,-0.4859930881422277,0.05746252902681022,5.708101957214383,0.33104395604395603,1.1599290195807936,-0.5029148334479604,-0.6590848732220331,Conglomerates,Industrials,NNBR
2020Q3,2020,Q3,2020-11-06,2020-09-30,21970000.0,113761000.0,-1456000.0,0.45,23685000.0,0.20819964662757887,1316209000.0,86347000.0,863553000.0,927159000.0,1229862000.0,63718000.0,-353252000.0,217762320.0,992463320.0,2.046040472015544,0.9313968801467709,0.631231058289375,9.622013503653863,9.135367551686326e-05,2.046040472015544,0.2544384865716238,1.914208911665685,2.4779508420573513,2.521944248207813,0.0,1.41366646787407,0.0,0.08643080240296185,0.1695307924530744,0.016691877961630713,-154.22260623229462,0.20819964662757887,1.7627118644067798,2.0177437774079063,-0.5327079262139794,-0.8402143904244898,-0.32388455939025435,2.010207835203237,0.8225688520594687,-0.8920349094403932,-0.4985402327216774,-0.8722175157052272,Conglomerates,Industrials,NNBR
2020Q2,2020,Q2,2020-08-07,2020-06-30,-21748000.0,150420000.0,-8206000.0,-0.59,35031000.0,0.23288791384124452,1296014000.0,57899000.0,342322000.0,137854000.0,1238115000.0,121031000.0,-375222000.0,200013780.0,954841780.0,1.3721117614996328,2.4832213791402498,0.6462299018374802,14.465241195875576,-0.007280379389797079,1.3721117614996328,-0.3756196134648267,1.329702034303949,-2.299220388081663,3.4545290937667317,0.0,0.953383843808611,0.0,0.11606356104177887,1.4929853323080942,-0.016780682924721492,156.99668759811618,0.23288791384124452,0.901006711409396,-2.4243145404077286,-0.5845108959065074,-0.8480133308513551,-0.26256736274840015,0.9123739378140223,0.9665514486491774,0.3424316078789109,-0.5665062087426934,-0.8791165405689508,Conglomerates,Industrials,NNBR
2020Q1,2020,Q1,2020-05-11,2020-03-31,-248191000.0,199745000.0,-245332000.0,-5.96,47504000.0,0.2378232246113795,1325153000.0,78902000.0,362982000.0,152533000.0,1246251000.0,118919000.0,-353474000.0,72852030.0,828674030.0,1.8736672128422502,2.3796948856968654,0.6301430853644825,10.583204481508707,-0.23263819703503627,1.8736672128422502,-3.145560315327875,0.36472517459761195,-0.07338302960220153,0.9233229829408633,0.0,1.2802075362221343,0.0,0.15073353793863803,1.474972628873752,-0.18729233530015024,-70.32049227799227,0.2378232246113795,-16.028571428571432,-19.656449994199036,-0.4497350845287405,-0.7792815003773418,0.11535300885163532,-14.661702530447403,-36.848195001542734,-22.724935648336057,-0.4277585523672683,-0.843961555505367,Conglomerates,Industrials,NNBR
2019Q4,2019,Q4,2020-03-16,2019-12-31,-15847000.0,198632000.0,-6482000.0,-0.35,42591000.0,0.21442164404526964,1541984000.0,353277000.0,302980000.0,139481000.0,1188707000.0,118722000.0,-105283000.0,389221500.0,1134118500.0,8.395765007842579,2.1721954961607675,0.5036368730155436,2.198275007996558,-0.004207602535494861,8.395765007842579,-0.04485715175343993,1.9595105521768899,-6.140302580930145,1.1017459387392894,0.0,1.3143393810751167,0.0,0.12881586319961816,1.2133122073974234,-0.01027701973561334,167.91264020707507,0.21442164404526964,-1.692307692307692,-5.418534996311224,-0.41720907682343233,-0.08228502165710426,-0.19762250146003277,-1.8313382169019117,-1.844890510948905,-4.34940772820006,-0.3634925983516409,-0.2743242960759226,Conglomerates,Industrials,NNBR
2019Q3,2019,Q3,2019-11-08,2019-09-30,-5597000.0,213897000.0,7672000.0,-0.13,53081000.0,0.24816149829123363,1553745000.0,359797000.0,316318000.0,156009000.0,1193948000.0,126832000.0,-98888000.0,299730940.0,1142670940.0,8.558851515295684,2.027562512419155,0.5582312412912028,2.410662123364008,0.004833958754204236,8.558851515295684,-0.015555994074436419,1.4012863200512395,-13.388017688047169,0.8330556952948469,-0.5299267464713239,1.267944998107733,0.009895541648119476,0.13766544703281428,1.0743098154593644,-0.0036022642068035617,17.113791252712115,0.24816149829123363,0.1875,0.3456306087646891,-0.23563056252812475,-0.10368994968218799,-0.08721820026481866,0.16425265044049575,-0.052605581625092615,-1.8719528485216672,-0.32577447308238866,-0.28764323512258094,Conglomerates,Industrials,NNBR
2019Q2,2019,Q2,2019-08-09,2019-06-30,-6697000.0,221666000.0,8098000.0,-0.16,58153000.0,0.2623451499102253,1572285000.0,377861000.0,318744000.0,149339000.0,1194424000.0,128526000.0,-93328000.0,408932440.0,1262346440.0,8.990696678404873,2.134365437025827,0.5568271655584071,2.3169657625423103,0.006708818392998573,8.990696678404873,-0.01772344856971214,1.8448135483114234,-15.265508436613409,1.0822298146672982,-0.44288487382410036,1.2722172945551873,0.007253031821099837,0.1409833458946692,1.1636946812286142,-0.004259405896513673,-52.14644733486355,0.2623451499102253,0.6363636363636365,-1.5450251206155603,-0.12066240393454208,-0.00850365127660539,0.11860657472060322,0.6399462365591397,12.474209650582363,-3.1202217442714915,-0.33481174907119443,-0.23445339871188786,Conglomerates,Industrials,NNBR
2019Q1,2019,Q1,2019-05-10,2019-03-31,-18600000.0,213256000.0,601000.0,-0.44,51987000.0,0.2437774318190344,1580993000.0,394909000.0,314450000.0,165112000.0,1186084000.0,128922000.0,-83570000.0,325283000.0,1164732000.0,9.408867816639665,1.9044648481031057,0.5437835588139859,2.177002803177441,0.0005130770070483258,9.408867816639665,-0.047099458356228904,1.525316989908842,-4.372083333333333,0.8236910275531831,-0.15844086021505377,1.2509036471665038,0.00905980330973337,0.13488737774297546,1.0178121517515384,-0.011764757971730426,-19.37938635686625,0.2437774318190344,0.9161904761904761,-2.501625640570504,-0.1204247539944887,0.06353246600818627,0.2156720606117295,0.9155274989781552,1.003193903417636,-8.166333037597484,-0.3567282052872957,-0.20325600578225286,Conglomerates,Industrials,NNBR
2018Q4,2018,Q4,2019-03-18,2018-12-31,-220190000.0,199477000.0,-188171000.0,-5.25,42764000.0,0.21438060528281455,1501570000.0,418295000.0,296871000.0,145030000.0,1083275000.0,122615000.0,-62046000.0,281544890.0,1106307890.0,9.969136538049048,2.0469626973729573,0.5612465619318446,2.014728839694474,-0.15052756667907155,9.969136538049048,-0.5263988333592321,1.4114153010121469,-0.31966130387392705,0.6730773497173048,-0.013688178391389255,1.2780899563674917,0.010705220045016622,0.1328456215827434,1.0505067916982693,-0.14663985029002977,7.585539659446061,0.21438060528281455,-9.9375,-21.62824720091597,-0.06956334239747906,0.15053598563632317,-0.1321359715880264,-14.974318049912943,-32.996429178711104,-4.630597284518776,-0.3059755585845038,-0.14745108417985583,Conglomerates,Industrials,NNBR
2018Q3,2018,Q3,2018-11-08,2018-09-30,-13784000.0,205683000.0,5881000.0,-0.48,49275000.0,0.23956768425198,1763322000.0,641034000.0,353972000.0,149803000.0,1122288000.0,124109000.0,161033000.0,437492000.0,1294949000.0,22.345022308979363,2.3629166305080673,0.4963619803983617,1.3653659556279387,0.0027719581832225354,22.345022308979363,-0.021502759604014765,2.1270207066213542,-7.93477945443993,0.6824786204787889,-0.14204875217643645,1.2602470409075892,0.004475510409333199,0.11664517314478014,1.3826692389337998,-0.007817063474510045,-36.76403361344538,0.23956768425198,0.4606741573033708,-2.6455381599684533,0.3335339973042427,1.669006344293601,0.032823995472552346,0.437640243156134,21.14041095890411,-3.785225300213573,0.24287133740424954,0.745035379041866,Conglomerates,Industrials,NNBR
2018Q2,2018,Q2,2018-08-09,2018-06-30,-24511000.0,196349000.0,-292000.0,-0.89,47709000.0,0.24298061105480548,1761084000.0,443314000.0,362968000.0,138433000.0,1317770000.0,116136000.0,176718000.0,523454399.99999994,1570490400.0,16.006426920855,2.6219759739368502,0.6077183144018116,2.4141872352328146,-0.0001560378571577302,16.006426920855,-0.05529038108428789,2.6659387111724526,-5.338974338052303,1.1807757030005819,-0.07845457141691485,1.2798787628297859,0.003673672434504324,0.11149326210447656,1.6061054806296187,-0.013918132241278667,-14.753922038388904,0.24298061105480548,-3.0454545454545454,-4.204558688704074,0.2714680074626904,1.0324127252457787,0.11720213563132259,-3.096774193548387,-1.0790685079880855,-3.4457504316553753,-0.17368188454306926,0.7730068212614792,Conglomerates,Industrials,NNBR
2018Q1,2018,Q1,2018-05-10,2018-03-31,-5983000.0,169148000.0,3693000.0,-0.22,42704000.0,0.2524652966632771,1485082000.0,484859000.0,461101000.0,122344000.0,1000223000.0,91559000.0,203159000.0,662328000.0,1283607000.0,17.56926477515672,3.768889361145622,0.5428885408347822,1.6628215625573621,0.002439366925506095,17.56926477515672,-0.012339669883409404,3.915671482961667,-27.675413672070867,1.3660218744005987,-0.3227477853919438,1.381011151279503,0.0029154739041683275,0.11389808778235815,2.8480023540181785,-0.00402873376688964,-51.60729312762973,0.2524652966632771,-1.1117282687247692,-2.2919584985101853,0.11799708618275632,1.3112547751595955,0.1731868131868132,-1.134476635724079,3.5036585365853656,-1.6862710257063185,-0.28895603516563445,1.0696640972669362,Conglomerates,Industrials,NNBR
2017Q4,2017,Q4,2018-04-02,2017-12-31,44491000.0,156135000.0,820000.0,1.969063,36400000.0,0.233131584846447,1475003000.0,486104000.0,477280000.0,108421000.0,988899000.0,82617000.0,211080000.0,760987200.0,1344629200.0,17.63034963005948,4.402099224320012,0.5478551569047656,1.6623767753402563,-0.0026365137165336953,17.63034963005948,0.09152568174711584,4.873905274281872,4.276073812681217,1.5654822836265492,0.043402036366905664,1.4492779936332716,0.0025374934033056008,0.10585402199181967,3.4693002278156446,0.0301633284813658,-10.547000776139262,0.233131584846447,-0.5916374179389743,2.351536167253359,0.20412869186797825,1.3373652698719183,-0.02465166130760986,-0.6652169005605929,-0.8697585768742059,17.93172676836482,-0.30088173154994635,0.9271187216190705,Conglomerates,Industrials,NNBR
2017Q3,2017,Q3,2017-11-09,2017-09-30,132895000.0,148156000.0,6296000.0,4.821849715177243,37320000.0,0.25189664947757767,1517510000.0,441304000.0,552435000.0,175004000.0,1076206000.0,76641000.0,168897000.0,799269000.0,1266978000.0,16.011900874424004,3.1566992754451326,0.5371226548754209,1.8470011601979588,0.0037051303082476675,16.011900874424004,0.30114161666334316,5.394779826669186,1.5035723691636256,1.811152856081069,0.014492644569020656,1.4461711094583838,0.0024097018650792164,0.09763098760469453,2.6033690658499236,0.08757438171741867,165.75466611364578,0.25189664947757767,7.181858609201594,25.38318027142245,0.05815215690040171,1.3252037463357678,-0.3762847831536726,7.172836638952111,-0.6942650415189627,24.698637936078153,-0.19245833416740218,0.6768169949894252,Conglomerates,Industrials,NNBR
2017Q2,2017,Q2,2017-08-14,2017-06-30,-21529000.0,225875000.0,20593000.0,-0.78,59835000.0,0.26490315439955725,1405816000.0,311781000.0,327628000.0,147063000.0,1094003000.0,123702000.0,38167000.0,753996600.0,1586968600.0,11.350698995194408,2.2278071302775,0.6061518719377216,2.733129985470571,0.012424920356372018,11.350698995194408,-0.0690516740917503,3.338114443829552,-8.75559245668633,2.4183532671971673,-0.0895536253425612,1.3422580071462062,0.0025570407081411243,0.16067180911299914,1.2930512773437235,-0.015314237425096883,-22.94991781822609,0.26490315439955725,-3.888888888888889,-2.8960954042861955,0.41674382201118815,0.7512301308701916,0.008002021563342319,-3.906574861617389,-0.07062911815145771,-3.6808453613155447,0.3709966948484867,0.25175801294970085,Conglomerates,Industrials,NNBR
2017Q1,2017,Q1,2017-05-04,2017-03-31,7407000.0,226314000.0,22158000.0,0.27,59360000.0,0.26229044601748014,1391043000.0,327847000.0,310342000.0,150187000.0,1063164000.0,116561000.0,61746000.0,688035600.0,1478655600.0,12.007728088488445,2.066370591329476,0.5824428144924348,2.4712838610693404,0.013776613734322618,12.007728088488445,0.022592855813839994,3.0401813409687426,23.222478736330498,2.09864845491952,0.2578641825300392,1.4323315688780982,0.0027760191478464194,0.1626937485038205,1.192859568404722,0.005324781476920555,-205.0165673420739,0.26229044601748014,1.2500000000000002,-0.22130131779820184,0.3451083226186943,0.8627095686625069,0.18499590761184198,1.4182174338883449,0.8318452380952381,-0.0807357498697637,0.43493574835584176,0.3572949385600835,Conglomerates,Industrials,NNBR
2016Q4,2016,Q4,2017-03-16,2016-12-31,3063000.0,202029000.0,12096000.0,0.12,50093000.0,0.24794955179701925,1360386000.0,315167000.0,280555000.0,138616000.0,1045187000.0,114851000.0,55509000.0,518941050.0,1303000050.0,11.569582614441467,2.023972701564033,0.5869392951706354,2.533463211567201,-0.00900297452799485,11.569582614441467,0.009718657092906301,2.5686463329522,42.355619490695396,1.6465589671507488,0.6225922298400262,1.322896622580561,0.003674791192564165,0.148508585063357,1.110636578749928,0.0022515668347072083,45.05870018233915,0.24794955179701925,-0.2,-0.6110323245149206,0.3059472890769129,0.9686954805925371,-0.04444614005303016,-0.26139377863515795,-0.35408768088855663,-0.5580086037436929,0.4514757405289951,0.3352431362438013,Conglomerates,Industrials,NNBR
2016Q3,2016,Q3,2016-11-04,2016-09-30,4147000.0,204961000.0,18727000.0,0.15,52423000.0,0.25577061001849133,1381648000.0,326311000.0,295489000.0,136375000.0,1055305000.0,118834000.0,54353000.0,495651750.0,1285176750.0,12.014838543392614,2.1667387717690194,0.5821403135965166,2.4648663391672363,-0.012052161422363868,12.014838543392614,0.012708734918528643,2.4182734764174647,29.88013925729443,1.518955076598705,0.459127079816735,1.2836225322719088,0.003841406794185635,0.14834530936968027,1.1944784601283227,0.0030014880780053965,24.10171407731583,0.25577061001849133,1.1428571428571426,-0.44959583049292295,0.2646364782958342,1.0652045887324313,-0.0879466926476217,1.0418513047759723,0.12117583667604621,-0.47705835816219294,0.40366484304897265,0.4351151614241957,Conglomerates,Industrials,NNBR
2016Q2,2016,Q2,2016-08-04,2016-06-30,2031000.0,214272000.0,16703000.0,0.07,57478000.0,0.2682478345280765,1389741000.0,317374000.0,297883000.0,138875000.0,1072335000.0,118784000.0,52110000.0,378065760.0,1183735760.0,11.74415334517466,2.144972097209721,0.5905776687886448,2.586065651250575,0.007337581089489766,11.74415334517466,0.006399389994139406,1.7644198028673834,46.53689807976367,1.1912310397197,0.9325455440669621,1.3199925915948276,0.0050097104799969195,0.15418124672151143,1.1966084608460845,0.0014614233875232868,-186.88371725160653,0.2682478345280765,2.4,-0.7815243495018139,0.1586111234285882,0.9823444591981662,0.09540326269248361,2.5635103926097,0.40668687889506483,-0.7278649120651198,0.4220327052622833,0.4912114255100585,Conglomerates,Industrials,NNBR
2016Q1,2016,Q1,2016-05-05,2016-03-31,-1299000.0,212226000.0,11874000.0,-0.05,52472000.0,0.2472458605448908,1395617000.0,317300000.0,295635000.0,141483000.0,1078285000.0,120119000.0,51973000.0,367567920.0,1169107920.0,11.809148088875656,2.089544326880261,0.5851311642090917,2.5736495430192248,0.008172134716008783,11.809148088875656,-0.004093917428301292,1.7319646037714511,-70.74055427251731,1.1584239520958084,-1.4464973056197075,1.329964451918514,0.005111980392630565,0.15206607543473605,1.1477774714983426,-0.0009307711213033375,-80.32515734265735,0.2472458605448908,0.9504950495049505,-1.1474600216994826,0.1919453121642543,1.1600359404650324,0.45424311290948394,0.9480711573056166,2.0945796460176993,-1.2881038630363901,0.44073054400441364,0.5535055257164114,Conglomerates,Industrials,NNBR
2015Q4,2015,Q4,2016-03-15,2015-12-31,-25015000.0,183855000.0,-10848000.0,-1.01,36082000.0,0.19625248157515435,1393526000.0,313849000.0,280181000.0,133351000.0,1079645000.0,119836000.0,55151000.0,427829600.0,1232815600.0,11.693330849478391,2.10107910701832,0.5884877641321368,2.6129540001720573,-0.006182679564394925,11.693330849478391,-0.07970393405746075,2.3269946425172012,-4.275730561663002,1.36317018693703,-0.07511493104137518,1.2331269401515403,0.004391935480854994,0.13193510562415053,1.065466325711843,-0.017950867081059127,54.709667519181586,0.19625248157515435,-6.941176470588235,-8.533628055034,0.1943125993322828,1.5146642206036403,0.04195905166190187,-6.40280777537797,-2.071724955542383,-2.9357889596249773,0.45657831728968495,0.5502577084513823,Conglomerates,Industrials,NNBR
2015Q3,2015,Q3,2015-11-05,2015-09-30,4630000.0,154824000.0,10122000.0,0.17,34629000.0,0.22366687335296853,719476000.0,343671000.0,258385000.0,121123000.0,375773000.0,92579000.0,82045000.0,496521500.0,662452500.0,12.804910764186445,2.133244718179041,0.28636535478598313,0.5995065047676411,0.014510461094077935,12.804910764186445,0.013472187062626756,3.2070060197385417,26.810016198704105,1.4447582135239807,0.4056155507559395,1.298296589939403,0.0037823135554049523,0.2151899437924267,1.2239293940870024,0.00643523897947951,-422.9314310051107,0.22366687335296853,-0.5277777777777777,3.832212821663807,0.04911091918142725,1.7347968437720553,-0.04202168861347792,-0.3341003883215878,-0.2551328280226654,-0.056095329040410195,0.1355226508449383,0.8594935550681506,Conglomerates,Industrials,NNBR
2015Q2,2015,Q2,2015-08-06,2015-06-30,6953000.0,164856000.0,13589000.0,0.36,36148000.0,0.21927015091959043,708940000.0,173470000.0,240746000.0,128741000.0,535438000.0,87928000.0,79294000.0,490366800.0,828240800.0,9.02784283112152,1.8700025632859774,0.5067890089429289,2.0711535135758345,0.019412702230203954,9.02784283112152,0.04008185853461694,2.974515941185034,17.63148281317417,2.8268103994927074,0.1938731482813174,1.4637885542716769,0.002748962613292743,0.23253871977882473,1.058155521551021,0.00980760007899117,35.413215859030835,0.21927015091959043,0.16129032258064513,0.1669979752321361,0.5292554919253523,1.179493830176509,0.04992883906009469,0.15864022662889518,-0.024759580881297545,-0.12462284773997769,0.4781365975503457,0.3928508182019392,Conglomerates,Industrials,NNBR
2015Q1,2015,Q1,2015-05-07,2015-03-31,6001000.0,163746000.0,13934000.0,0.31,34429000.0,0.21025857120173927,694386000.0,161256000.0,238008000.0,127139000.0,533098000.0,85629000.0,73688000.0,476419679.99999994,817902680.0,8.488945041061276,1.8720298256239234,0.5159133392666326,2.221579352086124,0.020191518233921978,8.488945041061276,0.03721411916455822,2.9095042321644495,19.847512081319778,2.9544307188569725,0.22129645059156808,1.5102009833117285,0.0027874583182625873,0.2358140861134873,1.0540353471397448,0.008642167324802056,-18.51179981349083,0.21025857120173927,2.8749999999999996,22.190500222269016,0.6683496292412011,0.953955032793683,0.016144265391653385,2.7088998763906056,0.627803738317757,-0.09322626943827383,0.39882938584035565,0.31685519852785704,Conglomerates,Industrials,NNBR
2014Q4,2014,Q4,2015-03-16,2014-12-31,1618000.0,153761000.0,8560000.0,0.08,33882000.0,0.22035496647394331,712713000.0,173667000.0,242799000.0,137598000.0,539014000.0,91469000.0,69015000.0,390290480.0,703159480.0,9.14855396934099,1.7645532638555792,0.4913422373381712,2.0164222333546387,0.006244485034308403,9.14855396934099,0.009316680774125194,2.5382930652115947,60.30446229913473,2.2473496979852245,0.8213844252163165,1.3105970328745258,0.003405156077596359,0.2157404172507026,0.9882120379656681,0.00227019852310818,23.76631835342833,0.22035496647394331,1.380952380952381,1.4189918360538125,0.7094266697002022,0.9674578585680915,0.34500416815529356,1.4213541666666667,2.35423197492163,-0.7051485754039792,0.42631788279966526,0.5567300440827534,Conglomerates,Industrials,NNBR
2014Q3,2014,Q3,2014-11-10,2014-09-30,-3840000.0,125632000.0,2552000.0,-0.21,25191000.0,0.20051420020376973,713139000.0,180218000.0,246725000.0,127026000.0,532883000.0,86921000.0,68726000.0,504286560.0,832643560.0,9.548985322948127,1.9423188953442603,0.49814832732468706,1.9712181913016458,0.004067967032009167,9.548985322948127,-0.021307527549967262,4.0139977075904225,-32.83115625,2.798203065176619,-0.34427083333333336,1.1555435395359004,0.0026215253486033814,0.1761676194963394,1.1001763418512744,-0.005384644508293615,-38.18906171904582,0.20051420020376973,-1.7241379310344829,0.6315292243939535,0.6380469304641939,0.8965996780909837,0.12484929671801741,-1.7384615384615385,-0.6901784630326575,-1.733418295336062,0.115494882629467,0.6413544164966056,Conglomerates,Industrials,NNBR
2014Q2,2014,Q2,2014-08-08,2014-06-30,5200000.0,106680000.0,8237000.0,0.29,22395000.0,0.20992688413948257,307420000.0,161280000.0,158027000.0,75336000.0,143581000.0,61541000.0,73887000.0,454965879.99999994,506653879.99999994,9.067806139660407,2.097629287458851,0.18704053086981978,0.35652281746031744,0.025906895266995,9.067806139660407,0.032242063492063495,4.264772028496437,21.87335961538461,2.8209689980158728,0.23942307692307693,1.3695747550413546,0.002736468941363251,0.3470171101424761,1.1488796856748433,0.01691496974822718,135.24550535077287,0.20992688413948257,0.0,1.3531999303433704,0.7092046056781699,0.6887042411337259,0.006743088334457181,-0.007254677357770141,-0.012113216598704726,-0.15010004629337398,-0.12355105689948168,0.5305926898020751,Conglomerates,Industrials,NNBR
2014Q1,2014,Q1,2014-05-09,2014-03-31,5238000.0,102528000.0,8338000.0,0.29,22245000.0,0.21696512172284643,286989000.0,157022000.0,146377000.0,79732000.0,129967000.0,57449000.0,69932000.0,349655300.0,394865300.0,8.8468082708885,1.8358626398434756,0.17335856078107523,0.31684732075760086,0.027463042207072387,8.8468082708885,0.033358382901758986,3.4103396145443194,16.688397289041617,2.226791787138108,0.2357770141275296,1.3974655781649812,0.0035320499932361958,0.3572541107847339,0.9871444338534089,0.01825157061768918,-100.62023021582733,0.21696512172284643,0.15999999999999992,1.504035103674467,0.6224327666588879,0.5173578735760431,0.22004058575111063,0.16789297658862876,0.2879209144269385,-0.09986375291562133,-0.1282783324822103,0.6181881774794367,Conglomerates,Industrials,NNBR
2013Q4,2013,Q4,2014-03-14,2013-12-31,4485000.0,90081000.0,6474000.0,0.25,18233000.0,0.20240672283833439,262402000.0,152760000.0,125674000.0,69384000.0,109642000.0,54530000.0,65929000.0,355949700.0,389387700.0,8.664775950085081,1.811282139974634,0.1390118977751694,0.23878633150039277,0.024805318348745626,8.664775950085081,0.029359780047132758,3.9514403703333665,19.841120401337797,2.3301237234878243,0.2354515050167224,1.317586649550706,0.002966711307805569,0.343293877333252,0.9048772051193359,0.017092095334639217,-3489.7029411764706,0.20240672283833439,-0.13793103448275856,1.1187112834127968,0.0909807220611636,0.2842552788927022,-0.08848672699095135,-0.11223277909738717,-0.16936104695919937,1.0563465841811985,-0.10914716455510481,0.8633700133608909,Conglomerates,Industrials,NNBR
2013Q3,2013,Q3,2013-11-08,2013-09-30,5052000.0,93023000.0,7794000.0,0.29,20003000.0,0.2150328413403137,261430000.0,144853000.0,126771000.0,69234000.0,116577000.0,48109000.0,62500000.0,269219120.0,303465120.0,8.372037914691942,1.8310512176098448,0.14808552958727,0.2672640539029223,0.02890847803581841,8.372037914691942,0.03487673710589356,2.8941134988121218,13.322403008709424,1.858567789414096,0.0,1.5178033216238125,0.0,0.3558237386680947,1.0146893144986566,0.01932448456565811,21.228443463176156,0.2150328413403137,0.05007785059926839,0.6072790924253183,-0.16830569401048107,-0.07804600529412734,-0.026807434076092245,0.05911949685534591,-0.015909090909090907,5.793781753829725,-0.022214736298966642,0.7880501697111344,Conglomerates,Industrials,NNBR
2013Q2,2013,Q2,2013-08-08,2013-06-30,4770000.0,96305000.0,7920000.0,0.27617,20554000.0,0.21342609417994912,261439000.0,136027000.0,127937000.0,64552000.0,125412000.0,46581000.0,58486000.0,198973440.0,245455440.0,7.875578971746179,1.9819215516173008,0.19780522416318913,0.38017452417534753,0.027101165968009114,7.875578971746179,0.035066567666713226,2.0660759046778465,10.428377358490566,1.4627496011821182,0.0,1.62622099139134,0.0,0.36836508707576143,1.1270448630561407,0.018245173826399275,20.789200710479573,0.21342609417994912,0.6457695195642588,-0.5213322528048792,-0.274791852931628,-0.19476636609779743,0.06607883817427386,0.6614420062695925,0.40450434474197555,-0.10933576853317613,-0.0061476114828639605,0.9013153085493281,Conglomerates,Industrials,NNBR
2013Q1,2013,Q1,2013-05-10,2013-03-31,2871000.0,93797000.0,5639000.0,0.167806,19280000.0,0.2055502841242257,264647000.0,130056000.0,130026000.0,65084000.0,134591000.0,44590000.0,54751000.0,158258250.0,214269250.0,7.601613186042433,1.9978182041669228,0.24053928440526437,0.48946607615181154,0.01954961274977816,7.601613186042433,0.022075106108138034,1.687242129279188,13.780760188087774,1.2168469736113674,0.0,1.6711594527921059,0.0,0.3544230616632722,1.1450433286214738,0.010848413169240536,-28.010309734513275,0.2055502841242257,-0.6504041666666667,-0.47852396075349557,-0.2848383960767762,-0.1639248507519543,0.32608845175046425,-0.6501340482573726,2.054712892741062,11.318482669939797,0.061067108104869115,0.7497121574439488,Conglomerates,Industrials,NNBR
2012Q4,2012,Q4,2013-03-15,2012-12-31,8206000.0,80155000.0,1846000.0,0.48,14539000.0,0.1813860645000312,265343000.0,128560000.0,127296000.0,58758000.0,136783000.0,46150000.0,51880000.0,156123040.0,206649040.0,7.5428303215207695,2.1664454201981007,0.2619854301790513,0.5407280647168637,0.16017077522384696,7.5428303215207695,0.0638301182327318,1.9477642068492296,4.756368510845722,1.2143982576228998,0.0,1.421798483206934,0.0,0.3020807030899628,1.2377888968310697,0.030926008977059882,15.598265560995104,0.1813860645000312,1.6666666666666667,-0.24412869038666932,-0.3033221753563438,-0.0803689952730112,-0.1993942731277533,1.6343499197431781,-0.6880175764745649,3.3667472354466312,-0.007505243057377387,0.6221362241131018,Conglomerates,Industrials,NNBR
2012Q3,2012,Q3,2012-11-08,2012-09-30,3115000.0,86586000.0,5917000.0,0.18,18160000.0,0.20973367518998454,261064000.0,117369000.0,129818000.0,60289000.0,143695000.0,46184000.0,43674000.0,149816760.0,210645760.0,6.886235625440038,2.153261789049412,0.28744292587258297,0.6393596264771788,0.023415449605107316,6.886235625440038,0.026540227828472596,1.7302654008731204,12.023817014446227,1.276459371725072,0.0,1.4815953576996361,0.0,0.3316657984249073,1.29076614307751,0.011931940060674776,19.413860308410005,0.20973367518998454,-0.5609756097560975,1.9551151274301926,-0.1398931599974167,-0.06702111458205258,-0.13424866514111367,-0.5574026712134129,-0.2849546827794562,1.3309781236105238,0.2500954029275168,0.36772985073936615,Conglomerates,Industrials,NNBR
2012Q2,2012,Q2,2012-08-08,2012-06-30,7038000.0,98824000.0,8275000.0,0.41,20976000.0,0.2122561321136566,264758000.0,110355000.0,134213000.0,65092000.0,154403000.0,45364000.0,40559000.0,173835460.0,243398460.0,6.481557617761071,2.0618970073127265,0.30807378813860203,0.7391146753658647,0.03613442595008379,6.481557617761071,0.06377599565040099,1.7590409212337084,6.17488846263143,1.5752386389379731,0.0,1.7160744202451284,0.0,0.3732616200454755,1.2800190499600566,0.026582766148709386,22.372646074646074,0.2122561321136566,0.17142857142857143,1.5881519204787233,-0.09042428988988861,-0.13431303889169388,-0.026635730858468678,0.19106447791504486,-0.08391453559171926,1.4993811981915848,0.654013822963455,0.20706526691092678,Conglomerates,Industrials,NNBR
2012Q1,2012,Q1,2012-05-08,2012-03-31,5909000.0,104519000.0,9033000.0,0.35,21550000.0,0.20618260794688048,274214000.0,109337000.0,139304000.0,67740000.0,164877000.0,46021000.0,33521000.0,138401760.0,213937760.0,6.44637698248924,2.0564511366991436,0.31852130088179303,0.7988421120023413,0.03675311153776746,6.44637698248924,0.05404391925880535,1.324177996345162,5.855549162294804,1.2658273045721027,0.0,1.8028508724278047,0.0,0.3811585112357502,1.3018305284912903,0.02154886329654941,-26.478239908169122,0.20618260794688048,0.21075871915153976,0.5599037692093972,-0.04017844812439199,-0.21061801293077548,0.2508706756443,0.20518050173363248,0.7471953578336558,1.5950202076989655,0.7307801438997314,0.10564856509963155,Conglomerates,Industrials,NNBR
2011Q4,2011,Q4,2012-03-15,2011-12-31,4903000.0,96320000.0,5170000.0,0.2890749366193031,17228000.0,0.17886212624584719,259461000.0,99676000.0,124025000.0,73041000.0,159785000.0,46023000.0,27612000.0,101766000.0,175362000.0,5.876776133482696,1.6980189208800536,0.30113196202897546,0.7838597054456439,0.026879348003356777,5.876776133482696,0.04918937357036799,1.0565406976744185,5.188965939220885,1.0209679361130062,0.0,1.7185320383286617,0.0,0.37123112914850404,0.9883763913418491,0.018896866966519054,16.424467398321497,0.17886212624584719,0.04201188313496905,0.5744142887529456,0.11172652944253897,-0.258038754272807,-0.019353369763205827,0.04274776690769885,-0.10785159620362382,1.1348938979095526,0.21255433867922688,-0.12896988730312334,Conglomerates,Industrials,NNBR
2011Q3,2011,Q3,2011-11-08,2011-09-30,4702000.0,101143000.0,5795000.0,0.27742,17568000.0,0.1736946699227826,268978000.0,98605000.0,134593000.0,75275000.0,170373000.0,43867000.0,22709000.0,85592450.0,163883450.0,5.817747359726238,1.7880172700099635,0.33598286848738557,0.9165052482125653,0.02368385922580307,5.817747359726238,0.047685208660818414,0.8462518414522013,4.5508533602722245,0.8680335682774706,0.0,1.9051906900403492,0.0,0.3760270356683446,1.1301095981401528,0.01748098357486486,138.05233870967743,0.1736946699227826,-0.18405882352941183,0.8022322816173102,0.3633488520149185,-0.22601679535110833,-0.17385375029391018,-0.1930667581946113,-0.37358123446113933,0.5270835761240888,-0.0768730164618818,-0.3593321634298271,Conglomerates,Industrials,NNBR
2011Q2,2011,Q2,2011-08-09,2011-06-30,5827000.0,115922000.0,9251000.0,0.34,21265000.0,0.1834423146598575,278730000.0,100353000.0,139649000.0,83355000.0,178377000.0,42654000.0,18009000.0,253407440.0,330268440.0,5.924375701044926,1.6753524083738227,0.31135507480357333,0.8647873008280769,0.03657365202794249,5.924375701044926,0.05806503044253784,2.1860168044029606,10.87212287626566,2.5251605831415107,0.0,2.219182257232616,0.0,0.41589351702364297,1.0973546877811768,0.02090553582319808,27.215920953710665,0.1834423146598575,0.037040651993558285,0.7092359670097472,0.4052454987380441,-0.217559377840857,0.012233434881949733,0.058107862720174326,0.0036888358468048174,-0.40376747167247057,-0.10990868083319603,-0.39426592108737446,Conglomerates,Industrials,NNBR
2011Q1,2011,Q1,2011-05-10,2011-03-31,5507000.0,111307000.0,9217000.0,0.327856,21008000.0,0.1887392526974943,273173000.0,91831000.0,136978000.0,81887000.0,181342000.0,41222000.0,12182000.0,306713220.0,394391220.0,5.4671072215276535,1.6727685713238976,0.3376980887569416,1.0045627293615447,0.039634528461656444,5.4671072215276535,0.05996885583299757,2.755560926087308,13.923788814236428,3.3399747362001944,0.0,2.1905535878899616,0.0,0.4074597416289311,1.0841647636376959,0.020159386176525497,-14.265067671271103,0.1887392526974943,1.6501430375360921,0.0686790076968687,0.32136023106796396,-0.23236635588920562,0.2128629986721321,1.6501443695861404,0.8926078028747433,0.018847411361537756,-0.13556842234605082,-0.39869178103055797,Conglomerates,Industrials,NNBR
2010Q4,2010,Q4,2011-03-15,2010-12-31,2078000.0,96340000.0,4870000.0,0.12371256772042627,17321000.0,0.17979032592900146,248555000.0,78107000.0,115670000.0,83587000.0,170448000.0,41882000.0,6675000.0,207610920.0,275411920.0,4.65005655771864,1.3838276286982425,0.29513387379050915,0.9391859884517393,0.019235120074522296,4.65005655771864,0.02660452968363911,2.1549815237699814,24.977252165543792,2.658032186615796,0.0,1.8867055059452749,0.0,0.38760032990686166,0.8304760309617524,0.008360322665003722,25.822253731343284,0.17979032592900146,3.0310715435959,-0.5855628981365719,0.2963500934963417,-0.3128713572549398,0.08731952291274325,3.0615079365079363,0.6643882433356118,-0.8057765361711696,-0.15033483354372135,-0.4330594747688915,Conglomerates,Industrials,NNBR
2010Q3,2010,Q3,2010-11-09,2010-09-30,-1008000.0,90996000.0,2926000.0,-0.06091,15930000.0,0.17506264011604905,248757000.0,77486000.0,117721000.0,135455000.0,171271000.0,36588000.0,4597000.0,136529250.0,212126250.0,4.682216448123754,0.869078291683585,0.3329634944946273,1.0689285806468265,0.07186644252181669,4.682216448123754,-0.013008801589964638,1.5003873796650402,-33.86142113095238,1.7619860361871822,0.0,2.0516562807477863,0.0,0.36580277137929784,0.5504115758000812,-0.004052147276257552,35.938207423006055,0.17506264011604905,-1.196483870967742,-1.409504980799958,0.26038145475488095,-0.2937751001562145,-0.17332641411520497,-1.1967597111067734,-0.5572703888636708,0.6816843624216394,-0.0690490575280184,-0.36563177319728524,Conglomerates,Industrials,NNBR
2010Q2,2010,Q2,2010-08-11,2010-06-30,5123000.0,92693000.0,6609000.0,0.31,19270000.0,0.2078905634729699,235614000.0,68437000.0,110903000.0,70680000.0,167177000.0,32826000.0,5607000.0,82610000.0,164387000.0,4.142174070935722,1.5690860215053763,0.37272827590890184,1.2832239870245628,0.03261792826972636,4.142174070935722,0.07485716790624955,0.8912215593410505,4.031329299238727,1.2070955769539868,0.0,2.2367330774386156,0.0,0.3934104085495769,1.0497170345217883,0.021743190133014168,34.63731656184486,0.2078905634729699,30.0,0.5888351653219512,0.13635784149761987,-0.3714798501689826,0.17328300048709205,21.76888888888889,2.584056399132321,1.4411787887999672,-0.1208289573223074,-0.4467647600595394,Conglomerates,Industrials,NNBR
2010Q1,2010,Q1,2010-05-10,2010-03-31,225000.0,85340000.0,1844000.0,0.01,16424000.0,0.1924537145535505,238480000.0,71758000.0,104802000.0,69863000.0,166722000.0,33192000.0,484000.0,90843500.0,172702500.0,4.3444935520978385,1.500107352962226,0.3674857430392486,1.2212993673179298,0.00221716451495366,4.3444935520978385,0.003135538894618022,1.0644891024138738,100.93722222222223,1.265970344769921,0.0,2.076283441793203,0.0,0.357849714860785,0.9790160743168773,0.0009434753438443476,-56.319590824550524,0.1924537145535505,1.0491577380952382,-0.9428119547089914,0.006308583269421774,-0.3600663567501862,0.37072275079285594,1.0669642857142858,1.6844840386043058,-0.9390060694436841,-0.19523667677670933,-0.46800117922359663,Conglomerates,Industrials,NNBR
2009Q4,2009,Q4,2010-03-31,2009-12-31,-3360000.0,78264000.0,-2694000.0,-0.20342677241629836,11982000.0,0.15309720944495553,242652000.0,76803000.0,98283000.0,68489000.0,165849000.0,33275000.0,259000.0,65407320.0,143626320.0,4.64993642913362,1.4350187621369854,0.35838567166147406,1.1322864992252908,-0.01325347653385113,4.64993642913362,-0.0437482910823796,0.8357267709291628,-4.866616071428571,0.8516245459161752,0.0,1.9919459053343351,0.0,0.3225359774491865,0.8957934850851962,-0.013846990752188319,13.208263327948304,0.15309720944495553,0.6301331410612757,-12.579742131774163,0.022391616099857344,-0.31793663060936506,0.6807406368354608,0.625960146944228,0.6884828862164662,-2.1079411482459425,-0.07239341831211964,-0.4129310786817987,Conglomerates,Industrials,NNBR
2009Q3,2009,Q3,2009-11-05,2009-09-30,-8983000.0,66110000.0,-8648000.0,-0.55,7129000.0,0.10783542580547573,252700000.0,81906000.0,101395000.0,150079000.0,170794000.0,33445000.0,3619000.0,75483520.0,157977520.0,5.0347922301450705,0.6756108449549904,0.3721171349426197,1.1480721803042513,-0.04217215667536222,5.0347922301450705,-0.10967450492027446,1.1417867191045228,-2.100732494712234,0.9215871853099894,0.0,1.7635222006278966,0.0,0.261614562722596,0.4084115699065159,-0.03554808072813613,8.74765558002086,0.10783542580547573,0.33734939759036137,-5.302296461089027,-0.06554247546594791,-0.22504327134254634,1.4256549846886697,0.3329125204218031,0.0079155672823219,-4.587231919843196,-0.07157198040081214,-0.33017981289369824,Conglomerates,Industrials,NNBR
2009Q2,2009,Q2,2009-08-07,2009-06-30,-13466000.0,57088000.0,-8717000.0,-0.83,2939000.0,0.05148192264573991,249455000.0,87354000.0,96712000.0,142232000.0,162101000.0,36028000.0,12603000.0,27330240.0,119108240.0,5.36968281288419,0.6799595027841836,0.3962157503357319,1.1314650731506284,-0.05970087837807047,5.36968281288419,-0.15415436041852693,0.47873878923766816,-0.50739343531858,0.3128676420083797,0.0,1.5029699122904407,0.0,0.22885089495099317,0.37238455481185667,-0.05398168006253633,19.246647887323945,0.05148192264573991,-0.4067796610169492,-7.969272552321624,-0.22038561201450146,-0.15354878373365252,0.5741831815747188,-0.413753280839895,0.20414498310965032,-5.112910123801648,-0.2794157422264604,-0.29081844688389347,Conglomerates,Industrials,NNBR
2009Q1,2009,Q1,2009-05-06,2009-03-31,-9525000.0,57921000.0,-10953000.0,-0.59,1867000.0,0.032233559503461615,257506000.0,94849000.0,102796000.0,48874000.0,162657000.0,42724000.0,26068000.0,20497680.0,113277680.0,5.830403245635604,2.103286000736588,0.39200639985087726,1.0642600343704203,-0.042713027654958526,5.830403245635604,-0.10042277725648135,0.35389029885533746,-0.5379968503937008,0.21610855148710054,0.0,1.3120026214773897,0.0,0.2249306812268452,1.0982321888938904,-0.03698942937251948,-4.588690396239087,0.032233559503461615,0.7246824622798463,-4.040697435420962,-0.23353992082535088,-0.07957813907670166,-0.7932676337061233,0.7267798749354598,0.7730512618623347,-2.908511340407356,-0.2900424796089978,-0.18135615258117116,Conglomerates,Industrials,NNBR
2008Q4,2008,Q4,2009-03-31,2008-12-31,-34862000.0,76190000.0,-48262000.0,-2.142980083599705,9031000.0,0.11853261582884893,284040000.0,109759000.0,124621000.0,63355000.0,174281000.0,53173000.0,35593000.0,37253720.0,123289720.0,6.746926481435948,1.967027069686686,0.341811012533446,0.8845561639592198,-0.16311494110550895,6.746926481435948,-0.31762315618764747,0.4889581309883187,-0.2671513395674373,0.33941380661266957,0.0,1.2630282286122656,0.0,0.26823686804675395,1.0117749191066214,-0.12273623433319251,3.4567801800129905,0.11853261582884893,-12.905444908887251,-8.122130197941486,0.16738171505106514,0.05904718185518251,-0.5716250830092021,-12.829657278588394,-10.444618395303326,-8.178983280059013,0.058549553780040405,-0.003021494825806127,Conglomerates,Industrials,NNBR
2008Q3,2008,Q3,2008-11-10,2008-09-30,2947000.0,104866000.0,5110000.0,0.18,21082000.0,0.20103751454236835,354374000.0,147308000.0,150057000.0,69993000.0,207066000.0,58402000.0,70455000.0,208452700.0,303792700.0,9.080754530883985,2.143885817153144,0.3116820082737447,0.7498031335704782,0.013772565571268488,9.080754530883985,0.020005702337958564,1.987800621745847,17.683466236851036,1.4150806473511282,0.44214455378350864,1.434608403821787,0.00625081853101447,0.29591900082963196,1.1954481162401955,0.008316072849588288,233.9536475869809,0.20103751454236835,-0.6842105263157895,-0.04343549620694283,0.6668331081933097,0.521801900017374,-0.15645006402048656,-0.6787310585413714,-0.5948303203298446,0.22136691400559896,0.48177329606116587,0.369662216630196,Conglomerates,Industrials,NNBR
2008Q2,2008,Q2,2008-08-08,2008-06-30,9173000.0,122240000.0,12612000.0,0.57,24992000.0,0.20445026178010473,379503000.0,155500000.0,161523000.0,85257000.0,224003000.0,56454000.0,68811000.0,221632060.0,318155060.0,9.780489338952135,1.8945423836165944,0.2919502612627568,0.7125144694533762,0.037361619183172344,9.780489338952135,0.058990353697749194,1.8130894960732984,6.040337403248665,1.4252865594855306,0.0,1.7226060155170582,0.0,0.32210549060218235,1.133783736232802,0.024171086921579012,-98.94288392857143,0.20445026178010473,0.7812499999999998,0.26626376935058993,0.9181211628645412,0.6149721799721458,-0.002235707441711913,0.7979223833790671,0.4468280371687507,1.9563693391526769,0.5573073186615902,0.48405994520413687,Conglomerates,Industrials,NNBR
2008Q1,2008,Q1,2008-05-09,2008-03-31,5102000.0,121542000.0,8717000.0,0.32,25048000.0,0.206085139293413,378461000.0,144154000.0,157706000.0,96569000.0,234307000.0,55016000.0,60917000.0,154269150.0,252807150.0,9.092021444339325,1.6330913647236691,0.2944557034938871,0.7730621418760493,0.023800170139504744,9.092021444339325,0.035392705023794,1.2692661795922398,7.559248823990592,1.0701690553158427,0.0,1.7539261305801948,0.0,0.3211480178935214,0.975602936760244,0.013480913489104558,-371.73289156626504,0.206085139293413,-0.4976136251113972,0.35836002795371485,1.0463016387527355,0.8120647723668027,0.17723363256098135,-0.49480146549163284,-0.4064819227888609,0.3509152709354199,0.4930344868254738,0.33923329327350554,Conglomerates,Industrials,NNBR
2007Q4,2007,Q4,2008-03-17,2007-12-31,10099000.0,107027000.0,14687000.0,0.636959949542731,21277000.0,0.19880030272734917,350078000.0,130043000.0,138024000.0,84256000.0,220035000.0,51821000.0,57083000.0,149354100.0,248618100.0,8.202018290760012,1.6381503987846562,0.32076565793908784,0.8635066862499328,0.045439127644212415,8.202018290760012,0.07765892820067209,1.395480579666813,3.697249727695811,1.1484978045723337,0.12644816318447372,1.6547345670674052,0.008550150280440913,0.305723295951188,0.932811906570452,0.02884785676334988,30.430745721271393,0.19880030272734917,4.352420787067006,0.34382907176130034,1.1176474298328603,0.721238516837122,0.13434984272538253,4.1480673316708225,7.4814651368049425,43.520223667301124,0.45651014375291976,0.20309090596357351,Conglomerates,Industrials,NNBR
2007Q3,2007,Q3,2007-11-09,2007-09-30,-3208000.0,99021000.0,-2266000.0,-0.19,18757000.0,0.18942446551741549,338799000.0,123741000.0,135312000.0,79886000.0,215058000.0,47836000.0,48261000.0,167985300.0,266515300.0,7.380912615568148,1.693813684500413,0.02803136963214177,0.07674901609005907,-0.00873136738925287,7.380912615568148,-0.025925117786344057,1.696461356681916,-13.091123753117207,1.3575557010206802,-0.4205112219451372,1.6778994899239066,0.008030464570411816,0.29227063834308836,1.0001877675687856,-0.009468741052954702,270.9440322580645,0.18942446551741549,0.7285714285714286,-2.387769047940417,0.9129152641886161,0.7101354642994103,-0.12239741730220371,0.728549669994923,0.7511530858774434,-2.4908841552313468,0.35815808143967004,0.13607228135855196,Conglomerates,Industrials,NNBR
2007Q2,2007,Q2,2007-08-09,2007-06-30,-11818000.0,107302000.0,-9106000.0,-0.7,21373000.0,0.19918547650556373,342388000.0,125897000.0,140808000.0,82720000.0,216491000.0,45273000.0,52819000.0,198753300.0,295147300.0,7.487184061849539,1.7022243713733076,0.3189773006063297,0.8674869139058119,-0.04272155391082074,7.487184061849539,-0.09387038610927981,1.8522795474455276,-4.204461414790997,1.5786976655519989,0.0,1.898018686634418,0.0,0.3133929927450728,1.0527925531914895,-0.03451639660268467,457.9569124423963,0.19918547650556373,-4.181818181818182,-5.482843440884435,0.9926562244823575,0.7556053251190354,-0.06512990989414749,-4.1472703062583225,-2.1497474747474747,-6.917388954318649,0.4176862464292338,0.18024402490889507,Conglomerates,Industrials,NNBR
2007Q1,2007,Q1,2007-05-10,2007-03-31,3755000.0,107944000.0,7920000.0,0.22,22862000.0,0.21179500481731267,359534000.0,137301000.0,142463000.0,88669000.0,222233000.0,44600000.0,65985000.0,209994370.0,303043370.0,8.166359364777255,1.6066832827707542,0.3076621404373439,0.8056387062002461,0.019348124676984765,8.166359364777255,0.0273486718960532,1.9454010412806642,13.980983355525964,1.5294453062978421,0.0,1.9076681614349775,0.0,0.30023307948622385,1.021067114775175,0.010444074830196865,-61.81759493670886,0.21179500481731267,0.1982053773890509,0.854028609329567,1.0867237821419464,0.9971961327484994,0.28597142535718306,0.21639131843213477,0.5767469639657575,0.1598641244971697,0.3821047084585797,0.2891896781107242,Conglomerates,Industrials,NNBR
