Quarters,Year,Quarter,FillingDate,Date,NetIncome,Revenue,OperatingIncome,EPSDiluted,GrossProfit,GrossProfitRatio,TotalAssets,CommonStockEquity,CurrentAssets,CurrentLiability,TotalLiability,Inventory,RetainedEarnings,MarketCap,EnterpriseValue,bookValuePerShare,currentRatio,debtToAssets,debtToEquity,roic,shareholdersEquityPerShare,roe,priceToSalesRatio,peRatio,pbRatio,payoutRatio,inventoryTurnover,dividendYield,assetTurnover,quickRatio,returnOnAssets,priceToFreeCashFlowsRatio,grossProfitMargin,epsdilutedGrowth,fiveYNetIncomeGrowthPerShare,fiveYRevenueGrowthPerShare,fiveYShareholdersEquityGrowthPerShare,grossProfitGrowth,netIncomeGrowth,operatingIncomeGrowth,threeYNetIncomeGrowthPerShare,threeYRevenueGrowthPerShare,threeYShareholdersEquityGrowthPerShare,Industry,Sector,Symbol
2023Q1,2023,Q1,2023-05-15,2023-03-31,-2500000.0,5033000.0,-4202000.0,-0.12,1927000.0,0.3828730379,18808000.0,13430000.0,9868000.0,3553000.0,5378000.0,4853000.0,-152745000.0,11759369.4,11937369.4,0.6228839107648069,2.7773712355755698,0.052264993619736286,0.07319434102755026,-0.21674716745186706,0.6228839107648069,-0.18615040953090098,2.336453288297238,-1.17593694,0.875604571854058,0.0,0.6400164846486709,0.0,0.2675988940876223,1.2026456515620603,-0.13292216078264568,-7.850046328437918,0.3828730379495331,0.8333333333333334,0.6373325626532693,0.48084120768385435,-0.6309874350825837,0.12100058173356602,0.8297234709167688,-1.8382206263714342,0.6373325626532693,0.48084120768385435,-0.6309874350825837,Semiconductors,Technology,PRSO
2022Q4,2022,Q4,2023-03-29,2022-12-31,-14682000.0,3887000.0,5013000.0,-0.72,1719000.0,0.4422433754,22486000.0,15257000.0,12713000.0,4680000.0,7229000.0,5348000.0,-149597000.0,14989820.0,13240820.0,0.7430115905327749,2.7164529914529916,0.051454238192653205,0.07583404338991938,0.28703963104484753,0.7430115905327749,-0.9623123812020712,3.8563982505788528,-0.25524145211824,0.982488038277512,0.0,0.4053851907255049,0.0,0.17286311482700348,1.5532051282051282,-0.6529396068664947,-4.976699867197875,0.44224337535374325,-8.958506224066388,-0.23827925389990295,-0.7485236768554832,-0.9008116881211328,0.3284389489953632,-9.13950276243094,1.7632460414129112,-0.23827925389990295,-0.7485236768554832,-0.9008116881211328,Semiconductors,Technology,PRSO
2022Q3,2022,Q3,2022-11-14,2022-09-30,-1448000.0,3294000.0,-6568000.0,-0.0723,1294000.0,0.3928354584,33541000.0,28524000.0,13424000.0,4463000.0,5017000.0,5271000.0,-135004000.0,34066300.0,32401300.0,1.4234243225709866,3.0078422585704683,0.03538952327002773,0.041614079371757116,-0.07679688845494977,1.4234243225709866,-0.05076426868601879,10.341924711596842,-5.881612569060772,1.1943030430514654,0.0,0.3794346423828496,0.0,0.09820816314361527,1.4866681604302039,-0.04317104439342894,-16.284082217973232,0.3928354584092289,0.780909090909091,0.0,0.0,0.0,-0.1286195286195286,0.7946099290780142,0.06651506537805571,0.0,0.0,0.0,Semiconductors,Technology,PRSO
2022Q2,2022,Q2,2022-08-15,2022-06-30,-7050000.0,4284000.0,-7036000.0,-0.33,1485000.0,0.3466386555,36952000.0,31081000.0,15042000.0,5149000.0,5871000.0,4385000.0,-130996000.0,41541120.0,40115120.0,1.4365409502680717,2.921343950281608,0.03772461571768781,0.044850551784048134,-0.20794806586369452,1.4365409502680717,-0.2268266786782922,9.696806722689075,-1.4730893617021277,1.3365438692448763,0.0,0.6383124287343216,0.0,0.115934184888504,1.7888910468052048,-0.19078804936133362,-6.822322220397438,0.34663865546218486,-0.03125000000000003,-0.5322305704759382,4.185469221881169,0.0,-0.18091560948703805,-0.021443059982613734,0.08038164945758725,-0.5322305704759382,4.185469221881169,0.0,Semiconductors,Technology,PRSO
2022Q1,2022,Q1,2022-05-13,2022-03-31,-6902000.0,3403000.0,-7651000.0,-0.32,1813000.0,0.5327652072,41948000.0,36440000.0,18861000.0,5097000.0,5508000.0,4521000.0,-123953000.0,47925360.00000001,38974360.00000001,1.6879748008152677,3.7004120070629782,0.01985791932869267,0.022859495060373217,-0.20518175372934197,1.6879748008152677,-0.1894072447859495,14.08326770496621,-1.7359229208924951,1.3151855104281012,0.0,0.35169210351692104,0.0,0.08112424907027749,3.727682950755346,-0.16453704586631068,-8.212021932830707,0.532765207170144,0.13513513513513511,0.0,0.0,0.0,0.02523851074068817,-1.128407549031701,-12.252066285862192,0.0,0.0,0.0,Semiconductors,Technology,PRSO
2021Q4,2021,Q4,2022-03-31,2021-12-31,-3242800.0,4227377.0,679964.0,-0.37,1768369.0,0.4183135311,47951000.0,42069000.0,23678000.0,5594000.0,5882000.0,3824000.0,-117199000.0,23587200.0,18361200.0,7.490918803418803,4.2327493743296385,0.01391003315884966,0.015854905036963084,0.040264414987963966,7.490918803418803,-0.07708288763697735,5.579630111059411,-1.8184285185642037,0.5606788846894388,0.0,0.6430460251046025,0.0,0.08816035119184167,3.145513049696103,-0.06762736960647328,-1.951451973194341,0.41831353106193275,0.0,0.0,0.0,0.0,0.0,0.0,0.0,0.0,0.0,0.0,Semiconductors,Technology,PRSO
2021Q2,2021,Q2,2021-08-12,2021-06-30,-5428736.0,697342.0,-4428148.0,-0.274821,262543.0,0.37649101875406904,9902326.0,-11162942.0,7015618.0,2664108.0,21065268.0,1252896.0,-115873213.0,123855780.50999999,132196345.50999999,-0.565106013234069,2.6333834814504518,1.048267750425506,-0.9298882857225272,36.05396515225533,-0.565106013234069,0.4863176750358463,177.61124456866213,-5.703711716226392,-11.095263283639742,,0.34703518887441576,,0.07042204023579915,1.7671498302621365,-0.5482283657395243,0.0,0.37649101875406904,0.0,-0.2922958851621791,-0.07548778240470061,0.0,0.0,0.0,0.0,-0.2922958851621791,-0.07548778240470061,0.0,Semiconductors,Technology,PRSO
2020Q2,2020,Q2,2020-08-12,2020-06-30,-4200846.0,754281.0,-3783342.0,-0.212661,378088.0,0.50125616315405,,,,,,,,36149294.79,,,0.0,0.0,0.0,0.0,,0.0,47.92550096051737,-2.1513104021190017,0.0,,0.0,,0.0,0.0,0.0,0.0,0.50125616315405,0.0,0.0,0.0,0.0,0.0,0.0,0.0,0.0,0.0,0.0,Semiconductors,Technology,PRSO
