Quarters,Year,Quarter,FillingDate,Date,NetIncome,Revenue,OperatingIncome,EPSDiluted,GrossProfit,GrossProfitRatio,TotalAssets,CommonStockEquity,CurrentAssets,CurrentLiability,TotalLiability,Inventory,RetainedEarnings,MarketCap,EnterpriseValue,bookValuePerShare,currentRatio,debtToAssets,debtToEquity,roic,shareholdersEquityPerShare,roe,priceToSalesRatio,peRatio,pbRatio,payoutRatio,inventoryTurnover,dividendYield,assetTurnover,quickRatio,returnOnAssets,priceToFreeCashFlowsRatio,grossProfitMargin,epsdilutedGrowth,fiveYNetIncomeGrowthPerShare,fiveYRevenueGrowthPerShare,fiveYShareholdersEquityGrowthPerShare,grossProfitGrowth,netIncomeGrowth,operatingIncomeGrowth,threeYNetIncomeGrowthPerShare,threeYRevenueGrowthPerShare,threeYShareholdersEquityGrowthPerShare,Industry,Sector,Symbol
2023Q1,2023,Q1,2023-05-12,2023-03-31,901000.0,6595000.0,6844000.0,0.11,12062000.0,1.8289613343,1156873000.0,163081000.0,70345000.0,0.0,208000000.0,0.0,80300000.0,117716862.96000001,258374862.96,19.22888720513352,0.0,0.17979501639332926,1.2754398121179047,0.013620913749510124,19.22888720513352,0.0055248618784530384,17.849410608036393,32.66283655937847,0.7218306421962093,0.0,0.0,0.0,0.005700712178432724,0.0,0.0007788236046653349,84.08347354285715,1.8289613343442002,-0.75,-0.06029657366163326,0.839621436491999,1.990039287555758,0.712622462019026,-0.07684426229508197,-0.2621024258760108,-0.06029657366163326,0.839621436491999,1.990039287555758,Banks—Regional,Financial Services,ECBK
2022Q4,2022,Q4,2023-03-30,2022-12-31,976000.0,7043000.0,9275000.0,0.44,7043000.0,1.0,1064462000.0,162730000.0,64682000.0,0.0,174000000.0,0.0,80076000.0,135722298.9,247372298.9,19.243827441534737,0.0,0.1634628572931678,1.0692558225281141,0.019796214716370088,19.243827441534737,0.005997664843605973,19.27052376828056,34.76493311987705,0.8340336686535981,0.0,0.0,0.0,0.006616487953538971,0.0,0.00091689510757547,45.376896990972924,1.0,4.666666666666667,0.0,0.0,0.0,0.04124778237729154,1.9429951690821257,39.80753138075314,0.0,0.0,0.0,Banks—Regional,Financial Services,ECBK
2022Q3,2022,Q3,2022-11-10,2022-09-30,-1035000.0,6764000.0,-239000.0,-0.12,6764000.0,1.0,873577000.0,161062000.0,41536000.0,0.0,712515000.0,0.0,79100000.0,121532399.85000001,137493399.85000002,19.070488058004067,0.0,0.05777968055477651,0.3133886329488023,-0.00080039007355561,19.070488058004067,-0.006426096782605456,17.96753398137197,-29.355652137681158,0.7545690470129515,0.0,0.0,0.0,0.007742877845913983,0.0,-0.0011847839400533668,39.82057662188729,1.0,-1.8000000000000003,-2.1187722484195435,0.9728906621713875,0.0,0.11690885072655217,-1.741404011461318,-1.0975112199102408,-2.1187722484195435,0.9728906621713875,0.0,Banks—Regional,Financial Services,ECBK
2022Q2,2022,Q2,2022-08-12,2022-06-30,1396000.0,6056000.0,2451000.0,0.15,6056000.0,1.0,781951000.0,80033000.0,40893000.0,0.0,701918000.0,0.0,80135000.0,129279232.06504941,120286232.06504941,8.722707955437057,0.0,0.038973030279390905,0.3807804280734197,0.017990951806802442,8.722707955437057,0.01744280484300226,21.347297236632993,23.151724940016013,1.6153240796302701,0.0,0.0,0.0,0.007744730807940651,0.0,0.0017852781056613522,189.00472524130032,1.0,0.3636363636363636,0.3125892300144536,0.6545720874835537,0.0,0.07950089126559715,0.009399855386840203,-0.5936671087533156,0.3125892300144536,0.6545720874835537,0.0,Banks—Regional,Financial Services,ECBK
2022Q1,2022,Q1,2022-06-24,2022-03-31,1383000.0,5171000.0,6032000.0,0.11,5610000.0,1.0848965384,688639000.0,78671000.0,47310000.0,0.0,609968000.0,0.0,0.0,172364733.696625,167510733.696625,6.4309814540438355,0.0,0.0,0.0,0.056464209767835255,6.4309814540438355,0.017579540110078683,33.33295952361729,31.15776097191341,2.1909564349839843,0.0,0.0,0.0,0.007509014156909498,0.0,0.002008309143106911,208.4216852438029,1.0848965383871592,0.0,0.0,0.0,0.0,0.0,0.0,0.0,0.0,0.0,0.0,Banks—Regional,Financial Services,ECBK
2021Q3,2021,Q3,2021-09-30,2021-09-30,1340000.0,4966000.0,0.0,0.109539,4966000.0,1.0,,,,,,,,172364733.696625,,,0.0,0.0,0.0,0.0,,0.0,34.708967719819775,32.15759957026586,0.0,0.0,0.0,0.0,0.0,0.0,0.0,199.2655880885838,1.0,-0.05500582323254114,0.0,0.0,0.0,0.01762295081967213,-0.05500705218617771,0.0,0.0,0.0,0.0,Banks—Regional,Financial Services,ECBK
2021Q2,2021,Q2,2021-06-30,2021-06-30,1418000.0,4880000.0,0.0,0.115915,4880000.0,1.0,,,,,,,,172364733.696625,,,0.0,0.0,0.0,0.0,,0.0,35.32064215094775,30.38870481252204,0.0,,0.0,,0.0,0.0,0.0,0.0,1.0,0.0,0.0,0.0,0.0,0.0,0.0,0.0,0.0,0.0,0.0,Banks—Regional,Financial Services,ECBK
