Quarters,Year,Quarter,FillingDate,Date,NetIncome,Revenue,OperatingIncome,EPSDiluted,GrossProfit,GrossProfitRatio,TotalAssets,CommonStockEquity,CurrentAssets,CurrentLiability,TotalLiability,Inventory,RetainedEarnings,MarketCap,EnterpriseValue,bookValuePerShare,currentRatio,debtToAssets,debtToEquity,roic,shareholdersEquityPerShare,roe,priceToSalesRatio,peRatio,pbRatio,payoutRatio,inventoryTurnover,dividendYield,assetTurnover,quickRatio,returnOnAssets,priceToFreeCashFlowsRatio,grossProfitMargin,epsdilutedGrowth,fiveYNetIncomeGrowthPerShare,fiveYRevenueGrowthPerShare,fiveYShareholdersEquityGrowthPerShare,grossProfitGrowth,netIncomeGrowth,operatingIncomeGrowth,threeYNetIncomeGrowthPerShare,threeYRevenueGrowthPerShare,threeYShareholdersEquityGrowthPerShare,Industry,Sector,Symbol
2023Q1,2023,Q1,2023-03-31,2023-03-31,1296000000.0,7683000000.0,8113000000.0,0.61,7683000000.0,1.0,1306777000000.0,71580000000.0,197321000000.0,4908000000.0,1233399000000.0,0.0,19286000000.0,19353276352.800003,-14698723647.200012,34.62989840348331,40.203952730236345,0.10146184084966295,1.8523051131601005,0.028343640878307732,34.62989840348331,0.018105616093880974,2.5189738842639597,3.7332709013888894,0.2703726788600168,,0.0,,0.005879350493619034,40.203952730236345,0.0009917529922856003,0.0,1.0,-0.3369565217391305,9.944208998548621,0.13261400629113806,0.08888066045089157,0.2613692332950254,-0.3353846153846154,0.5524301569077689,50.26095791001451,0.27441927840176134,0.19149452563189973,Banks—Regional,Financial Services,DB
2022Q4,2022,Q4,2022-12-31,2022-12-31,1950000000.0,6091000000.0,5226000000.0,0.92,6091000000.0,1.0,1336788000000.0,70537000000.0,219350000000.0,90659000000.0,1264460000000.0,0.0,17800000000.0,22485112934.399998,-17226887065.600006,33.84692898272553,2.4195060611742907,0.10950053411610518,2.0752087556885037,0.060278625888573543,33.84692898272553,0.02764506571019465,3.691530608175997,2.8827067864615383,0.31877047413981313,,0.0,,0.004556444252940631,3.1763310868198413,0.001458720455300317,0.0,1.0,0.6140350877192985,1.8115604248876385,0.07309046346185871,0.04490526680152841,-0.10741500586166472,0.6129032258064516,0.20748613678373382,2.3040672277826983,0.1661233652121634,0.18393226688526393,Banks—Regional,Financial Services,DB
2022Q3,2022,Q3,2022-09-30,2022-09-30,1209000000.0,6824000000.0,4328000000.0,0.57,6824000000.0,1.0,1498067000000.0,69048000000.0,228244000000.0,6251000000.0,1427152000000.0,0.0,15739000000.0,15675459575.199999,-23671540424.799988,33.161079627317264,36.513197888337864,0.10166100715121554,2.2056395550921097,0.015049430377791278,33.161079627317264,0.017509558567952728,2.2971072062133646,3.241410168569065,0.22702264475727027,,0.0,,0.004555203472207852,36.513197888337864,0.0008070400055538236,0.0,1.0,0.7272727272727271,0.8808294401489806,0.01696347628034135,-0.012026573559861808,0.03723970208238334,0.02544529262086514,0.2770728828562998,2.42732327643514,0.3216869182335573,0.11108717179783459,Banks—Regional,Financial Services,DB
2022Q2,2022,Q2,2022-06-30,2022-06-30,1179000000.0,6579000000.0,3389000000.0,0.33,6579000000.0,1.0,1386660000000.0,67116000000.0,217813000000.0,5189000000.0,1317775000000.0,0.0,14448000000.0,17436082898.4,-18423917101.600006,32.256452155524585,41.97591058007323,0.10753320929427546,2.221705703558019,0.012269121491249767,32.256452155524585,0.017566601108528517,2.6502633984496127,3.697218595928754,0.25979025714285714,,0.0,,0.004744493963913288,41.97591058007323,0.0008502444723291939,0.0,1.0,-0.4210526315789473,1.6443023982313643,0.009915504258475948,-0.05138781937032241,-0.09777838727372463,-0.039119804400977995,0.0570804741110418,1.3755075192472752,0.09095672023284353,0.07526593589698302,Banks—Regional,Financial Services,DB
2022Q1,2022,Q1,2022-03-31,2022-03-31,1227000000.0,7292000000.0,3206000000.0,0.57,7292000000.0,1.0,1343066000000.0,66977000000.0,210418000000.0,4456000000.0,1274333000000.0,0.0,13857000000.0,23954318300.0,-5881681700.0,32.00965398585357,47.22127468581687,0.11009883356439669,2.2077728175343774,0.011043182787753528,32.00965398585357,0.018319721695507413,3.2850134805266045,4.880667950285249,0.35764991414963343,,0.0,,0.005429368325905056,47.22127468581687,0.0009135813132042655,0.0,1.0,2.8,0.4478422619296721,-0.3293552324330378,-0.3010035596459672,0.2445809865164704,2.882911392405063,1.2450980392156863,5.9080833471160465,0.16475653010695468,-0.006938253544365366,Banks—Regional,Financial Services,DB
2021Q4,2021,Q4,2021-12-31,2021-12-31,316000000.0,5859000000.0,1428000000.0,0.15,5859000000.0,1.0,1322295000000.0,66333000000.0,297533000000.0,75824000000.0,1255962000000.0,0.0,12607000000.0,23139015000.0,-20034985000.0,31.64138523182599,3.9239950411479216,0.11811963291096163,2.3546198724616705,0.0242973079701877,31.64138523182599,0.004763843034387107,3.949311315924219,18.306182753164556,0.3488311247795215,,0.0,,0.004430932583122525,3.9239950411479216,0.00023897844278319134,0.0,1.0,0.07142857142857129,1.1124368405803247,-0.4416754355875077,-0.3084241589434703,0.0,0.032679738562091505,0.0,1.7437067465795706,0.055547081328386747,-0.012225387931875489,Banks—Regional,Financial Services,DB
2021Q3,2021,Q3,2021-09-30,2021-09-30,306000000.0,6049000000.0,0.0,0.14,0.0,0.0,1326058000000.0,64302000000.0,1078042000000.0,3128000000.0,1260122000000.0,0.0,12182000000.0,22958116644.0,-30414883356.0,30.672581568402975,344.6425831202046,0.11393845518069345,2.3496780815526734,0.0,30.672581568402975,0.004758794438742185,3.795357355595966,18.75663124509804,0.35703580983484184,,0.0,,0.004561640591889645,76.11349104859335,0.0002307591372323081,0.0,0.0,-0.3,-0.11392192930067606,-0.39551255825654,-0.2825927271220618,0.0,-0.6150943396226415,0.0,0.4557019887851077,-0.013037249874638014,-0.04026180047596532,Banks—Regional,Financial Services,DB
2021Q2,2021,Q2,2021-06-30,2021-06-30,795000000.0,6164000000.0,0.0,0.2,0.0,0.0,1320384000000.0,63637000000.0,1074242000000.0,3428000000.0,1255156000000.0,0.0,11800000000.0,23147362864.8,-30912637135.200012,30.355371112383132,313.3728121353559,0.11554744680335417,2.3974574539968887,0.0,30.355371112383132,0.012492732215534987,3.755250302530824,7.279044926037736,0.36374063618335245,,0.0,,0.004668338907469342,71.42619603267211,0.00060209757161553,0.0,0.0,-0.6428571428571429,31.749930278890798,-0.35976265296154397,-0.29084256999922636,0.0,-0.34188741721854304,0.0,1.210199677484314,-0.05059144917845063,-0.051451006646852745,Banks—Regional,Financial Services,DB
2021Q1,2021,Q1,2021-03-31,2021-03-31,1208000000.0,7499000000.0,0.0,0.56,0.0,0.0,1317392000000.0,62109000000.0,1068272000000.0,4723000000.0,1253641000000.0,0.0,11320000000.0,21353570160.0,-16405429840.0,29.629329262474954,226.18505187380902,0.11691205047548489,2.479817739780064,0.0,29.629329262474954,0.019449677180440838,2.8475223576476862,4.419199122516557,0.34380798531613777,,0.0,,0.005692307225184303,49.63095490154563,0.0009169632121646405,0.0,0.0,6.0,3.1833917471133786,-0.3020858361183833,-0.3054244458518722,0.0,5.52972972972973,0.0,9.058982921476957,0.09008963030127506,-0.06835407831299196,Banks—Regional,Financial Services,DB
2020Q4,2020,Q4,2020-12-31,2020-12-31,185000000.0,5413000000.0,0.0,0.08,0.0,0.0,1325259000000.0,60610000000.0,1139348000000.0,85102000000.0,1263062000000.0,0.0,10014000000.0,18835582590.0,3559582590.0,28.82073228720875,13.388028483466899,0.1207779007726037,2.6408513446625967,0.0,28.82073228720875,0.003052301600395974,3.479693809347866,25.45348998648649,0.31076691288566244,,0.0,,0.004084484617723781,3.5510328781932268,0.00013959535456842777,0.0,0.0,-0.38461538461538464,1.0644760828925883,-0.37586533910410075,-0.3351193882155576,0.0,-0.3531468531468531,0.0,1.0762985737618251,-0.054973025888895445,-0.11026093459317822,Banks—Regional,Financial Services,DB
2020Q3,2020,Q3,2020-09-30,2020-09-30,286000000.0,5922000000.0,0.0,0.13,0.0,0.0,1387517000000.0,60554000000.0,1118720000000.0,4383000000.0,1325327000000.0,0.0,9558000000.0,15085144468.800001,-17764855531.200012,28.777682729778537,255.24070271503535,0.11120944824459808,2.5482214222016712,0.0,28.777682729778537,0.0047230571060541005,2.5473057191489366,13.186315095104897,0.24911887685041453,,0.0,,0.004268055814811638,55.07734428473648,0.00020612360064777585,0.0,0.0,8.80107142857143,1.0350342163034807,-0.4479874450340018,-0.3500338879333326,0.0,9.214285714285714,0.0,-0.5597244460075212,-0.12668651444519896,-0.14262182862932893,Banks—Regional,Financial Services,DB
2020Q2,2020,Q2,2020-06-30,2020-06-30,28000000.0,6215000000.0,0.0,0.013263855992420654,0.0,0.0,1407296000000.0,61170000000.0,1149239000000.0,4116000000.0,1344478000000.0,0.0,9474000000.0,17840059311.2,-1353940688.7999878,28.976788252013264,279.2125850340136,0.11170144731456637,2.5698381559588035,0.0,28.976788252013264,0.00045774072257642636,2.8704842013193885,159.28624385,0.2916472014255354,0.0,0.0,0.0,0.004416270635317659,54.34863945578231,1.9896311792259766e-05,0.7422533518285833,0.0,2.326385599242065,-0.9739235732023452,-0.4855654067993129,-0.3988775529393013,0.0,2.037037037037037,0.0,-0.9381020053687036,-0.05965434972123261,-0.14783764318361706,Banks—Regional,Financial Services,DB
2020Q1,2020,Q1,2020-03-31,2020-03-31,-27000000.0,6187000000.0,0.0,-0.01,0.0,0.0,1491286000000.0,61654000000.0,1233076000000.0,4531000000.0,1427997000000.0,0.0,9720000000.0,12446308156.86,17728308156.86,29.064253052373545,272.1421319796954,0.09434742899752295,2.2820741557725372,0.0,29.064253052373545,-0.0004379277905731988,2.011687111178277,-115.24359404500001,0.201873490071366,,0.0,,0.004148768244320674,39.839108364599426,-1.8105179019986776e-05,0.0,0.0,0.986111111111111,-1.0363000047496194,-0.5552791249943506,-0.41923455545053023,0.0,0.9822251481237656,0.0,-1.0314255632326705,-0.43873415334311955,-0.3653224294727971,Banks—Regional,Financial Services,DB
2019Q4,2019,Q4,2019-12-31,2019-12-31,-1519000000.0,5306000000.0,0.0,-0.72,0.0,0.0,1297674000000.0,60522000000.0,1110263000000.0,78925000000.0,1235514000000.0,0.0,9644000000.0,14703330507.2,13928330507.199997,28.588568729333964,14.06731707317073,0.1128580830008153,2.4198308053269884,0.0,28.588568729333964,-0.025098311357853342,2.771076235808519,-2.419902980118499,0.2429419138032451,0.0,0.0,0.0,0.004088854365580262,3.2104276211593286,-0.0011705559331542438,-0.7277795627976044,0.0,-0.7560975609756098,-3.5421477954987135,-0.49586314487203703,-0.3920245293742797,0.0,-0.7683352735739232,0.0,0.46477964974894587,-0.4992928692061384,-0.3751486125296111,Banks—Regional,Financial Services,DB
2019Q3,2019,Q3,2019-09-30,2019-09-30,-859000000.0,5236000000.0,0.0,-0.41,0.0,0.0,1500922000000.0,63022000000.0,1207263000000.0,12762000000.0,1436301000000.0,0.0,11528000000.0,14477551919.999998,-6015448080.0,29.845614699753742,94.59826046074284,0.10498413641748205,2.500285614547301,0.0,29.845614699753742,-0.01363016089619498,2.765002276546982,-4.213490081490105,0.22972219098092728,,0.0,,0.003488522388238696,17.556025701300737,-0.0005723148837847669,0.0,0.0,0.7530120481927711,-5.699219359717144,-0.5013674565634085,-0.33829410287162504,0.0,0.7307210031347963,0.0,-3.469484038849022,-0.4805235860200592,-0.301934824058865,Banks—Regional,Financial Services,DB
2019Q2,2019,Q2,2019-06-30,2019-06-30,-3190000000.0,6127000000.0,0.0,-1.66,0.0,0.0,1436096000000.0,63417000000.0,1108163000000.0,12418000000.0,1371114000000.0,0.0,12624000000.0,14317018492.0,3238018492.0,29.998580889309366,89.23844419391206,0.11144589219662196,2.523723922607503,0.0,29.998580889309366,-0.05030196950344545,2.3367093997062183,-1.1220233927899685,0.22575994594509358,-0.07115987460815047,0.0,0.015855256464664208,0.004266427871117251,17.975841520373653,-0.002221299968804314,-0.6959130166723375,0.0,-21.75,-8.997788655856676,-0.5263924840994496,-0.4469842193050537,0.0,-18.921348314606742,0.0,-131.31760871754443,-0.36890400712835264,-0.2991778473611024,Banks—Regional,Financial Services,DB
2019Q1,2019,Q1,2019-03-31,2019-03-31,178000000.0,6274000000.0,0.0,0.08,0.0,0.0,1437179000000.0,67590000000.0,1094415000000.0,13024000000.0,1367984000000.0,0.0,16587000000.0,16001181787.500002,-15774818212.5,32.233296771424484,84.03063574938575,0.11617620352092536,2.4702766681461754,0.0,32.233296771424484,0.0026335256694777335,2.5503955670226333,22.473569926264044,0.2367388931424767,,0.0,,0.004365496573495716,19.484643734643736,0.00012385374403605954,0.0,0.0,1.3947105882352941,-0.9057128250862516,-0.5631512582334549,-0.30453499302086895,0.0,1.4188235294117648,0.0,-0.3837788497884951,-0.416288607114524,-0.2443818161152967,Banks—Regional,Financial Services,DB
2018Q4,2018,Q4,2018-12-31,2018-12-31,-425000000.0,5552000000.0,0.0,-0.20268014688349467,0.0,0.0,1348137000000.0,67170000000.0,1125225000000.0,107352000000.0,1279399000000.0,0.0,16714000000.0,14928225317.2,-10835774682.799988,32.03300109685726,10.481639839034205,0.12747072441450683,2.5584040494268274,0.0,32.03300109685726,-0.006327229417894893,2.6888013899855907,-8.781309010117647,0.22224542678576747,-0.004705882352941176,0.0,0.00013397439799462567,0.004118275813214829,2.913648558014755,-0.0003152498596210919,-1.184967877218606,0.0,-3.0268014688349463,0.8207285631467881,-0.5093193566925122,-0.2958092155888748,0.0,-3.014218009478673,0.0,0.8514483774959352,-0.3579759678114694,-0.2610138717390353,Banks—Regional,Financial Services,DB
2018Q3,2018,Q3,2018-09-30,2018-09-30,211000000.0,6152000000.0,0.0,0.1,0.0,0.0,1379982000000.0,67252000000.0,1157340000000.0,134518000000.0,1311195000000.0,0.0,17162000000.0,20459004142.5,-13855995857.5,31.959321389535713,8.603606952229441,0.1275429679517559,2.6171266282043657,0.0,31.959321389535713,0.0031374531612442754,3.325585848910923,24.24052623518957,0.30421406266728124,0.10426540284360189,0.0,0.0010753211567272158,0.0044580291626992235,2.5636643423185,0.0001529005450795735,-2.8860211796445197,0.0,2.3333333333333335,1.9490948295534236,-0.5368649108243164,-0.3174185688175667,0.0,-0.4155124653739612,0.0,1.0258456935275728,-0.42657550570595865,-0.2781741301793319,Banks—Regional,Financial Services,DB
2018Q2,2018,Q2,2018-06-30,2018-06-30,361000000.0,6516000000.0,0.0,0.03,0.0,0.0,1420960000000.0,67332000000.0,1190241000000.0,145044000000.0,1352099000000.0,0.0,16985000000.0,19324176638.399998,-18139823361.600006,32.00190114068441,8.206068503350707,0.1277263258642045,2.6955088219568704,0.0,32.00190114068441,0.005361492306778352,2.965650190055248,13.382393793905814,0.28699840548921757,0.628808864265928,0.0,0.011746942922728073,0.004585632248620651,2.5325625327486834,0.00025405359756784147,-0.8363996121191135,0.0,-0.5,-0.3974981112380751,-0.5520134108524932,-0.34700480054137145,0.0,2.0083333333333333,0.0,-0.6626818195594179,-0.4588563014919157,-0.3361216930952928,Banks—Regional,Financial Services,DB
2018Q1,2018,Q1,2018-03-31,2018-03-31,120000000.0,6874000000.0,0.0,0.06,0.0,0.0,1477735000000.0,66615000000.0,1118819000000.0,17476000000.0,1409710000000.0,0.0,17164000000.0,23801408152.559998,-35122591847.44,31.80320824978516,64.02031357289998,0.12110155068398597,2.6864219770321998,0.0,31.80320824978516,0.0018013960819635217,3.46252664424789,49.5862669845,0.3572980282603017,0.0,0.0,0.0,0.004651713602235854,16.739814602883953,8.120535820021858e-05,-2.027377185056218,0.0,1.0521739130434784,-0.9617515684616721,-0.6133258016486159,-0.37199708740977594,0.0,1.049689440993789,0.0,-0.8366101189824253,-0.49959928672362375,-0.3645044190881944,Banks—Regional,Financial Services,DB
2017Q4,2017,Q4,2017-12-31,2017-12-31,-2415000000.0,5705000000.0,0.0,-1.15,0.0,0.0,1474732000000.0,67849000000.0,1230347000000.0,127776000000.0,1406633000000.0,0.0,17454000000.0,33168102642.180004,-17177897357.820007,32.392342213310414,9.62893657650889,0.12515765576389473,2.720364338457457,0.0,32.392342213310414,-0.03559374493360256,5.81386549380894,-3.4335509981552796,0.4888517537794221,-0.45217391304347826,0.0,0.032923197681235444,0.0038684994968577343,2.8799070247933884,-0.0016375856765839488,1.664647560460728,0.0,-4.833333333333333,0.49895346287935993,-0.6118714562809637,-0.3376444809187099,0.0,-4.732612055641422,0.0,-5.084885766514417,-0.4521563781931862,-0.31113202314323773,Banks—Regional,Financial Services,DB
2017Q3,2017,Q3,2017-09-30,2017-09-30,647000000.0,6754000000.0,0.0,0.3,0.0,0.0,1521454000000.0,70345000000.0,1273771000000.0,179532000000.0,1450844000000.0,0.0,19787000000.0,30738565428.480003,-117434571.51998901,33.564748544708465,7.09495243187844,0.12110849227120898,2.6193901485535576,0.0,33.564748544708465,0.009197526476650793,4.551164558554931,11.877343674064917,0.4369687316579715,0.012364760432766615,0.0,0.00026025938063419874,0.004439174631635265,2.187253525833835,0.0004252511084791259,-1.3906336151140066,0.0,3.285714285714285,-0.5465602805847559,-0.5837698322218584,-0.35180436231010864,0.0,0.44742729306487694,0.0,6.083901560639008,-0.3519569531875738,-0.25583733921727914,Banks—Regional,Financial Services,DB
2017Q2,2017,Q2,2017-06-30,2017-06-30,447000000.0,6531000000.0,0.0,0.07,0.0,0.0,1568734000000.0,70932000000.0,1316580000000.0,178559000000.0,1497524000000.0,0.0,19383000000.0,32434087559.999996,-12221912440.0,34.00383509108341,7.373361185938541,0.12237065047356659,2.706352563018102,0.0,34.00383509108341,0.006301810184401962,4.966174790996784,18.13987,0.4572560700389105,0.8769574944071589,0.0,0.012086049878074635,0.00416322971262177,2.333374402858439,0.00028494314523685977,0.7309749061323837,0.0,-0.8157894736842105,-0.6385181473626373,-0.5689911015268141,-0.33115017382693956,0.0,-0.2171628721541156,0.0,0.13573613200723322,-0.4883875927780101,-0.37314843395744957,Banks—Regional,Financial Services,DB
2017Q1,2017,Q1,2017-03-31,2017-03-31,571000000.0,7326000000.0,0.0,0.38,0.0,0.0,1564756000000.0,64560000000.0,1308141000000.0,164832000000.0,1499904000000.0,0.0,19491000000.0,22636853519.28,32658853519.28,45.79372960703646,7.936207775189284,0.12778350106981537,3.0971189591078065,0.0,45.79372960703646,0.00884448574969021,3.089933595315315,9.91105670721541,0.3506327992453531,0.0,0.0,0.0,0.0046818801142158905,2.189568773053776,0.0003649131238352817,-7.29985602040632,0.0,1.2834518518518518,-0.6797962363820484,-0.39268913070247874,-0.0902614368265363,0.0,1.3021164021164022,0.0,-0.5501280215427765,-0.24129367848861136,-0.01195534832813201,Banks—Regional,Financial Services,DB
2016Q4,2016,Q4,2016-12-31,2016-12-31,-1890000000.0,7057000000.0,0.0,-1.3406156901688182,0.0,0.0,1590546000000.0,64502000000.0,1351673000000.0,142026000000.0,1525728000000.0,0.0,18987000000.0,24129234528.000004,27284234528.0,45.75258901971911,9.517081379465731,0.12330671354365105,3.0406033921428794,0.0,45.75258901971911,-0.02930141701032526,3.419191515941619,-3.1916976888888895,0.3740850598120989,0.0,0.0,0.0,0.00443684118535396,2.501570135045696,-0.001188271197437861,0.39299067619993816,0.0,-9.344894772947685,-10.956999194414607,-0.24326009538003132,-0.06438481316373912,0.0,-8.3828125,0.0,-0.18578017995356033,-0.07233793044272979,0.005792477989106568,Banks—Regional,Financial Services,DB
2016Q3,2016,Q3,2016-09-30,2016-09-30,256000000.0,7418000000.0,0.0,0.160651,0.0,0.0,1688951000000.0,66443000000.0,1421873000000.0,191937000000.0,1622224000000.0,0.0,20860000000.0,18131270258.35148,91552270258.35147,42.754768076656646,7.408019297998822,0.11384522108693503,2.8938940144183736,0.0,42.754768076656646,0.0038529265686377797,2.444226241352316,17.706318611671367,0.2728845816466969,0.0,0.0,0.0,0.004392075317756406,1.7054554358982374,0.0001515733730581882,-0.8632293971791791,0.0,12.873972692848222,-0.7540627407220991,-0.28814385997589137,-0.1080548408095359,0.0,13.222222222222221,0.0,3.8449491647035203,-0.24382700164286272,-0.08685136245750341,Banks—Regional,Financial Services,DB
2016Q2,2016,Q2,2016-06-30,2016-06-30,18000000.0,7139000000.0,0.0,0.011579307784194547,0.0,0.0,1803290000000.0,66540000000.0,1527385000000.0,206390000000.0,1736481000000.0,0.0,20864000000.0,19157483049.44383,80922483049.44383,42.80484110890584,7.400479674402829,0.10867858192525884,2.9452810339645326,0.0,42.80484110890584,0.0002705139765554554,2.683496715148316,266.0761534644976,0.28790927336104344,0.0,0.0,0.0,0.00395887516705577,1.7410000484519599,9.981755568987794e-06,1.462738264445585,0.0,-0.9135072172443564,-0.9893620520884356,-0.4033857704562232,-0.05880956865834713,0.0,-0.9158878504672897,0.0,-0.9593388606056478,-0.3356802748895619,-0.12657202349238025,Banks—Regional,Financial Services,DB
2016Q1,2016,Q1,2016-03-31,2016-03-31,214000000.0,7963000000.0,0.0,0.133876,0.0,0.0,1740569000000.0,66269000000.0,1470680000000.0,206400000000.0,1674021000000.0,0.0,21340000000.0,23092376100.84405,87938376100.84406,42.65818035996713,7.125387596899225,0.1079928460175954,2.836454450799016,0.0,42.65818035996713,0.0032292625511174153,2.899959324481232,26.97707488416361,0.3484642306484789,0.0,0.0,0.0,0.004574940723407116,1.6266666666666667,0.0001229483002397492,1.4086729763218477,0.0,1.0980391582499471,-0.926441226520863,-0.46278431272560516,-0.060244572032833656,0.0,1.100943396226415,0.0,-0.9080314866799649,-0.3960438751041016,-0.15764908680119022,Banks—Regional,Financial Services,DB
2015Q4,2015,Q4,2015-12-31,2015-12-31,-2120000000.0,6408000000.0,0.0,-1.365536,0.0,0.0,1629130000000.0,67354000000.0,1339936000000.0,165254000000.0,1561506000000.0,0.0,21182000000.0,34531134988.67897,121564134988.67897,43.34722922639918,8.108342309414597,0.12080988012006408,2.9220981678890636,0.0,43.34722922639918,-0.0314754877215904,5.388753899606581,-4.0720678052687465,0.51268128082488,0.0,0.0,0.0,0.003933387759110691,1.6866339090127924,-0.0013013080601302536,1.800465873542884,0.0,0.6482759277942781,-3.4996361483079,-0.38603868412728376,-0.022815725964755267,0.0,0.6474305671046067,0.0,0.40708035514048435,-0.4123192217678671,-0.11363999781437609,Banks—Regional,Financial Services,DB
2015Q3,2015,Q3,2015-09-30,2015-09-30,-6013000000.0,7902000000.0,0.0,-3.882407,0.0,0.0,1719374000000.0,68623000000.0,1431459000000.0,201768000000.0,1650495000000.0,0.0,23170000000.0,37372854698.96243,135132854698.96243,44.2756663701673,7.094578922326632,0.11650868281130225,2.919167043119654,0.0,44.2756663701673,-0.0876236830217274,4.729543748286818,-1.553835635247066,0.5446112046830135,0.0,0.0,0.0,0.004595858725326776,1.5482980452797273,-0.003497203051808391,0.849788642282963,0.0,-11.874998249314432,-1.6123831792432943,-0.42837140591798173,-0.060871083840026714,0.0,-8.554020100502512,0.0,-6.698384172158754,-0.3415015377000283,-0.14495728282522888,Banks—Regional,Financial Services,DB
2015Q2,2015,Q2,2015-06-30,2015-06-30,796000000.0,8956000000.0,0.0,0.357003,0.0,0.0,1694176000000.0,75436000000.0,1389028000000.0,200016000000.0,1618440000000.0,0.0,29185000000.0,42616400997.47729,155671400997.4773,48.204468812802986,6.944584433245341,0.11986830175849499,2.6920568428866853,0.0,48.204468812802986,0.010551991091786415,4.758419048400769,13.38454805197151,0.5649345272479623,1.2989949748743719,0.0,0.024262959231616216,0.005286345692537257,1.5195984321254299,0.00046984492756360613,-2.7947013573006285,0.0,0.052631113391301367,-0.6394957942475415,-0.33374323945661805,-0.04591223403704038,0.0,0.4632352941176471,0.0,-0.14194525394595603,-0.2121499054154937,-0.051826051389642525,Banks—Regional,Financial Services,DB
2015Q1,2015,Q1,2015-03-31,2015-03-31,544000000.0,10175000000.0,0.0,0.339153,0.0,0.0,1955465000000.0,77643000000.0,1643034000000.0,235052000000.0,1877534000000.0,0.0,29863000000.0,50032166578.82368,165232166578.82367,50.04473548683705,6.990087299831527,0.10611491384402176,2.6725397009389127,0.0,50.04473548683705,0.00700642685110055,4.917166248533039,22.992723611591764,0.6443873443687607,0.0,0.0,0.0,0.005203365951321042,1.4383455575787485,0.0002781947004932331,2.6456647759940606,0.0,0.22580843366091136,-0.8370358127048287,-0.3915561988756538,0.0476708119225677,0.0,0.2420091324200913,0.0,-0.7227938759148361,-0.2335353063067496,-0.0058109233104347595,Banks—Regional,Financial Services,DB
2014Q4,2014,Q4,2014-12-31,2014-12-31,438000000.0,7715000000.0,0.0,0.276677,0.0,0.0,1708703000000.0,72970000000.0,1425251000000.0,189094000000.0,1635480000000.0,0.0,29279000000.0,38648543034.203186,152861543034.2032,47.02256934792285,7.537261890911399,0.11575212310155715,2.7105111689735506,0.0,47.02256934792285,0.0060024667671645885,5.009532473649149,22.059670681622823,0.529649760644144,0.0,0.0,0.0,0.004515120532942237,1.4004516272330163,0.0002563347755578354,-2.0294341017750046,0.0,5.428532556501697,-0.8242264775607518,-0.3002106773857541,0.050778108575508345,0.0,5.659574468085107,0.0,1.0963331108129297,-0.24840831900038507,-0.038414416569600984,Banks—Regional,Financial Services,DB
2014Q3,2014,Q3,2014-09-30,2014-09-30,-94000000.0,7698000000.0,0.0,-0.062476,0.0,0.0,1709189000000.0,69821000000.0,1289085000000.0,223651000000.0,1639082000000.0,0.0,28930000000.0,42628791967.62772,139198791967.62772,45.104048232418144,5.763823993632937,0.11504696086857569,2.8163016857392473,0.0,45.104048232418144,-0.0013462998238352357,5.537645098418774,-113.37444672241415,0.610543990599214,0.0,0.0,0.0,0.0045038904416071016,1.4353613442372268,-5.499684353222493e-05,2.3874988500491585,0.0,-1.3333351118035288,-1.035944094317592,-0.43877358192516,0.06592900852881138,0.0,-1.3966244725738397,0.0,-1.0906580459205462,-0.25838680255262725,-0.059044422632159435,Banks—Regional,Financial Services,DB
2014Q2,2014,Q2,2014-06-30,2014-06-30,237000000.0,7687000000.0,0.0,0.187427,0.0,0.0,1665410000000.0,68139000000.0,1202634000000.0,220944000000.0,1597008000000.0,0.0,29126000000.0,32307636546.807877,124294636546.80788,54.245433740808814,5.443162068216381,0.11838466203517452,2.8934824403058452,0.0,54.245433740808814,0.003478184299740237,4.20289274708051,34.07978538692814,0.4741430978853209,3.2278481012658227,0.0,0.023678612296249357,0.0046156802228880574,1.4035275907017162,0.0001423072997039768,8.435414241986392,0.0,-0.7862364791810181,-0.8572386834669025,-0.36317337080456097,0.3057040232191797,0.0,-0.7811634349030471,0.0,-0.826663094869145,-0.2049939308092699,0.19274553667726374,Banks—Regional,Financial Services,DB
2014Q1,2014,Q1,2014-03-31,2014-03-31,1083000000.0,8239000000.0,0.0,0.876796,0.0,0.0,1636574000000.0,55753000000.0,1183143000000.0,55175000000.0,1580557000000.0,0.0,29574000000.0,39068069151.92605,137012069151.92606,46.34783410805271,21.443461712732216,0.114916893461585,3.373271393467616,0.0,46.34783410805271,0.019424963679084535,4.7418459948933185,9.018483183731774,0.7007348331376975,0.0,0.0,0.0,0.005034297257563667,2.7196556411418213,0.0006617482619178846,-9.915753591859403,0.0,1.7755297258468146,-0.41049133432952406,-0.28106002554932286,0.06836909015388061,0.0,1.7963235294117648,0.0,-0.5192509263011996,-0.28217964911423726,0.021038129381612963,Banks—Regional,Financial Services,DB
2013Q4,2013,Q4,2013-12-31,2013-12-31,-1360000000.0,6491000000.0,0.0,-1.1305769086318527,0.0,0.0,1611400000000.0,54720000000.0,1331261000000.0,182432000000.0,1556433000000.0,0.0,28376000000.0,42215035091.91284,149460035091.91284,45.48909444142278,7.297299815821786,0.12559513466550826,3.6985380116959066,0.0,45.48909444142278,-0.024853801169590642,6.503625803714812,-7.76011674483692,0.7714735945159511,0.0,0.0,0.0,0.004028174258408837,1.264191589194878,-0.0008439865955070125,-11.89826242725841,0.0,-34.20343343999567,0.8044539305746156,0.9544421129084524,0.14959631592101139,0.0,-34.170731707317074,0.0,-3.0713004370294197,-0.19667114445889497,0.025468721336192636,Banks—Regional,Financial Services,DB
2013Q3,2013,Q3,2013-09-30,2013-09-30,41000000.0,7612000000.0,0.0,0.03405,0.0,0.0,1787971000000.0,56460000000.0,1312206000000.0,247838000000.0,1731207000000.0,0.0,29737000000.0,40919455861.968956,133599455861.96896,46.821258137908465,5.294611802871231,0.11585534664712123,3.668898335104499,0.0,46.821258137908465,0.0007261778250088559,5.375651059113105,249.5088772071278,0.7247512550826949,0.0,0.0,0.0,0.004257339744324712,1.3148750393402142,2.293102069328865e-05,2.5414232570628505,0.0,-0.8750013766368212,-0.9261802688209668,0.299285319531784,0.20976316283750748,0.0,-0.8772455089820359,0.0,1.0228947724402382,-0.2922457288457486,-0.006876665826358832,Banks—Regional,Financial Services,DB
2013Q2,2013,Q2,2013-06-30,2013-06-30,334000000.0,8108000000.0,0.0,0.272403,0.0,0.0,1909879000000.0,57479000000.0,1405849000000.0,269216000000.0,1852144000000.0,0.0,29810000000.0,37691410400.28171,135511410400.28171,49.007865857537496,5.222011321763937,0.11231444505123099,3.7319194836375025,0.0,49.007865857537496,0.005810817863915517,4.648669264958277,28.212133533144993,0.6557422780542757,2.287425149700599,0.0,0.020269870293691365,0.004245295120790375,1.2932886604065137,0.00017488018874494142,-2.786795593366485,0.0,-0.812865171665461,-0.7250165244347756,-0.19672612658107963,-0.03726850903032132,0.0,-0.7976983646274984,0.0,-0.7981672340057212,-0.1951976771390649,-0.03001098441288917,Banks—Regional,Financial Services,DB
2013Q1,2013,Q1,2013-03-31,2013-03-31,1651000000.0,9355000000.0,0.0,1.455651,0.0,0.0,2032690000000.0,55820000000.0,1512611000000.0,260582000000.0,1976612000000.0,0.0,30656000000.0,33153174734.651134,106458174734.65114,50.64181648236552,5.80474092608085,0.11001480796383117,4.006198495163024,0.0,50.64181648236552,0.02957721246864923,3.5438989561358776,5.020165768420826,0.59393003824169,0.0,0.0,0.0,0.004602275802016048,1.4367454390556524,0.0008122241955241577,4.337717484580811,0.0,1.6309962811710388,8.117798359211207,0.14583894169041137,-0.07177883629272305,0.0,1.6497441951987406,0.0,-0.3038485997627974,-0.21260401296666287,0.06017051494394509,Banks—Regional,Financial Services,DB
2012Q4,2012,Q4,2012-12-31,2012-12-31,-2541000000.0,7749000000.0,0.0,-2.306909,0.0,0.0,2012329000000.0,54003000000.0,1700270000000.0,200706000000.0,1957919000000.0,0.0,29198000000.0,36875992693.6921,129255992693.69211,48.904766821056626,8.471445796338923,0.11917186503797342,4.440734773994038,0.0,48.904766821056626,-0.04705294150324982,4.758806645204814,-3.628098454711935,0.6828508174303669,-0.0019677292404565133,0.0,0.00013558957019902234,0.0038507619777879264,1.4788546431098224,-0.001262715987296312,-4.117002645270972,0.0,-4.4743599590952154,-2.506729340775661,-0.24418544352491947,-0.17772540153869706,0.0,-4.401606425702811,0.0,-2.4330300815337362,-0.01224704236066672,0.09283816459140698,Banks—Regional,Financial Services,DB
2012Q3,2012,Q3,2012-09-30,2012-09-30,747000000.0,8495000000.0,0.0,0.663981,0.0,0.0,2185646000000.0,56815000000.0,1653137000000.0,70119000000.0,2128238000000.0,0.0,31976000000.0,34209410210.78136,100278410210.78136,51.78181800841809,23.57616337939788,0.10417286239400159,4.007480418903459,0.0,51.78181800841809,0.013147936284431928,4.02700532204607,11.448932466794298,0.6021193383927019,0.0,0.0,0.0,0.0038867227355207567,2.4374135398394157,0.000341775383570807,-3.2583493866826707,0.0,0.14705928082162206,-0.7446594445814168,-0.2061604610347858,-0.14413394388806522,0.0,0.14923076923076922,0.0,-0.596999933237834,-0.12620731009891115,0.2237425262830618,Banks—Regional,Financial Services,DB
2012Q2,2012,Q2,2012-06-30,2012-06-30,650000000.0,7965000000.0,0.0,0.578855,0.0,0.0,2241174000000.0,55745000000.0,1718047000000.0,63532000000.0,2184816000000.0,0.0,31469000000.0,31878886805.31804,89755886805.31804,50.83926729209487,27.04223068689794,0.09962947990651329,4.005507220378509,0.0,50.83926729209487,0.011660238586420306,4.002371224773137,12.261110309737706,0.5718698861838378,1.063076923076923,0.0,0.02167578824881449,0.00355394092560417,5.488242145690361,0.0002900265664334853,2.651712427659128,0.0,-0.5277779364029201,-0.7971697206864462,-0.4967207328521757,-0.14749656760115165,0.0,-0.5293265749456916,0.0,-0.5514596811524646,-0.24407963292661952,0.2237165649366925,Banks—Regional,Financial Services,DB
2012Q1,2012,Q1,2012-03-31,2012-03-31,1381000000.0,9342000000.0,0.0,1.225811,0.0,0.0,2103295000000.0,54958000000.0,1776576000000.0,59901000000.0,2047490000000.0,0.0,31421000000.0,40830189640.055725,122308189640.05573,50.3372413358988,29.658536585365855,0.10600605240824516,4.056952581971688,0.0,50.3372413358988,0.025128279777284473,4.370604757017311,7.3914173859622965,0.7429344161005809,0.002172338884866039,0.0,7.347504448171613e-05,0.004441602342990403,2.52623495434133,0.0006565888284810262,-2.3163436568931597,0.0,8.104323654430441,-0.6352542149788636,-0.4534291657487206,-0.15053011666728636,0.0,8.394557823129253,0.0,-0.17176666899118587,-0.10183675119481138,0.16032936083946842,Banks—Regional,Financial Services,DB
2011Q4,2011,Q4,2011-12-31,2011-12-31,147000000.0,7222000000.0,0.0,0.1346405341602155,0.0,0.0,2164103000000.0,53390000000.0,1862255000000.0,208754000000.0,2109443000000.0,0.0,30119000000.0,31904313211.416958,97829313211.41696,48.90107563818984,8.920811098230454,0.11268086592920946,4.567390897171755,0.0,48.90107563818984,0.002753324592620341,4.417656218695231,54.25903607383836,0.5975709535758935,0.027210884353741496,0.0,0.00012537489754108232,0.0033371794226060405,1.6724661563371241,6.792652660247688e-05,2.26850918738744,0.0,-0.7862614569528797,-0.954722889292825,-0.3835711341080303,-0.0885140914584317,0.0,-0.7972413793103448,0.0,1.0232876039120817,1.3958850382035162,0.23582359878869144,Banks—Regional,Financial Services,DB
2011Q3,2011,Q3,2011-09-30,2011-09-30,725000000.0,7258000000.0,0.0,0.629931,0.0,0.0,2282479000000.0,51884000000.0,1944317000000.0,62409000000.0,2229371000000.0,0.0,29619000000.0,27574132945.572952,108275132945.57295,47.934301381781346,31.15443285423577,0.09708610681631683,4.2710084033613445,0.0,47.934301381781346,0.013973479299976872,3.7991365314925534,9.508321705369983,0.531457346110033,0.001379310344827586,0.0,3.6265872873458774e-05,0.00317987591561631,2.413433959845535,0.00031763709545629994,4.946032815349408,0.0,-0.40322577589146996,-0.688729389484468,-0.3973845911837245,-0.11326816151813546,0.0,-0.39482470784641066,0.0,0.4542442489787987,0.3801727913149505,0.2385218670807063,Banks—Regional,Financial Services,DB
2011Q2,2011,Q2,2011-06-30,2011-06-30,1198000000.0,8472000000.0,0.0,1.05556,0.0,0.0,1849695000000.0,50055000000.0,751746000000.0,65198000000.0,1798017000000.0,0.0,28600000000.0,45030983659.21478,157281983659.21478,45.479469067580915,11.530200312893033,0.12167627635907542,4.496334032564179,0.0,45.479469067580915,0.02393367295974428,5.315271914449337,9.397116790320279,0.8996300800961898,0.0,0.0,0.0,0.00458021457591657,1.8671891775821343,0.0006476743463111486,-7.402759108863189,0.0,-0.41784015808698427,-0.48976564889179147,-0.34930825838548746,-0.10053566348869598,0.0,-0.4190106692531523,0.0,0.05106187058372835,-0.1055683013358322,-0.10658184563228801,Banks—Regional,Financial Services,DB
2011Q1,2011,Q1,2011-03-31,2011-03-31,2062000000.0,10506000000.0,0.0,1.813179,0.0,0.0,1842245000000.0,49981000000.0,745531000000.0,60722000000.0,1790655000000.0,0.0,28021000000.0,46058489191.099976,169685489191.09998,45.392853385527395,12.27777411811205,0.1206289065786581,4.446249574838439,0.0,45.392853385527395,0.04125567715731978,4.384017627174945,5.584200920356448,0.9215199614073344,0.0,0.0,0.0,0.005702824542881104,1.7810348802740357,0.0011192865226937786,-7.033978190455097,0.0,2.32187790714511,-0.35869461543088804,-0.30059615477899154,-0.13573587881087462,0.0,2.430948419301165,0.0,9.8991877140815,0.288191062493462,-0.16798783850535562,Banks—Regional,Financial Services,DB
2010Q4,2010,Q4,2010-12-31,2010-12-31,601000000.0,7396000000.0,0.0,0.5458295129089448,0.0,0.0,1905630000000.0,48843000000.0,1569649000000.0,185092000000.0,1855238000000.0,0.0,25999000000.0,43087003275.36759,184055003275.36758,44.35931929952011,8.48037192315173,0.13145364000356838,5.128718547181786,0.0,44.35931929952011,0.012304731486599923,5.825717046426121,17.92304628759051,0.8821530879628113,0.0,0.0,0.0,0.0038811311744672366,1.4647310526657014,0.0003153812649884815,-4.44195910055336,0.0,1.3664020584727705,-0.3450451436467585,-0.39866907956700204,-0.13190612338040988,0.0,1.4954657873042045,0.0,-0.6426002135403294,-0.27653799145786145,-0.2541516126946428,Banks—Regional,Financial Services,DB
2010Q3,2010,Q3,2010-09-30,2010-09-30,-1213000000.0,7285000000.0,0.0,-1.489701,0.0,0.0,1957748000000.0,38508000000.0,654914000000.0,54571000000.0,1918209000000.0,0.0,25323000000.0,32922024908.55029,148537024908.5503,47.145461723409746,12.001136134576972,0.10137157591273238,5.153734288978914,0.0,47.145461723409746,-0.03149994806274021,4.519152355326052,-6.785248332347545,0.8549398802469693,0.0,0.0,0.0,0.0037211122166897885,1.5181140166022247,-0.0006195894466499264,-2.508535881480516,0.0,-2.095919565428495,-1.9032806838316267,-0.1875956176563836,-0.05320833796296204,0.0,-2.045689655172414,0.0,-1.5569736442450013,-0.08552140125007793,-0.22076508819695734,Banks—Regional,Financial Services,DB
2010Q2,2010,Q2,2010-06-30,2010-06-30,1160000000.0,7062000000.0,0.0,1.359316,0.0,0.0,1925655000000.0,41538000000.0,632605000000.0,55654000000.0,1883084000000.0,0.0,26373000000.0,37752564581.32761,160743564581.3276,50.52414519134964,11.366748122327236,0.10533454850427516,4.883191294718089,0.0,50.52414519134964,0.027926236217439452,5.345874338902238,8.136328573561983,0.9088681347519767,0.0,0.0,0.0,0.0036673235860006075,1.4347037050346785,0.000602392432704716,4.122359093833545,0.0,-0.34210516126534246,-0.10835792626861915,-0.12904288394756058,0.09212656282574794,0.0,-0.3416572077185017,0.0,-0.5172331389443843,-0.4048711522244786,-0.15278072464784093,Banks—Regional,Financial Services,DB
2010Q1,2010,Q1,2010-03-31,2010-03-31,1762000000.0,8827000000.0,0.0,2.06616,0.0,0.0,1670442000000.0,39118000000.0,586686000000.0,43993000000.0,1630258000000.0,0.0,25749000000.0,46602339493.16372,164287339493.16373,47.767614519106985,13.335894346827905,0.11235349685891519,4.797791298123626,0.0,47.767614519106985,0.04504320261772074,5.279521863958731,6.612136704478393,1.1913272532635544,0.0,0.0,0.0,0.005284230161837406,1.5910485759098039,0.0010548106429316313,5.111587089301713,0.0,0.2867118054707832,0.17521986952015217,-0.013698836089257467,0.07258033661848431,0.0,0.33992395437262357,0.0,-0.3795583740188689,-0.3114775000058616,-0.19389404632133447,Banks—Regional,Financial Services,DB
2009Q4,2009,Q4,2009-12-31,2009-12-31,1315000000.0,5818000000.0,0.0,1.6057675007062142,0.0,0.0,1500664000000.0,36647000000.0,1237977000000.0,157407000000.0,1462695000000.0,0.0,24056000000.0,40531581775.30435,174473581775.30435,44.750236956943446,7.864815414816368,0.12695780001386053,5.198815728436161,0.0,44.750236956943446,0.035882882637050785,6.96658332335929,7.705623911654818,1.105999993868648,0.0038022813688212928,0.0,0.00012336059391213964,0.003876950469925313,1.1101412262478798,0.0008762787672656904,-2.3448991481229013,0.0,-0.015578608659004145,3.9875449406569516,-0.19290130131591954,0.04094797628634808,0.0,-0.04710144927536232,0.0,-0.46001021644088225,-0.33793958758667114,-0.16588316600759437,Banks—Regional,Financial Services,DB
2009Q3,2009,Q3,2009-09-30,2009-09-30,1380000000.0,7238000000.0,0.0,1.631179,0.0,0.0,1659557000000.0,34565000000.0,565016000000.0,47381000000.0,1623900000000.0,0.0,22909000000.0,42791195582.41394,150517195582.41394,42.31430786809196,11.924948819146916,0.10969794951303269,5.266888470996673,0.0,42.31430786809196,0.03992477940112831,5.912019284666198,7.752028185219916,1.2379920608249366,0.0,0.0,0.0,0.004361404880941119,1.5686456596526033,0.000831547214105933,1.6205103227453586,0.0,0.2804879293304748,0.5353493219092195,0.08250279448028022,-0.00494955320708494,0.0,0.26373626373626374,0.0,-0.2149145544606911,-0.20369475532476045,-0.21723185843234608,Banks—Regional,Financial Services,DB
2009Q2,2009,Q2,2009-06-30,2009-06-30,1092000000.0,7940000000.0,0.0,1.273873,0.0,0.0,1732873000000.0,34327000000.0,552099000000.0,44766000000.0,1697433000000.0,0.0,21751000000.0,35901804904.82299,158843804904.823,41.54496943883813,12.332998257606219,0.103629637024756,5.231363066973519,0.0,41.54496943883813,0.03181169341917441,4.52163789733287,8.219277679675592,1.0458765666916128,0.2866300366300366,0.0,0.008718224636053104,0.004581986100539393,1.2651342536746637,0.0006301673579079367,208.73142386524995,0.0,-0.14583361271963108,0.13838028120088824,0.14954587197304936,-0.014310279253725175,0.0,-0.07848101265822785,0.0,-0.38048733746411956,-0.18768490505904115,-0.17834972268125945,Banks—Regional,Financial Services,DB
2009Q1,2009,Q1,2009-03-31,2009-03-31,1185000000.0,7392000000.0,0.0,1.491364,0.0,0.0,2103425000000.0,33661000000.0,544727000000.0,37423000000.0,2068527000000.0,0.0,21374000000.0,23810203480.302444,137820203480.30243,43.38185607876121,14.555941533281672,0.08086715713657487,5.053266391372805,0.0,43.38185607876121,0.035203945218502126,3.221077310646976,5.023249679388702,0.7073528261282328,0.0008438818565400844,0.0,4.199880109497064e-05,0.0035142683955929023,1.4987574486278492,0.0005633668897155829,-1.0058807604369246,0.0,1.2574411373449574,0.09007286515658136,0.039913200206508716,0.01982084702249201,0.0,1.2641486804783688,0.0,-0.4770102840829294,-0.3016853542314208,-0.1740245672368838,Banks—Regional,Financial Services,DB
2008Q4,2008,Q4,2008-12-31,2008-12-31,-4486109860.0,2142243750.0,0.0,-5.793029099314658,0.0,0.0,2202423000000.0,30703000000.0,1937633000000.0,155694000000.0,2170509000000.0,0.0,20074000000.0,22584000303.240986,141781000303.24097,39.56962440765888,12.445135971842204,0.08797674197917475,6.310849102693548,0.0,39.56962440765888,-0.14611307885222943,10.542217851372415,-1.258551451481896,0.7355633098798484,-0.14563130872590802,0.0,0.028928358184012407,0.0009726758892365363,1.3629619638521715,-0.0020368974806383696,0.8664888393730139,0.0,-14.329237235874102,-9.929727011479764,-0.6426960275855044,-0.05708174361403673,0.0,-16.277699824593416,0.0,-7.937537963229982,-0.7528366397129784,-0.22563850864146698,Banks—Regional,Financial Services,DB
2008Q3,2008,Q3,2008-09-30,2008-09-30,293637780.0,3097382090.0,0.0,0.4346106980317966,0.0,0.0,1461586305570.0,24674084760.0,450266583370.0,32998786750.0,1435607164010.0,0.0,16969994020.0,32920106571.053932,124951435421.05392,38.70283008790654,13.644943578721117,0.08811413258950516,5.219500977348511,0.0,38.70283008790654,0.011900655398413246,10.628364733346132,28.027819317948403,1.3341976770875748,2.2323420031305234,0.0,0.019911841676003857,0.0021191920574215152,1.1138312735088662,0.00020090348334612031,13.783393405644805,0.0,-0.559950287521975,-0.4482875608756217,-0.3504700595864296,-0.026279452657344656,0.0,-0.547853001532575,0.0,-0.719852600711426,-0.5574623503671009,-0.22275622117258775,Banks—Regional,Financial Services,DB
2008Q2,2008,Q2,2008-06-30,2008-06-30,649429900.0,5396876850.0,0.0,0.98764,0.0,0.0,1992526551750.0,31922466200.0,1935325249100.0,59225210900.0,1958824190100.0,0.0,23599342100.0,33982737119.324135,183919070969.32413,50.905020057229024,32.67738889723397,0.09472049342792403,5.912234254319611,0.0,50.905020057229024,0.020343976431244526,6.296741256811175,13.081757214798754,1.0645398418285157,0.0,0.0,0.0,0.0027085595648700493,0.6550717795755456,0.0003259328712230296,5.835250237106913,0.0,5.712719915636377,0.37355129555069305,0.10592770111875967,0.29132340907014886,0.0,5.954820057292905,0.0,-0.3455512712239567,-0.1273856485237528,0.10035952860011571,Banks—Regional,Financial Services,DB
2008Q1,2008,Q1,2008-03-31,2008-03-31,-131070330.0,4613422340.0,0.0,-0.209569,0.0,0.0,2304161947060.0,33981407730.0,868776570970.0,63548214780.0,2268146733050.0,0.0,24967314890.0,44684221071.67431,253421636471.67432,54.55792052844841,13.671140471493194,0.10451105174150736,7.086533624014757,0.0,54.55792052844841,-0.0038571188998826095,9.685699200839762,-85.22947388565038,1.3149608582055734,0.0,0.0,0.0,0.0020022127116049743,3.596520595444491,-5.688416570165107e-05,23.492012109626668,0.0,-1.1357642503573473,0.27317135515240015,0.12375084505099282,0.40384452263505694,0.0,-1.137790130044351,0.0,-1.1149415755356833,-0.3222349579741751,0.2250507661880559,Banks—Regional,Financial Services,DB
2007Q4,2007,Q4,2007-12-31,2007-12-31,951231630.0,5782921170.0,0.0,1.5436243300308423,0.0,0.0,2020349000000.0,37044000000.0,1498871000000.0,188604000000.0,1981883000000.0,0.0,25116000000.0,55203406566.33075,257922406566.33075,59.474981852255446,7.947185637632288,0.11530978063690976,6.288899686858871,0.0,59.474981852255446,0.025678426465824425,9.5459379340512,14.508402797310984,1.490211817469246,0.0006346929401411936,0.0,1.0936643905744554e-05,0.002862337729768471,1.2374392907891667,0.0004708254019478813,58.131096093618424,0.0,-0.3997813451316244,12.006800350509636,0.287881197506618,0.49694953782756757,0.0,-0.41364614320729765,0.0,3.743587145706867,0.05477477233311522,0.3834644508886019,Banks—Regional,Financial Services,DB
2007Q3,2007,Q3,2007-09-30,2007-09-30,1622282550.0,5934120360.0,0.0,2.57177,0.0,0.0,1879536618540.0,36811448100.0,461455643460.0,57575263200.0,1841983755780.0,0.0,24070047960.0,55897860389.985374,233484891479.98538,60.50224522708,8.014824732229796,0.11097825511483157,5.666381115553017,0.0,60.50224522708,0.044070055206548636,9.419738225529583,8.614075949652754,1.5184912106183992,0.0003587291252069499,0.0,1.0411131945656074e-05,0.0031572251912865357,0.5384371957156767,0.0008631289936027787,4.284486666285201,0.0,-0.08022894762629933,8.06794323465524,0.414999080511696,0.49239853021584407,0.0,-0.08769268903315693,0.0,1.4232181927322245,0.1915292476453707,0.42275247258806553,Banks—Regional,Financial Services,DB
2007Q2,2007,Q2,2007-06-30,2007-06-30,1778219390.0,8781758990.0,0.0,2.796098,0.0,0.0,1938039720410.0,36283949780.0,493905422270.0,65316133240.0,1901039163730.0,0.0,22529529920.0,65059276631.37734,256459808231.37735,59.63526404701845,7.561767633352939,0.11277676147099891,6.023761045730342,0.0,59.63526404701845,0.04900842936840819,7.408456176656853,9.14668867593685,1.793059383717881,0.0,0.0,0.0,0.004531258517313661,0.4159050807582681,0.0009175350594072502,-15.10338669409834,0.0,-0.15868468149688697,10.370720610134859,0.4056008003463649,0.2467652660821294,0.0,-0.16148246190516125,0.0,1.5174222311760766,0.7266062685914745,0.4148973403789296,Banks—Regional,Financial Services,DB
2007Q1,2007,Q1,2007-03-31,2007-03-31,2120670480.0,9573333840.0,0.0,3.323484,0.0,0.0,1746510249600.0,36237041040.0,708802481280.0,69070379760.0,1709667623520.0,0.0,22485993840.0,61587041621.56163,229760028341.56165,59.25724069040728,10.262032491248604,0.11474952425037288,5.5305624987089175,0.0,59.25724069040728,0.05852217562849883,6.433186458434592,7.260326651687257,1.69956044572125,0.0,0.0,0.0,0.005481407190248418,5.915618124871303,0.0012142330573128289,9.583462040410017,0.0,0.1173133857069346,3.598369902227278,0.6424785462238705,0.12006663341169983,0.0,0.1661777930569646,0.0,1.475243627828734,0.708857772574593,0.3930194522657337,Banks—Regional,Financial Services,DB
