Quarters,Year,Quarter,FillingDate,Date,NetIncome,Revenue,OperatingIncome,EPSDiluted,GrossProfit,GrossProfitRatio,TotalAssets,CommonStockEquity,CurrentAssets,CurrentLiability,TotalLiability,Inventory,RetainedEarnings,MarketCap,EnterpriseValue,bookValuePerShare,currentRatio,debtToAssets,debtToEquity,roic,shareholdersEquityPerShare,roe,priceToSalesRatio,peRatio,pbRatio,payoutRatio,inventoryTurnover,dividendYield,assetTurnover,quickRatio,returnOnAssets,priceToFreeCashFlowsRatio,grossProfitMargin,epsdilutedGrowth,fiveYNetIncomeGrowthPerShare,fiveYRevenueGrowthPerShare,fiveYShareholdersEquityGrowthPerShare,grossProfitGrowth,netIncomeGrowth,operatingIncomeGrowth,threeYNetIncomeGrowthPerShare,threeYRevenueGrowthPerShare,threeYShareholdersEquityGrowthPerShare,Industry,Sector,Symbol
2023Q2,2023,Q2,2023-06-12,2023-04-30,2423087.0,19619536.0,1100106.0,0.31,6782706.0,0.3457118456,45975886.0,25566618.0,36782501.0,7664309.0,20409268.0,23099964.0,10754284.0,33044571.0,45087393.0,3.249544247374251,4.799193378033166,0.26900658314665216,0.4837486131329533,0.0281302778096819,3.249544247374251,0.0947754216064088,1.684268730922077,3.409346321448632,1.292488940070212,0.0,0.5557077924450445,0.0,0.4267353542681048,1.5272125641072143,0.05270343240367353,-33.41882845992267,0.3457118455808537,2.0999999999999996,0.4763408648875614,-0.052605978800974645,-0.06833488504391426,0.040132801717527984,1.9914654320987655,0.05172657743785851,2.334970647142441,0.4167801238583896,0.2736306559173968,Communication Equipment,Technology,OCC
2023Q1,2023,Q1,2023-03-14,2023-01-31,810000.0,18284000.0,1046000.0,0.1,6521000.0,0.3566506235,42501000.0,23004000.0,33109000.0,7714000.0,19497000.0,22261000.0,8331197.0,32282370.0,43365147.0,2.9144811858608892,4.292066372828623,0.2651414554951648,0.4898616327595201,0.02935995034422976,2.9144811858608892,0.035211267605633804,1.7656076350907897,9.963694444444444,1.4033372456964006,0.0,0.52841291945555,0.0,0.43020164231429847,1.3089188488462535,0.01905837509705654,-43.82654488089776,0.3566506234959527,-0.33333333333333326,2.6254414995689292,-0.125742706432464,-0.20105433866581965,-0.015400875736071266,-0.3187552565180824,-0.26025459688826025,1.289774166983403,-0.07097146413875582,0.004340516661213556,Communication Equipment,Technology,OCC
2022Q4,2022,Q4,2022-12-22,2022-10-31,1189000.0,20056000.0,1414000.0,0.15,6623000.0,0.330225369,40558000.0,22160000.0,31196000.0,7483000.0,18398000.0,19439000.0,7521213.0,28178010.0,38490275.0,2.807550994552135,4.168916210076173,0.2595854085507175,0.4751022111913357,0.043003936742055854,2.807550994552135,0.05365523465703971,1.4049665935380933,5.924728763666947,1.271570848375451,0.0,0.6910334893770256,0.0,0.49450170126732085,1.4940531872243752,0.02931604122491247,630.5780333885333,0.3302253689668927,4.03030303030303,4.3123838980357405,0.003607236583022366,-0.2459399437666832,0.3774371101065782,4.197345315983231,9.60181039517228,2.015921976759925,0.07088717840792143,-0.0598080858188076,Communication Equipment,Technology,OCC
2022Q3,2022,Q3,2022-09-12,2022-07-31,-371871.0,17382640.0,-164384.0,-0.0495,4808205.0,0.2766095944,39008400.0,20883981.0,29401012.0,7075870.0,18124419.0,18687305.0,6332649.0,27887168.47,38218649.47,2.7783232848953343,4.155109124390358,0.2697822776632725,0.5039161355299069,-0.005372887560527111,2.7783232848953343,-0.017806518785857928,1.6043114549918769,-18.747877940199693,1.335337762948549,0.0,0.6728864863071481,0.0,0.4456127398201413,1.4649171055997354,-0.009533100562955671,23.139863494963727,0.27660959439993005,-0.6229508196721313,-0.08751960696189295,-0.053200541189421656,-0.2560118563809636,-0.04474886588631327,-0.6310775425345737,-2.2452323607217592,0.6664368398824825,-0.10736217334410264,-0.11239223451590509,Communication Equipment,Technology,OCC
2022Q2,2022,Q2,2022-06-13,2022-04-30,-227991.0,17200578.0,-50654.0,-0.0305,5033446.0,0.2926323755,41779063.0,21175184.0,32068634.0,8429767.0,20603879.0,18645991.0,6704520.0,27328780.05,38827345.05,2.8281328862317805,3.8042135684177274,0.2809445247730903,0.5543091856958599,-0.0015047565166176652,2.8281328862317805,-0.01076689581540354,1.5888291689965304,-29.96695050462518,1.2906041359546154,0.0,0.6525334051700443,0.0,0.41170329741478406,1.539033285261621,-0.005457063505708589,-22.884458096460666,0.2926323754934282,0.7458333333333333,0.17382915219478143,0.020242227650424494,-0.24415324595091203,0.24410037737416002,0.7563659911967711,0.9327661268914256,0.62828967261543,0.03367031516046192,-0.09275840849136861,Communication Equipment,Technology,OCC
2022Q1,2022,Q1,2022-03-17,2022-01-31,-935793.0,14440295.0,-753400.0,-0.12,4045852.0,0.2801779327,37916530.0,22205953.0,27565863.0,6167612.0,15710577.0,16303808.0,7868304.0,35452816.8,43639926.8,2.956382810180544,4.469454790606154,0.21941245678336072,0.37464543854524057,-0.02502202319750782,2.956382810180544,-0.04214153745169145,2.455131062073178,-9.471329877440844,1.5965456109899898,0.0,0.637546946087687,0.0,0.38084431776853,1.7369291388628207,-0.024680343902778023,15.516005950320338,0.2801779326530379,-1.1690140845070423,-0.43753595547273744,-0.21102451158098132,-0.15182276615052143,-0.010853625918832266,-1.174173382169746,-2.4774461008679554,0.7490579129051238,-0.3677718652391179,-0.2648418922738709,Communication Equipment,Technology,OCC
2021Q4,2021,Q4,2021-12-20,2021-10-31,5372767.0,15634760.0,509934.0,0.71,4090246.0,0.2616123305,39423947.0,22093818.0,28931437.0,5484263.0,17330129.0,15735456.0,7874234.0,29851098.7473,40281563.7473,2.927156603108397,5.275355503556266,0.2679200284030414,0.4780733234970977,0.01560424456348269,2.927156603108397,0.24317965324055807,1.9092777085993005,1.3890002463953863,1.351106393077919,0.0,0.7336625007880293,0.0,0.39658028152280134,2.3502860821955474,0.136281813690547,13.064401297070049,0.26161233047389276,0.5777777777777776,25.91767914339267,-0.12865612137283897,-0.12901650643599408,-0.15126319301728747,0.0,-0.8572714893688484,11.497354980722049,-0.31037714928199145,-0.14342216187834686,Communication Equipment,Technology,OCC
2021Q3,2021,Q3,2021-09-13,2021-07-31,5372767.0,15741114.0,3572755.0,0.45,4819216.0,0.3061546978,40476790.0,16645964.0,29662666.0,11483138.0,23830826.0,16832611.0,2501467.0,33761799.68,49303454.68,2.208825341860449,2.5831498323890214,0.3928820195474987,0.9553428686977816,0.10955277939625956,2.208825341860449,0.3227669481923666,2.1448164138827783,1.5709689104329299,2.0282273637020967,0.0,0.6488534666428162,0.0,0.38889235040624515,1.0854789866672332,0.13273698334279965,248.852359991155,0.30615469781871857,2.5517241379310347,23.086207032918875,-0.18738659514811196,-0.40469751511947305,1.0867917502024345,0.58715351332094,2.7841820639702846,11.482593657819908,-0.40377140973782666,-0.32748564358787424,Communication Equipment,Technology,OCC
2021Q2,2021,Q2,2021-06-14,2021-04-30,3385159.0,11876573.0,-2002461.0,-0.29,2309390.0,0.19444919,35364685.0,13159043.0,24487084.0,9363007.0,22205642.0,17380161.0,-883692.0,25000200.0,39551140.0,1.7896155310757513,2.6153012595205793,0.4242339497722092,1.140120903928956,-0.07004750858325581,1.7896155310757513,0.2572496343389105,2.1050011648983253,1.8463091393934525,1.8998494039422167,0.0,0.550465729287548,0.0,0.33583143749194994,0.7196037555029062,0.09572145206439701,-25.887761917335858,0.19444919001466163,-4.244122965641952,3.9322749628216607,-0.28012153419339186,-0.5533851475037301,-0.4518844609022751,2.5811111630079404,-7.67820460593033,1.2069015890949797,-0.3863520161414073,-0.48690578353129277,Communication Equipment,Technology,OCC
2021Q1,2021,Q1,2021-03-15,2021-01-31,-2141000.0,13887407.0,-230746.0,-0.0553,4213327.0,0.3033919147,36557812.0,15259918.0,25322604.0,6266149.0,21297894.0,17099767.0,1257788.0,25290880.0,40285667.0,2.0756145266594124,4.04117489067049,0.4140189243273093,0.9918550021042053,-0.007647244510779223,2.0756145266594124,-0.1403021955950222,1.821137668104636,-2.9531620737972912,1.6573404916068357,0.0,0.5657433811817436,0.0,0.37987522338590723,1.2368555232248706,-0.05856477406251775,53.94271478755329,0.3033919147037312,0.7234999999999999,-0.041525530740714196,-0.29629344709500766,-0.5135705971372941,0.21345957171916854,-0.49320351785079125,0.8213593646089541,-3.612534170227448,-0.28710458826756013,-0.43101254908705106,Communication Equipment,Technology,OCC
2020Q4,2020,Q4,2020-12-21,2020-10-31,-1433830.0,13639169.0,-1291677.0,-0.2,3472161.0,0.2545727676,36913086.0,15625639.0,25297922.0,7591028.0,21287447.0,17129461.0,1664113.0,19631636.91,34290775.91,2.1251644129964706,3.332608179023974,0.400945588781171,0.947170160529115,-0.04260169761382719,2.1251644129964706,-0.09176136732712178,1.4393572592289163,-3.4229366295167485,1.2563733815941864,0.0,0.593539282993201,0.0,0.3694941409125208,0.9289421669897674,-0.03884340637355544,-16.997809352950906,0.25457276759309894,0.13043478260869565,-1.1536084381289167,-0.4456392668605713,-0.5531597410366392,-0.13125389378870334,0.0,0.17221417585234555,-3.2879856581848457,-0.2673370590140013,-0.42921727873199467,Communication Equipment,Technology,OCC
2020Q3,2020,Q3,2020-09-10,2020-07-31,-1433830.0,14863428.0,-1560400.0,-0.23,3996750.0,0.2688982649,40970894.0,17018864.0,29442757.0,14327279.0,23952030.0,17037152.0,3097943.0,17641024.8,29644036.8,2.315357189453075,2.0550138655078887,0.39779022151676746,0.957632718611536,-0.046975859456629555,2.315357189453075,-0.08424945401761245,1.186874575636253,-3.07585710997817,1.036557128607409,0.0,0.6378224482589578,0.0,0.3627801726757537,0.8497180099584855,-0.03499630737859906,-10.716821881458424,0.26889826492246605,0.3428571428571428,-1.1010139512712287,-0.33228057627517193,-0.5262502095686034,0.6624447827497567,0.15116852486500854,0.3624600771470701,-3.288055411145708,-0.17209750625889264,-0.37998637287414266,Communication Equipment,Technology,OCC
2020Q2,2020,Q2,2020-06-12,2020-04-30,-1689181.0,12887396.0,-2447533.0,-0.35,2404140.0,0.1865497111,36665001.0,18681368.0,25099167.0,11917757.0,17983633.0,17180139.0,4787124.0,18012120.0,28557544.0,2.5514023490849493,2.1060311097130104,0.3065365796662599,0.6016242493590405,-0.08196027177303113,2.5514023490849493,-0.09042062658366347,1.3976539558495757,-2.665806683830803,0.9641756428115972,0.0,0.6101962271667302,0.0,0.35149040361406236,0.6330266676858741,-0.0460706655919633,-12.898904116063584,0.1865497110510145,-2.901895206243032,-1.9553558191987803,-0.3635357094867606,-0.47328329006565745,-0.5134895580378824,0.34830979938271606,-3.6290878692108812,-5.259303457526345,-0.21833064875612512,-0.3181122452847045,Communication Equipment,Technology,OCC
2020Q1,2020,Q1,2020-03-16,2020-01-31,-2592000.0,18249535.0,-528729.0,-0.0897,4941600.0,0.2707795021,40106934.0,21238900.0,29379998.0,13627027.0,18868034.0,18095627.0,7385566.0,25346428.9,36367721.9,2.9018855034840825,2.156009377540677,0.2881951285530826,0.5442194746432254,-0.016207821669935316,2.9018855034840825,-0.12204021865539176,1.3888808071000165,-2.4446787133487655,1.1933964988770605,0.0,0.7354227073756548,0.0,0.45502194209111074,0.8057265902533253,-0.06462722879789315,53.263458851070354,0.270779502053066,0.40199999999999997,-8.742251968431887,-0.3800831398654574,-0.4125296101516995,0.10022277863694029,-1.388292941820373,0.4355991746344192,-3.0863063420894017,0.02328415458620515,-0.16745787764111647,Communication Equipment,Technology,OCC
2019Q4,2019,Q4,2020-01-27,2019-10-31,-1085294.0,17367068.0,-936797.0,-0.15,4491454.0,0.2586190139,41518419.0,21856426.0,30350691.0,14135512.0,19661993.0,18812511.0,8042388.0,21591858.3,32929193.3,2.9861467134581927,2.147123570762771,0.28600161773982774,0.5432880471857567,-0.028105788558743013,2.9861467134581927,-0.04965560243015029,1.2432644531592782,-4.973734835906216,0.9878951984189913,0.0,0.6844176197425214,0.0,0.4182979125481633,0.7454682221627346,-0.026140060872741806,-87.65419680915845,0.25861901387154124,-0.7772511848341231,-4.696311473137653,-0.2167194444350295,-0.31187385843919746,-0.15401381844948725,0.0,-0.9703127103244044,-6.607171195287001,-0.0018824794161219336,-0.11146383694655489,Communication Equipment,Technology,OCC
2019Q3,2019,Q3,2019-09-16,2019-07-31,-1085294.0,18957175.0,-475456.0,-0.0844,5309134.0,0.2800593443,44340979.0,22904740.0,32754137.0,10192333.0,21436239.0,20243223.0,9127758.0,27513860.16,38643267.16,3.13012503149976,3.2136054620664374,0.2580022872296076,0.4994631678857739,-0.013962098253547403,3.13012503149976,-0.04738294344314758,1.4513692129760896,-6.337881753699919,1.201229970739681,0.0,0.6742029665928198,0.0,0.4275317195860741,1.1849905217971195,-0.024476094675311522,76.37371558321513,0.2800593442852113,0.8081818181818182,-4.06107069535742,-0.22544958551866534,-0.3659535154109508,0.49025854729704127,-0.7577746284973883,0.8523758204301586,-6.010738103956153,0.007873511100391986,-0.15639721533208004,Communication Equipment,Technology,OCC
2019Q2,2019,Q2,2019-06-11,2019-04-30,-617425.0,16750668.0,-3220719.0,-0.44,3562559.0,0.2126816077,42167038.0,23494996.0,30273233.0,7711378.0,18672042.0,19485556.0,9745183.0,37232780.0,47970556.0,3.1172875149263635,3.925787712650061,0.26456321167258656,0.47481799954339216,-0.09218410670131591,3.1172875149263635,-0.02627900000493722,2.2227638921623902,-15.075831072599911,1.5847110593251432,0.0,0.6768146107814424,0.0,0.39724554520523825,1.3387987205399605,-0.014642361173198839,68.16306654144492,0.21268160768275032,-7.380952380952381,-2.4385285879905765,-0.19165886695930054,-0.37074206559556905,-0.465206739019056,0.8134667673716012,-13.138424663848392,0.47823387328514694,-0.009473220230109863,-0.22205251379863508,Communication Equipment,Technology,OCC
2019Q1,2019,Q1,2019-03-12,2019-01-31,-3310000.0,20273277.0,-227799.0,-0.0525,6661563.0,0.3285883678,43098460.0,26810837.0,31047030.0,7027843.0,16287623.0,17474755.0,12994697.0,24067870.0,33310041.0,4.021424478776061,4.417718210267361,0.21855964227028066,0.35133494713350427,-0.00610740301635897,4.021424478776061,-0.1234575406952047,1.1871721577128356,-1.8178149546827795,0.8976918549764037,0.0,0.7789358992443671,0.0,0.47039446421055414,1.8600663105308415,-0.07680088801316799,-16.105933825320474,0.328588367830223,-1.9210526315789473,-6.247091528918698,-0.04970140918972434,-0.19914206775379734,-0.05194290448986144,-8.550992008723563,-1.3453928216200481,-0.775645601674071,0.13284222714338523,-0.057561467823793885,Communication Equipment,Technology,OCC
2018Q4,2018,Q4,2018-12-19,2018-10-31,438353.0,23116584.0,659536.0,0.057,7026542.0,0.303961087,45812442.0,26299532.0,33498643.0,7414388.0,19512910.0,17313444.0,13346537.0,36556323.0,47768267.0,3.4172686623870785,4.5180590764875,0.2673743521465195,0.46575247042418855,0.01645383457655131,3.4172686623870785,0.01666771104520035,1.5813894907655905,20.84867846233515,1.3899989931379768,0.0,0.9293380334958198,0.0,0.5045918311885667,2.115366770662663,0.009568426847885558,18.54443172289316,0.30396108698413227,-0.6833333333333333,3.2789961908690644,-0.11442336470927103,-0.3475123755030177,-0.21546156186584267,0.0,-0.5767177294568484,1.6290271920236368,-0.10235511022180557,-0.2814799623454096,Communication Equipment,Technology,OCC
2018Q3,2018,Q3,2018-09-11,2018-07-31,438353.0,26887689.0,1558147.0,0.18,8956275.0,0.3330994717,53008152.0,25207989.0,40322281.0,14381552.0,27800163.0,18763575.0,12908184.0,29165000.0,44113783.0,3.2844285342019544,2.8037503184635426,0.2872607971694618,0.6040610379511036,0.03810421029407565,3.2844285342019544,0.017389447448584654,1.084697163820959,16.633284134019842,1.1569744813836598,0.0,0.9556501892629736,0.0,0.5072368680198472,1.4590358537103645,0.008269539371981879,7.725690696350555,0.3330994716578282,3.926829268292683,3.850347648539715,0.13917736387601276,-0.32784370132232,0.7128673390937152,-0.6848648454349389,5.85715755282206,1.6151619162823918,0.15681173880449129,-0.3279666148907992,Communication Equipment,Technology,OCC
2018Q2,2018,Q2,2018-06-11,2018-04-30,1391000.0,17551040.0,-320794.0,-0.0615,5228820.0,0.297920807,42611340.0,23257242.0,29935162.0,6973672.0,19354098.0,17621540.0,11517366.0,18637060.0,30617245.0,3.487888722255549,4.29259678401852,0.29356349741641546,0.5378597341851626,-0.00818149200437879,3.487888722255549,0.059809327348444845,1.0618778146480208,3.3495794392523366,0.8013443726474532,0.0,0.6992703248410752,0.0,0.41188660107849223,1.7007243816457098,0.03264389244740954,-6.406744643731899,0.2979208069721225,0.32194046306504964,29.980286034119526,-0.03979308264119421,-0.2711734746642559,0.041867000670691344,4.392682926829268,0.2888706620409882,3.6723593204828426,-0.04819965487690472,-0.27995313124077825,Communication Equipment,Technology,OCC
2018Q1,2018,Q1,2018-03-13,2018-01-31,-410000.0,17206880.0,-451105.0,-0.0907,5018702.0,0.2916683327,40139180.0,23689522.0,27103378.0,4196877.0,16449658.0,16781449.0,11927501.0,15260900.0,26740064.0,3.6479091469048353,6.45798721287281,0.3081859918413879,0.5221858423314747,-0.012368201891536548,3.6479091469048353,-0.017307229753306123,0.8869068651609123,-9.305426829268294,0.6442046403469011,0.0,0.7262887727990592,0.0,0.42868040652549455,2.3598039685223084,-0.010214458790637974,-41.75097531749115,0.2916683326669332,-0.9934065934065935,-4.068452993382085,-0.2447147044510165,-0.2489255419358613,-0.054107901429137656,-0.3890771107196097,-1.9215320548938843,-0.7367914806183106,-0.3412460414526651,-0.26150132178186397,Communication Equipment,Technology,OCC
2017Q4,2017,Q4,2017-12-20,2017-10-31,-295160.0,16432243.0,-154407.0,-0.0455,5305787.0,0.3228887864,42089323.0,24164629.0,28695229.0,5910419.0,17924694.0,18354925.0,12517366.0,15901002.250000002,27502651.25,3.7232458759006843,4.855024491495442,0.2882182970726329,0.5020111419877376,-0.004467498679261776,3.7232458759006843,-0.012214547138298709,0.9676708316691763,-13.468120892058547,0.658027990001419,0.0,0.6061836809466669,0.0,0.39041357353265105,1.6702397917981788,-0.0070127048610404115,124.95483246106214,0.32288878639392077,-0.23641304347826086,-1.2573224763803064,-0.23280683898945748,-0.17934019214913302,-0.06308485602871533,0.0,-0.3650202887276006,-2.1336741676401774,-0.16420978897418395,-0.14201709945502364,Communication Equipment,Technology,OCC
2017Q3,2017,Q3,2017-09-12,2017-07-31,-295160.0,15847473.0,-113117.0,-0.0368,5663039.0,0.3573464993,41987968.0,24229785.0,28431024.0,6157345.0,17758183.0,17539699.0,12812992.0,14923154.399999999,25823206.4,3.734365001276138,4.617416110352758,0.2785816879730879,0.4827562027479815,-0.0032548887437780466,3.734365001276138,-0.01218170115830578,0.9416740700552069,-12.639885485838189,0.6159012306547499,0.0,0.5806504433171857,0.0,0.3774289101106298,1.678371603345273,-0.007029632870064109,-21.505025521011962,0.357346499344091,0.6122233930453108,-1.247770179584619,-0.2920936103852403,-0.19630768100326879,0.1772493300451792,-0.23455550815201479,0.7684657171980989,-1.9388892006636953,-0.2697577167116159,-0.24355705366279493,Communication Equipment,Technology,OCC
2017Q2,2017,Q2,2017-06-13,2017-04-30,-239082.0,14606252.0,-488554.0,-0.0949,4810399.0,0.3293383546,40116272.0,24271269.0,26316845.0,4576896.0,15845003.0,16041350.0,13053033.0,17514195.3,27742750.3,3.7416749772111997,5.749932923972929,0.2860244840298221,0.4727497355000268,-0.013225128381312644,3.7416749772111997,-0.009850412024192061,1.1990889449257758,-18.314004504730594,0.7216019607380233,0.0,0.6106626312623314,0.0,0.364097940107695,2.1475602679195682,-0.005959726267685093,-30.876980563268546,0.3293383545621423,-1.8627272727272728,-2.517620640174469,-0.1832122366396849,-0.1730510790100416,-0.22534353003734953,0.6117330094012833,-1.5439946731159377,-0.5470608658713157,-0.18101975089621547,-0.24470275645129796,Communication Equipment,Technology,OCC
2017Q1,2017,Q1,2017-03-08,2017-01-31,-615767.0,17312823.0,898086.0,0.11,6209719.0,0.3586774381,40665788.0,24764989.0,26321883.0,4126109.0,15900799.0,15023966.0,13684394.0,23242586.5,33309516.5,3.485571991555243,6.379347467553572,0.2937602979684053,0.4823742905761032,0.024504960177502026,3.485571991555243,-0.02486441645502043,1.3425070249952882,-9.436437199460185,0.938526017516099,0.0,0.7390261665927625,0.0,0.42573435439146046,2.633507015931959,-0.015142138644897279,-169.6180115158105,0.3586774381046927,3.166666666666667,-3.831678730742307,-0.22096449029222476,-0.2230738967687113,0.13695904803109513,-4.272519039343548,1.6127050253390665,-0.2650815909758613,-0.23849914939969313,-0.3058559242913346,Communication Equipment,Technology,OCC
2016Q4,2016,Q4,2016-12-20,2016-10-31,188163.0,16915135.0,343738.0,0.0264,5461691.0,0.3228878161,41113071.0,23913034.0,26285484.0,4852932.0,17200037.0,14944113.0,12963386.0,19923089.2,31067242.2,3.3607486533765054,5.416413005580956,0.3141815895971381,0.5401644141015314,0.009702289639487927,3.3607486533765054,0.007868637664296383,1.177826201209745,26.470519177521616,0.8331476967749052,0.0,0.7664184552137688,0.0,0.41142961565678227,2.2440771888005027,0.004576719652005563,17.96248406437362,0.32288781614808276,1.1760000000000002,1.2891856440847267,-0.19078124528788368,-0.22756937325330567,0.20003010132281032,0.0,1.4017137267596844,2.0580936136908834,-0.2991126709690552,-0.3583042125106751,Communication Equipment,Technology,OCC
2016Q3,2016,Q3,2016-09-13,2016-07-31,188163.0,16340153.0,-855679.0,-0.15,4551295.0,0.2785344176,42194689.0,23587173.0,26974304.0,6187958.0,18607516.0,16542028.0,12775223.0,13959972.000000002,26387314.0,3.7104252005663048,4.35916080878377,0.3101816913498284,0.5548787046247552,-0.023107258404527382,3.7104252005663048,0.007977344296410597,0.8543354520609447,18.54771129286842,0.5918459155745371,0.0,0.712660986911641,0.0,0.38725615444161704,1.6072622018442917,0.004459400091798283,10.690145213202204,0.27853441763978587,0.46428571428571436,0.5733980065701005,-0.0632945098940338,-0.16861616397557952,0.2994674270528099,1.191417090539166,0.46623812464522085,2.477182830472915,-0.1641657525374307,-0.24066374306450822,Communication Equipment,Technology,OCC
2016Q2,2016,Q2,2016-06-07,2016-04-30,-983000.0,14047890.0,-1603110.0,-0.28,3502431.0,0.2493207877,42159685.0,25088245.0,26655000.0,4843623.0,17835669.0,17603332.0,14522574.0,15715109.999999998,28334724.0,4.007066762498003,5.503112029982515,0.3121064353303399,0.5244810468010018,-0.04248910984324492,4.007066762498003,-0.03918169644787828,1.1186811684886484,-3.9967217700915563,0.6263933567294164,-0.14375483214649035,0.5990603937936295,0.008992046508105894,0.33320671157766,1.759257068520816,-0.023316113486142032,46.52579254645145,0.24932078767701057,0.4166666666666666,-9.937312117790215,-0.20719641659339727,-0.10938357253496217,-0.3040157048149748,0.436676217765043,-1.1634763316005117,-24.31651817997453,-0.18148817208459314,-0.16268643358232848,Communication Equipment,Technology,OCC
2016Q1,2016,Q1,2016-03-14,2016-01-31,-1745000.0,16752447.0,-740988.0,-0.48,5032342.0,0.3003944439,45028818.0,26630607.0,29147426.0,5643152.0,19140268.0,17816080.0,16267595.0,15040810.0,27184745.0,4.267041659990386,5.165096740261471,0.2937453743511544,0.49668439776832723,-0.06411488326950325,4.267041659990386,-0.06552610685892364,0.8978276427318349,-2.1548438395415475,0.5647941107763711,-0.08118166189111747,0.6578385930013785,0.009418508710634599,0.37203834664280994,1.908033311879602,-0.03875296038194918,-50.01666023756634,0.3003944438684092,-4.303867403314917,-5.34975081801377,-0.09010620947617733,-0.04132665190232783,-0.1185005438054611,-2.10303314821829,-0.8432583165629766,-14.589051697701507,-0.23485234076178202,-0.1214512551570439,Communication Equipment,Technology,OCC
2015Q4,2015,Q4,2016-01-28,2015-10-31,-562353.0,20781340.0,-401999.0,-0.0905,5708843.0,0.2747100524,49032920.0,29536810.0,33038455.0,7602599.0,20227891.0,18621098.0,19373673.0,19438721.02,31177571.02,4.75598241287996,4.345679023712812,0.25074898659920725,0.4162587293617693,-0.010468157761235684,4.75598241287996,-0.01903905668892477,0.9353930506887429,-8.64168992607846,0.6581184975628716,-0.25208009915480134,0.80943116243736,0.00729255797509254,0.42382423889909066,1.5594960355004914,-0.011468886617399086,-79.4636708581333,0.2747100523835325,-0.09830097087378636,-2.1019854780640896,0.15738873583869042,0.16758962034964903,0.006972981372868767,0.01784753707830631,0.522437759348423,-1.5123471234195232,0.013949877847778942,0.048290589230020095,Communication Equipment,Technology,OCC
2015Q3,2015,Q3,2015-09-11,2015-07-31,-572572.0,18676107.0,-841773.0,-0.0824,5669311.0,0.3035595695,48316336.0,30139977.0,33098059.0,6531199.0,18918359.0,18677269.0,20093599.0,20906130.0,32100715.0,4.887299659477866,5.067684968717076,0.24552844818365366,0.39359801104028713,-0.010844614516249143,4.887299659477866,-0.018997094788758464,1.1194051308444528,-9.128166414005575,0.6936345704577015,-0.2361537064334267,0.6963971017390176,0.00646772023325216,0.38653814726348457,1.6837181044399352,-0.011850484689070793,-71.74917117970472,0.30355956945416945,-1.0497512437810945,0.9272384042587762,0.16942080928275888,0.11033309877822384,0.05272040600208973,-0.16851428571428573,-1.1258987627569381,-1.50568548516564,-0.12226985695888608,0.05182144638122724,Communication Equipment,Technology,OCC
2015Q2,2015,Q2,2015-06-12,2015-04-30,-490000.0,17358844.0,-395961.0,-0.0402,5385391.0,0.3102390344,46029735.0,30406137.0,30892519.0,5598392.0,16347869.0,18402610.0,20725501.0,25673359.45,35416007.45,4.84397457108014,5.518105734646663,0.22662020539549055,0.34306455963149807,-0.004913614146389296,4.84397457108014,-0.01611516780313132,1.4789786376327825,-13.098652780612245,0.844347950218076,-0.2794510204081633,0.6506388495979646,0.005333583252580526,0.3771223970765854,1.801520329408873,-0.010645292657018338,-19.81329891091279,0.3102390343504441,-1.268,-0.2088159359120458,0.07981725102546604,-0.14340686925197552,-0.40599948799439506,-1.147399236577659,-1.2367491144950171,-4.2142485377049175,0.0031324154493349897,0.07056854730955815,Communication Equipment,Technology,OCC
2015Q1,2015,Q1,2015-03-10,2015-01-31,-228183.0,25247943.0,1672492.0,0.15,9066307.0,0.3590909168,50038614.0,31006567.0,35376606.0,9301666.0,19732324.0,17518119.0,21462881.0,32703717.05,41611229.05,4.939628538952272,3.803254814782642,0.19978608919903337,0.3224161836426458,0.025057368258731002,4.939628538952272,-0.007359182975658027,1.2953022370970975,-35.830580115521315,1.0547351807763818,-0.6069119960733271,0.9237085328624609,0.0042345951008648415,0.504569191304939,1.6498110123498306,-0.004560138296396459,-155.23007537533405,0.3590909168323138,2.7406483790523692,-1.3619696065565037,0.6740168067529612,-0.1296299107128892,0.23544786807291648,-1.8203683663674244,2.1009687676718984,-2.187724028662589,0.28593807364900636,0.10103201468114859,Communication Equipment,Technology,OCC
2014Q4,2014,Q4,2014-12-19,2014-10-31,278147.0,21004130.0,539345.0,0.0401,7338478.0,0.3493826214,47312803.0,30088922.0,33211329.0,6799590.0,17921613.0,17270880.0,20791950.0,31964246.360000003,42055838.36,4.339533892267248,4.884313465958977,0.22323896134414187,0.35102822892757674,0.00852322896149645,4.339533892267248,0.00924416634135314,1.5218076806799425,28.72963429409629,1.0623260733634792,0.4990418735416884,0.7912539488433711,0.004342570709682141,0.4439417804098396,2.0200334137793603,0.005878894979018681,21.621656637426746,0.3493826214177878,2.5482625482625485,1.211192107213152,0.2435602487162964,-0.23866418701789016,0.10188763670407205,-0.04901806594548762,3.675773691991705,2.472612061364122,0.03117000840222608,-0.0026064933999727646,Communication Equipment,Technology,OCC
2014Q3,2014,Q3,2014-09-10,2014-07-31,292484.0,20190729.0,-201566.0,-0.0259,6659915.0,0.3298501505,47530670.0,29801103.0,33773784.0,7028111.0,18412962.0,18472634.0,20693865.0,26017707.209999997,36354203.20999999,4.936743768130059,4.8055279718831985,0.22358818001092767,0.3566074718778026,-0.002491081962157768,4.936743768130059,0.009814536059286129,1.288596722287739,22.238573058697224,0.8730451087666117,0.44841085324325436,0.7324788657643517,0.005040913057457687,0.4247936963648945,1.8571045619512838,0.00615358462230808,54.25577787370344,0.3298501505319595,0.6490514905149052,1.2685371742515141,0.3384916742024378,-0.11316656208644937,0.23157013141723726,3.041388359611103,0.7021624936277733,1.5755319392546434,0.2188756645521934,0.10616135605999988,Communication Equipment,Technology,OCC
2014Q2,2014,Q2,2014-06-11,2014-04-30,-143277.0,16534930.0,-676765.0,-0.0738,5407662.0,0.3270447471,45309845.0,29792818.0,31913220.0,5782373.0,16187520.0,19212037.0,20975949.0,22374485.6,31340658.6,4.953910542068507,5.519052472056023,0.2139211687879312,0.3253379723932123,-0.009908287080650046,4.953910542068507,-0.004809112048413815,1.3531648213811611,-39.04060944882989,0.7510026611111443,-0.9179282089937674,0.5791821033865383,0.005878034577027326,0.3649301823919283,1.808808425191526,-0.003162160453208348,-18.325652572038877,0.32704474708994835,-2.8638743455497386,0.8032596153568534,0.1269616918442389,-0.10516301344165106,-0.1798813908188292,0.6522402912621359,-3.0943528770989484,-0.6596398239357802,-0.0285126559033676,0.1010632890498642,Communication Equipment,Technology,OCC
2014Q1,2014,Q1,2014-03-17,2014-01-31,-412000.0,19244066.0,323138.0,-0.0191,6593756.0,0.3426384008,45414899.0,30198673.0,31809973.0,4824031.0,15855183.0,18234279.0,21519238.0,23629006.0,33134373.0,5.021395576987031,6.594064797676466,0.22582170666062695,0.33960664430519844,-0.004932453768833167,5.021395576987031,-0.013642983584080002,1.227859330767209,-14.337989077669901,0.7824517984614754,-0.3196723300970874,0.6937652977669148,0.005573869675262684,0.4237390465186326,2.3876003284390173,-0.009071912721858085,34.3100756508734,0.3426384008452268,0.2360000000000001,-40.71180783402119,0.06475187131544186,-0.11611009906097561,0.0758254990194191,-1.8524349547902907,4.427428935086975,-2.065753878996026,0.08467603560482766,0.1281535296573236,Communication Equipment,Technology,OCC
2013Q4,2013,Q4,2013-12-20,2013-10-31,-144438.0,19601919.0,-94280.0,-0.025,6129020.0,0.3126744887,47916079.0,30267519.0,33152111.0,5974238.0,18263370.0,18637239.0,21741287.0,22219983.504,33237679.504,5.237292684319537,5.549178154603148,0.24142044260341086,0.3821892702867387,-0.0014831784564062452,5.237292684319537,-0.00477204623213419,1.133561642816706,-38.459379636937655,0.7341197507466668,-0.8653816862598486,0.7229020886623818,0.0056252967054407944,0.409088544160719,2.0838821620430923,-0.0030143952304611567,12.729794446322279,0.3126744886559321,-3.066115702479339,-1.3124075352598876,0.2437666388875483,-0.09231055113315323,-0.08049670718678968,-0.15911115391097094,-1.3351260277186334,-1.3041597145685202,0.17316112780163076,0.2857508809082689,Communication Equipment,Technology,OCC
2013Q3,2013,Q3,2013-09-12,2013-07-31,-124611.0,19124600.0,281327.0,0.0121,6665577.0,0.3485341916,47794792.0,30387723.0,33334817.0,6388101.0,18002052.0,19468344.0,21997603.0,27362847.6,37460117.6,4.886405945556631,5.218267056203401,0.2276487362890919,0.35805328355796845,0.0032623783573007114,4.886405945556631,-0.004100702115785378,1.4307670539514552,-54.896533211353734,0.9004573195563222,-1.0030735649340747,0.639963162763099,0.00456801871746711,0.40013983113473955,1.80003916656922,-0.0026072087519493758,-35.97662236235049,0.3485341915647909,-0.31250000000000006,-1.2436547800851578,0.33433871539287247,-0.15775274602917616,0.021710503424388242,-3.9330587266093917,0.06659008276369316,0.9842965952974658,0.18752335033913245,0.11013005820025124,Communication Equipment,Technology,OCC
2013Q2,2013,Q2,2013-06-12,2013-04-30,42485.0,17295453.0,263763.0,0.0176,6523939.0,0.3772054424,46278548.0,30194508.0,31994094.0,5951851.0,16711944.0,19459813.0,22080112.0,26373379.779999997,35810234.78,4.78562264271159,5.375486382303589,0.2148552067796077,0.32930448808770124,0.004824982679144095,4.78562264271159,0.0014070439564704946,1.5248736057968528,155.19230187124867,0.8734495617547402,5.23547134282688,0.5535260796185452,0.00843384510652203,0.37372505723386135,1.6723313470044865,0.0009180279381280501,-40.80892479091394,0.3772054423784101,-0.713821138211382,-0.9527998425810786,0.33293620696550236,-0.10649626580749123,-0.15876423321945254,-0.6727391773224465,-0.6144847211930141,1.1042724566688964,0.07036349521720636,-0.1537256395660928,Communication Equipment,Technology,OCC
2013Q1,2013,Q1,2013-03-15,2013-01-31,129820.0,22134429.0,684183.0,0.0615,7755185.0,0.3503675202,47762345.0,30644358.0,34764665.0,7926761.0,17727303.0,18464019.0,22619814.0,26247191.36,34659572.36,4.8569207855998195,4.385733971290417,0.18850454264756053,0.2938034792570952,0.011521886481981056,4.8569207855998195,0.004236342624635831,1.185808378431628,50.54535387459559,0.8565097483850046,0.7647280850408258,0.7787710790375595,0.0037823856517956974,0.46342843928622013,1.706461188876516,0.0027180407494648766,-2247.3834540628477,0.3503675202102571,-0.6583333333333333,-0.8530315572801717,0.6119206466112179,-0.06490259987251208,-0.11742045280087421,-0.8898312420335139,-0.6355273265408968,2.3369110424680715,0.4600644347534011,-0.14420314311335208,Communication Equipment,Technology,OCC
2012Q4,2012,Q4,2012-12-21,2012-10-31,1178374.0,22003689.0,1877186.0,0.18,8786953.0,0.3993399925,49007878.0,30249649.0,36333774.0,9137379.0,19320942.0,19031861.0,22582419.0,27670046.150000002,35812356.150000006,4.536893168499468,3.9763890717458477,0.19075227048190088,0.3090404123366853,0.03224079335525292,4.536893168499468,0.03895496440305803,1.2575185074648165,5.870387107573657,0.9147228832308104,0.08531332157702054,0.6944531593626078,0.0036332068061982613,0.44898269212962044,1.6223366678781739,0.0240445831994603,157.01900539663265,0.3993399924894412,0.28571428571428553,0.9637169447372564,0.6861084125226442,-0.12329192135241461,-0.008344643328314276,0.004215000835159891,0.23573141534169492,1.9304396558161245,0.3547507140559966,-0.20403911235547886,Communication Equipment,Technology,OCC
2012Q3,2012,Q3,2012-09-10,2012-07-31,1173428.0,22051197.0,1519089.0,0.14,8860894.0,0.4018327894,47019601.0,29696668.0,34223576.0,8207747.0,17890592.0,17942061.0,22384131.0,23519527.68,31335205.68,4.646510751698905,4.169667510462981,0.1881561691686835,0.2979131530850532,0.02595760682126415,4.646510751698905,0.039513793264618104,1.0665873458025883,5.010858714808237,0.7919921413405706,0.0803764696257461,0.7351609717523533,0.004010114543252596,0.4689788201307791,1.6771397802588213,0.024956145416886885,34.91626709105431,0.4018327893946075,4.761316872427984,1.2096589259994452,1.005612667733721,-0.022408691053972165,0.4407831215790951,6.684280147997773,3.502965736187317,2.0175827184053223,0.3807238226285689,-0.16530383228857573,Communication Equipment,Technology,OCC
2012Q2,2012,Q2,2012-06-08,2012-04-30,152705.0,17334015.0,337353.0,0.0243,6150054.0,0.3547968546,43979973.0,28450074.0,30860935.0,7108309.0,16055837.0,17682102.0,21535737.0,19806447.15,27496768.15,4.524674840535447,4.341529750605946,0.1851973397073254,0.28629008135444567,0.0073143000942539555,4.524674840535447,0.005367472857891336,1.1426347069620049,32.425996447398575,0.696182623285971,0.4121410562849939,0.6325017806140921,0.0031775512045834025,0.39413428016429203,1.5301280515520639,0.0034721485618010727,50785.76192307692,0.354796854623698,-0.15625000000000003,1.7293916824072229,1.1614270721616609,0.08042097449422367,-0.1704940723217613,-0.20649643532664047,-0.4021044460277119,1.200556938776802,0.12998677076148352,-0.18269690882013384,Communication Equipment,Technology,OCC
2012Q1,2012,Q1,2012-03-12,2012-01-31,192444.0,19667202.0,564234.0,0.0288,7414117.0,0.3769787385,44945214.0,28209174.0,31523191.0,8196925.0,17222239.0,16497185.0,21437609.0,22258045.1639,29357436.1639,4.486362315616004,3.8457337355166725,0.18224196240338292,0.2903631279668097,0.006928093143769121,4.486362315616004,0.006822035980209843,1.1317342021452772,28.914963786737957,0.7890356932783639,0.32766415164931095,0.742737927713122,0.0028329981153183766,0.43758167443590323,1.5657299536106528,0.0042817462166272035,-53.37622310606878,0.3769787385109483,1.4827586206896552,2.530306256869496,0.7995791161391814,0.07210045827181526,0.13903453060657625,1.6066179956385702,0.3417275425179774,19.6351790703707,0.04078626144926431,-0.21028919511938224,Communication Equipment,Technology,OCC
2011Q4,2011,Q4,2012-01-26,2011-10-31,73829.0,18775145.0,420528.0,0.0116,6509124.0,0.3466883478,44343148.0,27806669.0,30248975.0,6943345.0,16967660.0,15675231.0,21264506.0,22879969.740000002,30926055.740000002,4.3508744177211485,4.356542127749665,0.2082879636781764,0.33215571415619755,0.0033245117489924723,4.3508744177211485,0.002655082491182241,1.21863078767168,77.47622797274784,0.8228231054931463,0.8667054951306398,0.7825097441945194,0.002796682020436973,0.4234057762430398,1.8096031523710834,0.0016649471977045925,20.10948587148545,0.3466883478130262,1.5321100917431192,-0.42240347560879243,0.6233419421442165,-0.05590399415960366,0.09523315957557789,-0.37331613034657796,93.50505939287285,-0.8556008689021982,0.07726158395552192,-0.2459381133817074,Communication Equipment,Technology,OCC
2011Q3,2011,Q3,2011-09-12,2011-07-31,117809.0,17184460.0,-4546.0,-0.0218,5943140.0,0.3458438613,43729440.0,27948413.0,29612787.0,7133836.0,16168228.0,15319590.0,21558707.0,23922050.939999998,30848469.939999998,4.462950853494002,4.151032768345109,0.18937196543106885,0.29630054486456886,-9.524414120429661e-05,4.462950853494002,0.0042152303960872484,1.3920746383651275,50.764480939486795,0.8559359323908661,0.5271753431401676,0.7337872619306391,0.0025961820813679786,0.3929723316831864,1.6867207208015436,0.0026940431892107466,-34.73170308682036,0.3458438612560418,-1.4022140221402215,-0.09091351057368303,0.5098925137371177,-0.05261701634950236,-0.07497462971840543,2.311276337611166,-1.0091405730049483,-0.7712450020900588,0.19064744236142414,-0.23074174703389802,Communication Equipment,Technology,OCC
2011Q2,2011,Q2,2011-06-14,2011-04-30,-89843.0,17712784.0,497343.0,0.0542,6424840.0,0.3627233302,44536720.0,28159239.0,30261178.0,7527358.0,16718014.0,14424109.0,22178898.0,28101621.37,34054057.370000005,4.499205986917758,4.020159264379348,0.18696599120905177,0.29570586051704023,0.012215267632143532,4.499205986917758,-0.0031905336646349002,1.5865163471761412,-78.19646875660875,0.9979538640941256,-0.6990194005097782,0.782574785035249,0.0022348176702375088,0.3977119105313548,1.7782941903387617,-0.002017279224873318,-60.38904930341705,0.3627233302229621,-0.7536363636363637,0.7452313819419799,0.5735147218613172,-0.15586087157280115,-0.10349985627733173,-1.22331728438944,-0.6175467278580008,-1.100622832804217,0.37615933390453943,-0.15997193043735328,Communication Equipment,Technology,OCC
2011Q1,2011,Q1,2011-03-17,2011-01-31,402311.0,18463686.0,1300402.0,0.22,7166580.0,0.3881445991,45290766.0,27857444.0,30667010.0,7762116.0,17710704.0,14422787.0,21869667.0,38178149.3,44725226.3,4.450986009423982,3.950856957046249,0.2002424732670673,0.3255551729727968,0.02635315384018909,4.450986009423982,0.01444177721401863,2.067742556930398,23.724276306141267,1.3704828519084522,0.156103114257378,0.7832817610077719,0.001644972350715806,0.40766998729939785,1.8244002022129018,0.008882848216786619,45.20724262712044,0.3881445990795121,1.6763990267639903,2.6070037082703745,0.3718184283973373,-0.16761607158504715,0.05286493890909924,-0.24622325645882634,0.3319778673227532,-0.5408560513904573,0.3554959078490784,-0.14305675773911627,Communication Equipment,Technology,OCC
2010Q4,2010,Q4,2011-01-24,2010-10-31,533727.0,18779340.0,976294.0,0.0822,6806742.0,0.3624590641,44280389.0,26458145.0,28813480.0,7655727.0,17977420.0,13403581.0,20653726.0,20655537.36,28120252.36,4.073333926568928,3.763650401849491,0.21505646664486167,0.35991880761104,0.017740502632762743,4.073333926568928,0.020172502645215678,1.099907523906591,9.67514167355221,0.7806872840102737,0.0,0.893238754628334,0.0,0.4241006103175832,1.7480597205203372,0.012053349395823962,16.444339377495844,0.3624590640565643,1.06421875,0.17384776592432352,0.42198483883121957,-0.21638354698667492,0.5883077266271087,1.0710016783059009,1.5778840069632993,-0.08700727198893773,0.4771436475719468,-0.2128699910222079,Communication Equipment,Technology,OCC
2010Q3,2010,Q3,2010-09-14,2010-07-31,-7517104.0,15255913.0,-1689429.0,-1.28,4285531.0,0.280909507,43770580.0,25930584.0,27892209.0,7649725.0,17953530.0,13318456.0,20308756.0,17614397.970000003,26074261.970000003,4.401651778962276,3.646171463680067,0.21852988925438047,0.36887638165033226,-0.045056128746589756,4.401651778962276,-0.2898933552749911,1.154594809894367,-0.5858106383123075,0.6792904459845563,0.0,0.8236977319292867,0.0,0.34854262840474126,1.6630999153564343,-0.1717387340994796,14.02321968683723,0.2809095070219658,-18.81424148606811,-20.798764622224795,0.352305743532317,-0.06326905384136194,-0.22096849339795796,-18.86481436948519,-2.7743831601147444,-16.35689857625743,0.5053492119869897,-0.07392519805382342,Communication Equipment,Technology,OCC
2010Q2,2010,Q2,2010-06-14,2010-04-30,-378413.0,15007235.0,-447604.0,-0.0646,5501101.0,0.366563261,50544437.0,33137276.0,28476620.0,7564155.0,17469720.0,13626472.0,27774885.0,18517255.560000002,26642915.560000002,5.654930441538929,3.7646795973905878,0.18293455321304697,0.27903090163476324,-0.006653797899333933,5.654930441538929,-0.011419556634649148,1.2338885584186563,-12.233495915837988,0.5588043978026438,0.0,0.6976225394217961,0.0,0.29691170563439057,1.7227547558187266,-0.007486738847244456,-65.80824487707103,0.3665632609871172,-3.194805194805195,-1.9883628664081046,0.2799162904629726,0.1238002666115463,0.13490798151006628,-3.1959173264142993,-2.3546393562191494,-8.257468207831192,1.0079300989644746,0.3503081820618788,Communication Equipment,Technology,OCC
2010Q1,2010,Q1,2010-03-17,2010-01-31,-90186.0,14079795.0,330423.0,-0.0154,4847178.0,0.3442648135,50326798.0,33256755.0,27702363.0,7632136.0,17070043.0,12306286.0,28090739.0,19747832.67,26335533.67,5.675319728643417,3.6296998638389044,0.1696121219553845,0.25667071246127293,-0.7975731251136088,5.675319728643417,-0.0027118099766498564,1.4025653548222827,-54.74195737143238,0.5937991445647659,0.0,0.7502358550743904,0.0,0.2797673517794635,1.802435124321684,-0.0017920075105910772,-13.119251921267878,0.3442648135146854,0.9189473684210526,-1.3847597165203243,0.11930812225359635,0.14163446129054302,0.08131082986610486,0.918592055806497,1.4052281089036056,0.23048056695935135,0.38239191664728905,0.3562241419376405,Communication Equipment,Technology,OCC
2009Q4,2009,Q4,2010-01-29,2009-10-31,-1107828.0,14207364.0,-815400.0,-0.19,4482687.0,0.3155185578,49833471.0,33243444.0,28513709.0,5089145.0,16590027.0,11038963.0,28281169.0,17496873.0,24315479.0,5.699894604024387,5.6028486120949585,0.21690000281136348,0.3251432071839488,-0.017440719760574066,5.699894604024387,-0.033324706068360424,1.2315354910312708,-3.9484633444902997,0.5263255215073385,0.0,0.8809411717386859,0.0,0.28509681775929274,3.1378392637663106,-0.022230600794393793,21.579418435570226,0.3155185578408493,-0.05555555555555561,-4.037790795345062,0.14532010742895407,0.10652817372036003,-0.216699770969597,0.0,-9.8061544985886,-10.497365614987318,0.34608799682083413,0.23681982349405073,Communication Equipment,Technology,OCC
2009Q3,2009,Q3,2009-09-11,2009-07-31,-1107828.0,15343024.0,-75457.0,-0.18,5722821.0,0.3729917258,50547168.0,34179438.0,28560747.0,5048383.0,16367730.0,12472739.0,29413625.0,21182903.400000002,29168586.400000002,5.566709098999149,5.657404955210411,0.21514683077793795,0.3181755943441785,0.0001098131937439707,5.566709098999149,-0.03241211865449631,1.3806211474348213,-4.780278030524594,0.6197557549073803,0.0,0.7712983491436805,0.0,0.30353874622609917,2.8215989159301107,-0.021916717470699842,-13.999755070911137,0.3729917257510645,-0.5,-4.236383017582742,0.3370967157150995,0.1806093368002853,0.1951715896550831,-0.49210060582225085,0.9294627608210165,-9.719021102342428,0.3749590502162268,0.18168576093446664,Communication Equipment,Technology,OCC
2009Q2,2009,Q2,2009-06-12,2009-04-30,-742462.0,14958377.0,-1069747.0,-0.12,4788284.0,0.3201071881,53176051.0,33943680.0,30791925.0,7508053.0,19232371.0,13014988.0,29402508.0,18087423.5,24434850.5,5.5361039122017575,4.101186419435239,0.20527695823068923,0.3215861686181345,-0.01461252091926943,5.5361039122017575,-0.02187335020834512,1.2091835564780857,-6.090353277339447,0.5328657205111526,0.0,0.7814139359944089,0.0,0.28129913219768804,2.101421633544675,-0.013962338045749204,-11.953956173158124,0.3201071880993506,-73.99999999999999,-10.369730918046317,0.15089075198182864,-0.08761525099172722,-0.304928242597591,-72.73008937437935,-13.080847892127522,-1.1491476962653362,0.356434428162694,0.03868147955809975,Communication Equipment,Technology,OCC
2009Q1,2009,Q1,2009-03-16,2009-01-31,-10070.0,18426366.0,88549.0,-0.0016,6888906.0,0.3738613463,54836985.0,34832204.0,31922634.0,8157928.0,20004781.0,13022260.0,30469937.0,17474290.5,24517271.5,5.6810192894526965,3.913081115695064,0.19973930003628027,0.3144532858156205,-0.000908750334342594,5.6810192894526965,-0.0002891002820263685,0.9483308048912086,-433.82051886792453,0.5016705374141699,0.0,0.8859798529594709,0.0,0.3360207713826717,2.0609431708639745,-0.0001836351870913399,12.933572031263878,0.37386134629041884,-1.02,-1.1642384278778013,0.16790622681512427,-0.05922129928117223,0.11211387659064401,-1.0209118132016464,-0.6813099012787337,0.9589403930305497,0.39748857416456473,0.06241384348177926,Communication Equipment,Technology,OCC
2008Q4,2008,Q4,2009-01-29,2008-10-31,481546.0,16414872.0,277853.0,0.08,6194425.0,0.3773666344,52147721.0,34731005.0,28522656.0,7480542.0,17416716.0,11698614.0,30516542.0,27628701.75,33844146.75,5.769916892674843,3.8129130215430913,0.16740549409628083,0.2513550932372962,0.004116721520477487,5.769916892674843,0.013865017726956072,1.6831506057433772,14.34375,0.7955053920841048,0.0,0.8736459720784018,0.0,0.31477640221324343,1.96724475312083,0.009234267399720114,-24.99134058655976,0.37736663435450485,-0.4666666666666666,7.114358600583091,0.44932124268675583,0.2007069682316059,0.07837455503128012,0.0,-0.7938404326595967,0.14285720135854904,0.3412623277403093,0.11000028260094487,Communication Equipment,Technology,OCC
2008Q3,2008,Q3,2008-09-15,2008-07-31,481546.0,13495302.0,1347757.0,0.15,5744224.0,0.425646199,40195678.0,33971513.0,22962737.0,5750782.0,6224165.0,8361820.0,30034996.0,38822051.19,43446319.19,5.801628823981776,3.9929764334659184,0.21718292698035843,0.25697457160651044,0.02015326106132718,5.801628823981776,0.01417499420764686,2.8767085901449256,20.154902745532098,1.1427825186944132,0.0,0.9269606377558952,0.0,0.3357401260901732,2.3108318138298407,0.011980044222664934,39.071837446797375,0.4256461989513091,0.07142857142857129,8.651548792054882,0.5676926199757897,0.5302441097005709,0.07720344586644923,-0.4517463313777215,0.003313466924140888,0.27601852655773773,0.20351349227660037,0.23466496907461337,Communication Equipment,Technology,OCC
2008Q2,2008,Q2,2008-06-13,2008-04-30,878327.0,12661543.0,1343306.0,0.14,5332534.0,0.4211598855,38781177.0,32975823.0,22115145.0,5322926.0,5805354.0,8053104.0,29156669.0,29490971.41,25423549.41,5.356018625973094,4.154697059474432,0.0,0.0,0.025654734687367484,5.356018625973094,0.026635483820979994,2.3291767369901124,8.394075159365475,0.8943210123974767,0.0,0.910084980896807,0.0,0.3264868160138616,2.4102260673922578,0.022648281149383373,49.239593757513425,0.42115988548947,0.07692307692307698,4.859452934649818,0.1505999958740431,0.16702447118468863,-0.01673358490287713,0.019001124196443175,0.14864904152835567,1.183446619594781,0.02778787693389198,0.06439773611201814,Communication Equipment,Technology,OCC
2008Q1,2008,Q1,2008-03-14,2008-01-31,861949.0,13399504.0,1169466.0,0.13,5423285.0,0.4047377425,37281240.0,31978474.0,20814779.0,4877578.0,5302766.0,7340370.0,28294720.0,25181226.11,22042348.11,5.194026616839747,4.2674415457835835,0.0,0.0,0.024415515889676696,5.194026616839747,0.026954037894366067,1.8792655392319,7.303571936970749,0.7874430190133525,0.0,1.086623562572459,0.0,0.359416800514146,2.541389804530035,0.023120180551934433,20.551640305043964,0.40473774253136535,0.44444444444444453,6.02157481720193,0.12435751990360656,0.004181090634615715,0.1535230161797402,0.6029729282394708,0.3924883221665105,2.4999997563661127,0.013860070760206894,0.04481862911042902,Communication Equipment,Technology,OCC
2007Q4,2007,Q4,2008-01-29,2007-10-31,537719.0,11693947.0,839839.0,0.09,4701497.0,0.4020453488,34785840.0,30918360.0,18460980.0,3377284.0,3867480.0,7270241.0,27681771.0,27184684.8,24752407.8,5.1749188572530365,5.466220785696436,0.0,0.0,0.01712948517706634,5.1749188572530365,0.01739157574981338,2.3246800075286815,12.638889829074293,0.8792408394235658,0.0,0.9617906751646885,0.0,0.33616974608058914,2.9772802642596834,0.015457985203174625,30.55516380949812,0.40204534876034587,0.21786197564276055,1.818181768146438,0.3809209023232849,0.27517053276495185,0.23767998890128222,0.0,7.293149927421027,0.43935256536701733,-0.07976069519715526,0.004613928865333624,Communication Equipment,Technology,OCC
2007Q3,2007,Q3,2007-09-14,2007-07-31,537719.0,11132925.0,101269.0,0.0739,3798637.0,0.3412074545,33624120.0,30759167.0,17361595.0,2791389.0,2864953.0,7081446.0,27683852.0,32745789.999999996,30857793.999999996,4.753019701769296,6.219697433786549,0.0,0.0,0.0021291340587001636,4.753019701769296,0.017481585245790302,2.941346501480967,15.224396943384926,1.0645863719261317,0.0,1.0357048546299725,0.0,0.33109937152258556,3.2725281213044832,0.015992061650981496,24.33822365355157,0.34120745446502154,4.694999999999999,4.803464409652165,0.1907698528585658,0.2564019676248784,0.1619380740083659,7.309031909140075,1.458249430972302,0.490405324587861,-0.07950257881430253,0.008038921759614752,Communication Equipment,Technology,OCC
2007Q2,2007,Q2,2007-06-14,2007-04-30,64715.0,9276329.0,-220991.0,-0.02,3269225.0,0.3524265903,33621152.0,30458461.0,17392005.0,3090498.0,3162691.0,8463333.0,27619137.0,38328710.0,36439325.0,4.1878813419496765,5.627573614349532,0.0,0.0,-0.004681998343818801,4.1878813419496765,0.002124696976646325,4.131883420693682,148.06733369388857,1.2583928649579503,0.0,0.7097799413068114,0.0,0.2759075298788096,2.5572697345217503,0.0019248299403899069,149.07456312643177,0.3524265903031253,-1.2,-0.8887752646775746,-0.15402703403429635,0.11143383632348772,-0.31154006038824866,1.4448989412897015,-1.2080757388872674,-0.3115079223703175,-0.3983182032458907,-0.3098108114210676,Communication Equipment,Technology,OCC
2007Q1,2007,Q1,2007-03-19,2007-01-31,-145460.0,12641226.0,1062070.0,0.1,4748606.0,0.3756444193,34791109.0,30434940.0,18747067.0,4305834.0,4356169.0,8614871.0,27764597.0,37746870.0,38182322.0,4.184647325725285,4.35387592740454,0.02847635584137315,0.03255219165866599,0.024216377666788826,4.184647325725285,-0.004779375283802104,2.9860133819298857,-64.875,1.2402478861466462,0.0,0.9161622965683409,0.0,0.3633464515316255,2.082776995118716,-0.004180953242967909,14.111839338247528,0.37564441929920406,4.0,0.9605613945710944,0.09926009734375967,0.13466613539341032,0.19416753279706597,-2.1366371294169126,2.472848496342632,-3.0,-0.32454164163782256,-0.30702099861350396,Communication Equipment,Technology,OCC
