Quarters,Year,Quarter,FillingDate,Date,NetIncome,Revenue,OperatingIncome,EPSDiluted,GrossProfit,GrossProfitRatio,TotalAssets,CommonStockEquity,CurrentAssets,CurrentLiability,TotalLiability,Inventory,RetainedEarnings,MarketCap,EnterpriseValue,bookValuePerShare,currentRatio,debtToAssets,debtToEquity,roic,shareholdersEquityPerShare,roe,priceToSalesRatio,peRatio,pbRatio,payoutRatio,inventoryTurnover,dividendYield,assetTurnover,quickRatio,returnOnAssets,priceToFreeCashFlowsRatio,grossProfitMargin,epsdilutedGrowth,fiveYNetIncomeGrowthPerShare,fiveYRevenueGrowthPerShare,fiveYShareholdersEquityGrowthPerShare,grossProfitGrowth,netIncomeGrowth,operatingIncomeGrowth,threeYNetIncomeGrowthPerShare,threeYRevenueGrowthPerShare,threeYShareholdersEquityGrowthPerShare,Industry,Sector,Symbol
2023Q1,2023,Q1,2023-05-22,2023-03-31,-80231.0,0.0,-78381.0,-0.0412,-78381.0,0.0,4464377.0,-4085620.0,4464377.0,4103409.0,4114977.0,0.0,-7965908.0,280652.11199999996,-4182986.8880000003,-2.0962937916533475,1.0879678335744742,0.0,0.0,0.019408366684551717,-2.0962937916533475,0.019637411212986036,0.0,-0.8745126945943588,-0.06869266157890357,0.0,0.0,0.0,0.0,1.0877879831135526,-0.01797137652129289,-2.6187318584318517,0.0,-2.0518518518518523,0.44257034521727445,0.0,-12.99688316542794,0.9348128200372755,-0.2840041609986397,-1.6155301989178492,0.44257034521727445,0.0,-12.99688316542794,,Technology,BRLIR
2022Q4,2022,Q4,2023-03-10,2022-12-31,-62485.0,0.0,127339.0,-0.0135,-1202399.0,0.0,6111545.0,2135052.0,6111545.0,3965850.0,3976493.0,0.0,-7800252.0,880882.18,-5229924.82,0.46051548006113596,1.5410429037911166,0.0,0.0,-0.029266266114361617,0.46051548006113596,-0.029266266114361617,0.0,-3.524374569896775,0.4125811361971512,0.0,0.0,0.0,0.0,1.5408568150585624,-0.010224092271266923,254.07619844245747,0.0,0.0,0.7407874385138646,0.0,17.17871233175031,0.0,0.0,0.0,0.7407874385138646,0.0,17.17871233175031,,Technology,BRLIR
2022Q2,2022,Q2,2022-08-18,2022-06-30,73502.0,0.0,-144590.0,0.0134,-144590.0,0.0,41692620.0,-3019078.0,41692620.0,3042929.0,3162025.0,0.0,-6899366.0,1143641.0304,1103907.0304,-0.5512074765099299,13.701476439312255,0.0,0.0,-0.09903684131243334,-0.5512074765099299,-0.02434584333362702,0.0,3.889829631846753,-0.37880473124576447,0.0,0.0,0.0,0.0,13.667557475051176,0.0017629498937701685,-5.3311378858013905,0.0,1.1815718157181572,4.841988381864284,0.0,-30.785382341075085,0.0,1.162869798556592,0.6918837942255115,4.841988381864284,0.0,-30.785382341075085,,Technology,BRLIR
2022Q1,2022,Q1,2022-05-16,2022-03-31,-451293.0,0.0,-469271.0,-0.0738,0.0,0.0,41806675.0,-915236.0,41806675.0,3064097.0,3239535.0,0.0,-4796524.0,1216089.0,1061834.0,-0.14976861397479954,13.644044232281159,0.0,0.0,0.5027189171257341,-0.14976861397479954,0.49308921414804485,0.0,-0.6736693234772089,-1.3287163092360879,0.0,0.0,0.0,0.0,0.05034272740060122,-0.010794759449298467,-1.7391383314646591,0.0,0.1448435689455388,0.0,0.0,0.0,0.0,0.14420542422507007,0.30055178293556867,0.0,0.0,0.0,,Technology,BRLIR
2021Q4,2021,Q4,2022-03-31,2021-12-31,-527338.0,0.0,-670916.0,-0.0863,0.0,0.0,47671090.0,-452006.0,47671090.0,1934930.0,2115409.0,0.0,-4332294.0,1015037.1,731634.1,-0.0739659630175094,24.63711348730962,0.0,0.0,1.3064540071614683,-0.0739659630175094,1.166661504493303,0.0,-0.4812080202830063,-2.2456274916704646,0.0,0.0,0.0,0.0,24.63711348730962,-0.011062008441594266,-4.562805280973123,0.0,-3.315,-0.6596682161662004,0.0,-3.919784507260607,0.0,-3.231873590613991,-4.3840832671273,-0.6596682161662004,0.0,-3.919784507260607,,Technology,BRLIR
2021Q3,2021,Q3,2021-11-19,2021-09-30,-124611.0,0.0,-124611.0,-0.02,0.0,0.0,47453121.0,-11521.0,47430866.0,1307525.0,1464642.0,0.0,-3891809.0,2261070.0,1756708.0,-0.0018852888234331534,36.2753033402803,0.0,0.0,10.815988195469144,-0.0018852888234331534,10.815988195469144,0.0,-4.536256831258878,-196.2564013540491,0.0,0.0,0.0,0.0,36.2753033402803,-0.002625981123559818,-18.44566813509545,0.0,-4.730659025787966,0.0,0.0,0.0,0.0,-4.837947997189037,-4.837947997189037,0.0,0.0,0.0,,Technology,BRLIR
2021Q2,2021,Q2,2021-10-13,2021-06-30,-21345.0,0.0,-21345.0,-0.00349,0.0,0.0,47113532.0,113090.0,46632277.0,815776.0,1000442.0,0.0,-3767198.0,2199960.0,1573018.0,0.018505972835869744,57.163090112972185,0.0,0.0,-0.18874347864532673,0.018505972835869744,-0.18874347864532673,0.0,-25.76669009135629,19.453178884074628,0.0,0.0,0.0,0.0,57.163090112972185,-0.0004530545491685913,-25.618165938864628,0.0,0.0,0.0,0.0,0.0,0.0,0.0,0.0,0.0,0.0,0.0,,Technology,BRLIR
2020Q4,2020,Q4,2021-10-13,2020-12-31,-317737.0,0.0,-148010.0,-0.09,0.0,0.0,46730470.0,154808.0,46715870.0,328028.0,575662.0,0.0,-3725480.0,2138850.0,1426033.0,0.025332678775977745,142.4142756106186,0.0,0.0,-0.9560875406955713,0.025332678775977745,-2.052458529274973,0.0,-1.682877662972836,13.816146452379721,,0.0,,0.0,142.4142756106186,-0.006799353826315036,0.0,0.0,0.0,0.0,0.0,0.0,0.0,0.0,0.0,0.0,0.0,0.0,,Technology,BRLIR
