Quarters,Year,Quarter,FillingDate,Date,NetIncome,Revenue,OperatingIncome,EPSDiluted,GrossProfit,GrossProfitRatio,TotalAssets,CommonStockEquity,CurrentAssets,CurrentLiability,TotalLiability,Inventory,RetainedEarnings,MarketCap,EnterpriseValue,bookValuePerShare,currentRatio,debtToAssets,debtToEquity,roic,shareholdersEquityPerShare,roe,priceToSalesRatio,peRatio,pbRatio,payoutRatio,inventoryTurnover,dividendYield,assetTurnover,quickRatio,returnOnAssets,priceToFreeCashFlowsRatio,grossProfitMargin,epsdilutedGrowth,fiveYNetIncomeGrowthPerShare,fiveYRevenueGrowthPerShare,fiveYShareholdersEquityGrowthPerShare,grossProfitGrowth,netIncomeGrowth,operatingIncomeGrowth,threeYNetIncomeGrowthPerShare,threeYRevenueGrowthPerShare,threeYShareholdersEquityGrowthPerShare,Industry,Sector,Symbol
2023Q1,2023,Q1,2023-05-12,2023-03-31,-18668678.0,1412259.0,-18559202.0,-0.0506,671279.0,0.4753228692,402366189.0,372970132.0,16476792.0,18948734.0,29396057.0,459619.0,-226165006.0,150355219.3916,152338537.3916,1.0110897807096224,0.869545796568784,0.07305797008704426,0.0788161154952751,-0.04877801638372734,1.0110897807096224,-0.05005408315108728,106.46433790940614,-2.0134690227074463,0.40312938353894784,0.0,1.6121613771406318,0.0,0.003509884872558216,0.6387288459482307,-0.04639723344150072,-8.734508586452948,0.4753228692470715,-0.09287257019438441,-0.6432586002194653,-0.5053999010599504,3.212114446267497,-0.12013720679060891,-0.2274268792647804,0.32440268859976984,0.27070756371405075,2.601180862902431,4.611044137400777,Electronic Components,Technology,MMAT
2022Q4,2022,Q4,2023-03-23,2022-12-31,-15209605.0,1445733.0,-27470805.0,-0.0463,762936.0,0.5277156985,408917982.0,378564153.0,22604676.0,19674554.0,30353829.0,468027.0,-207496328.0,390737037.88,388542291.88,1.1529271566222787,1.1489295259247045,0.07422962632149545,0.08018146662713731,-0.05374304128681585,1.1529271566222787,-0.040177087237311664,270.269156116655,-6.422537565571229,1.0321554082274662,0.0,1.4588837823458902,0.0,0.0035355084971538378,0.8749775471403316,-0.037194757064999896,-18.30951047812017,0.527715698541847,0.31508875739644965,-1.5772492054987866,-0.47961772146073905,3.490608582011317,-0.5663367214579584,0.3785738041422952,-0.23872944804248153,0.4762612361751629,1.7549934714294968,5.090885390550599,Electronic Components,Technology,MMAT
2022Q3,2022,Q3,2022-11-09,2022-09-30,-24475320.0,2456012.0,-22176598.0,-0.0676,1759282.0,0.7163165327,482654354.0,388825954.0,112676454.0,87554441.0,93828400.0,274090.0,-192286723.0,235143382.0731,211457744.0731,1.073332043267709,1.286930196950261,0.19440081545395113,0.24131208072596924,-0.05418975247119986,1.073332043267709,-0.06294672397306071,95.74195161631947,-2.4018417539903463,0.6047522796616093,0.0,2.5419752635995474,0.0,0.005088552459220123,0.3860429192849281,-0.05070982950254293,-10.443015352357433,0.7163165326553779,0.028735632183908073,-3.0064778356386244,21.310751870789744,5.324670313752119,-0.2806855574672415,-0.16644913885962942,-0.12904074548077685,-2.990736395174845,6.0454294474031105,3.0040614634680716,Electronic Components,Technology,MMAT
2022Q2,2022,Q2,2022-08-09,2022-06-30,-20982758.0,3323727.0,-19641982.0,-0.0696,2445776.0,0.7358534561,508375179.0,415125132.0,133153904.0,86497931.0,93250047.0,294852.0,-167811403.0,310533319.8,264466094.8,1.376917898006512,1.539388312074193,0.18342761576878638,0.22463117699171248,-0.050131271908973846,1.376917898006512,-0.05054562198850442,93.42924969469514,-3.699862999420763,0.7480475063119041,0.0,2.977598930989106,0.0,0.006537941145234394,0.6542625857721382,-0.04127415905960271,-17.7623194379404,0.7358534560750627,-0.18367346938775506,-2.9332823555052143,48.389503281489226,6.521439386322611,0.11374996983127829,-0.2518371188573482,-0.12826238988848046,-4.6508071092702385,2.362689495402113,4.344084654310743,Electronic Components,Technology,MMAT
2022Q1,2022,Q1,2022-05-10,2022-03-31,-16761572.0,2974695.0,-17409055.0,-0.0588,2195983.0,0.7382212294,414277971.0,321737682.0,108993199.0,84667416.0,92540289.0,366959.0,-146828645.0,476324863.22999996,454318834.22999996,1.1280157103211226,1.287309854832466,0.22337728645484747,0.2876265174310543,-0.0459037362677125,1.1280157103211226,-0.05209701237295543,160.1256139637845,-7.104418118270767,1.4804758344408038,0.0,2.1220681329521827,0.0,0.007180432483097201,0.38153615081390935,-0.04045972311668003,-23.244277047267158,0.7382212294033506,0.5476923076923078,-2.190309965257816,45.176972765457975,5.682888999401368,0.24805941172525658,0.4323920221172968,-0.01593891010390042,-0.9324508270687966,1.374554995859971,3.408667018037355,Electronic Components,Technology,MMAT
2021Q4,2021,Q4,2022-03-02,2021-12-31,-29530191.0,2289282.0,-17135927.0,-0.13,1759518.0,0.7685894529,434024451.0,334708115.0,131379332.0,91638890.0,99316336.0,265718.0,-128394104.0,572930059.08,533883439.08000004,1.4371421953705323,1.4336635024714943,0.2288265920760303,0.29672521086021475,-0.051185619724320584,1.4371421953705323,-0.08822669566885165,250.26626648879432,-4.850375494354235,1.711730410480188,0.0,1.9937076148397925,0.0,0.005274546156847739,0.5606078270917512,-0.06803808156881927,-22.398200226824123,0.7685894529376459,-2.1862745098039214,-5.199370306764071,32.9682847041975,10.536408662155852,3.115744931685649,-1.5846433267794275,-0.5172876879495446,-4.96273255325961,0.7871095532379957,4.643354519359257,Electronic Components,Technology,MMAT
2021Q3,2021,Q3,2021-11-15,2021-09-30,-11425248.0,572612.0,-11293789.0,-0.0408,427509.0,0.7465945527,454708728.0,360533107.0,218936187.0,87377479.0,94175621.0,358964.0,-98863913.0,1618866943.0800002,1484055742.0800002,1.2872468409882283,2.505636343662421,0.20711197124854835,0.26121213051316255,-0.0673132709837268,1.2872468409882283,-0.0316898719650731,2827.1620976856934,-35.42301539275121,4.490203289652398,0.0,0.40422716484104254,0.0,0.001259294059558936,1.616465393788713,-0.0251265201137727,-124.03014042836898,0.7465945526813969,-0.5572519083969466,-0.3246093106315004,0.6952233981054169,5.2551312358101,-0.3144653583787407,-1.2050533514828927,-1.0933364892752961,-1.762603576333169,0.11347978556175475,3.649233613399303,Electronic Components,Technology,MMAT
2021Q2,2021,Q2,2021-08-13,2021-06-30,-5181393.0,624320.0,-5395114.0,-0.0262,623614.0,0.9988691697,460891579.0,367914349.0,230511386.0,87254339.0,92977230.0,368293.0,-86736755.0,1482354468.56,1333233820.56,1.8589875312933364,2.641832929362974,0.20173341027782155,0.2527143348790672,-0.03648352366006923,1.8589875312933364,-0.014083150097524465,2374.35044297796,-71.5229702012567,4.02907489906027,0.0,0.0019169519920280863,0.0,0.001354591900669116,1.7799385770374125,-0.01124210820089642,-301.06435297102,0.9988691696565863,-0.6903225806451614,0.8444281296693612,-0.2186244113662318,11.486007205107878,51.121684616621124,-1.5765140782562386,-2.1098876774961868,0.03325729308724955,-0.2348148592425118,5.334635081335624,Electronic Components,Technology,MMAT
2021Q1,2021,Q1,2021-05-14,2021-03-31,-2011009.0,2471.0,-1734826.0,-0.0155,-12442.0,-5.0352084176,56014724.0,55303071.0,23536347.0,689716.0,711653.0,0.0,-113991285.0,474369075.42,461214495.42,0.426691473681731,34.12469335204635,0.012704748844250309,0.012868236557785372,-0.05828991680139965,0.426691473681731,-0.03636342365146413,191974.53477134765,-58.97152566447988,8.577626284442685,0.0,0.0,0.0,4.4113401326408395e-05,34.04598994368697,-0.035901435486855204,-115.24593039702674,-5.035208417644678,0.8807692307692307,0.7768740914771255,-0.9977321794602911,2.2483307582732786,0.9340539872476779,0.8413509892877291,0.8496992470519904,0.4962031906750999,-0.9975370157040772,0.7775605635461866,Electronic Components,Technology,MMAT
2020Q4,2020,Q4,2021-03-18,2020-12-31,-12675837.0,273325.0,-11542364.0,-0.13,-188669.481,1.001,32396904.0,12643418.0,521574.0,2897083.0,19753486.0,463382.0,-37396843.0,137539276.0,138861992.0,0.1286962220158844,0.1800341930141456,0.6097337572750778,1.5623533130044422,-0.3679711879488242,0.1286962220158844,-1.0025641009416915,503.20781487240464,-2.7126271030465285,10.87833021102363,0.0,0.0004067508017143523,0.0,0.008436762969696117,0.21895817275514717,-0.39126692476540353,24.87358801316061,-0.6902752437574317,-42.333333333333336,0.7034890511086724,-0.5199802040536741,-0.12051165089428757,-3.832722361680328,-13.883944601330366,-17.370404559510945,-2.6079071803073455,-0.6711841974344016,-0.49873298088484225,Electronic Components,Technology,MMAT
2020Q3,2020,Q3,2020-11-09,2020-09-30,-851645.0,61722.0,-628313.0,-0.003,-39040.0,-0.6325135284,35973118.0,15713135.0,2003787.0,18263153.0,20259983.0,0.0,-107031765.0,147736906.20000002,165163216.20000002,0.0553066285883818,0.10971747320958215,0.5631978579115661,1.2893660622148286,-0.017457738971382468,0.0553066285883818,-0.05419955979503772,2393.5858559346752,-43.368101204140224,9.40212797764418,0.0,0.0,0.0,0.0017157812119594415,0.032892732158570866,-0.023674483818722634,-153.6138654649584,-0.6325135284015424,0.53125,0.9809171384923356,-0.9883175082936839,-0.8322350553022417,-1.1867871086274209,0.5312237682751697,0.7444325853710918,0.8222422838939342,-0.28507710256934493,-0.6741025350163641,Electronic Components,Technology,MMAT
2020Q2,2020,Q2,2020-08-10,2020-06-30,-1816741.0,210344.0,-2458502.0,-0.0064,209008.0,0.9936484996,34246575.0,16008469.0,1497660.0,16246609.0,18238106.0,0.0,-106146816.0,205979340.375,221695258.375,0.05634613648082472,0.09218292875762567,0.5325527005255271,1.1392785906010126,-0.07405530876241376,0.05634613648082472,-0.11348624281310099,979.2498971922184,-28.34462099647115,12.866898163403384,0.0,0.0,0.0,0.006142044861420449,0.033558325925120744,-0.05304883773048838,-60.96104978797633,0.9936484996006542,0.9077809798270893,0.9974289832838197,-0.9688088032316385,-0.721032220625187,11.469156425247585,0.6710896360541496,-0.6630973971549118,0.6386143574525456,2.316841867939259,-0.6922081913470922,Electronic Components,Technology,MMAT
2020Q1,2020,Q1,2020-06-05,2020-03-31,-5523514.0,84620.0,-1478267.0,-0.0694,16762.0,0.198085559,34391275.0,14342801.0,437940.0,3681985.0,20048474.0,0.0,-102847564.0,62084407.32,77862902.32,0.18019636915171247,0.11894127759890386,0.5829523331135587,1.3978074436088181,-0.06950698765542514,0.18019636915171247,-0.38510706520992655,733.6847946112031,-2.8100049769041955,4.328611079523449,0.0,0.0,0.0,0.002460507788676052,0.10219188834283681,-0.1606080030472845,-24.498679785367656,0.19808555896951074,0.2149321266968326,0.4240144465909454,-0.9669537556088266,-0.8030230440636883,-0.5114259064941121,0.21537539295054187,0.6871125727760484,-2.767319348317452,3.7071157650889783,0.06756698698214708,Electronic Components,Technology,MMAT
2019Q4,2019,Q4,2020-03-16,2019-12-31,-7039690.0,127209.0,-4724597.0,-0.0884,34308.0,0.2696978987,40924135.0,15066396.0,735744.0,13962486.0,25857739.0,0.0,-99153701.0,120984998.88,143744329.88,0.18928728463860608,0.05269434110802331,0.6318457066960609,1.7162524468359919,-0.14059693841659995,0.18928728463860608,-0.4672444558074804,951.0726354267387,-4.296531483630671,8.030122059714879,0.0,0.0,0.0,0.0031084102327391893,0.04581834495662162,-0.17201805242798657,-56.515925864333745,0.2696978987335802,-4.230769230769232,0.44466277795459025,-0.9767822132142824,-0.8180304126709432,1.7464427135459728,-4.624386303696679,-4.120171185445119,-3.324276167956033,4.522945101234522,0.5194707087267467,Electronic Components,Technology,MMAT
2019Q3,2019,Q3,2019-11-08,2019-09-30,-1251637.0,71142.0,-922742.0,-0.0169,-45962.0,-0.6460599927,43536996.0,19817897.0,1213231.0,23019581.0,23719099.0,0.0,-93134450.0,174476206.56,194640986.56,0.26806083099884653,0.05270430421822187,0.5448032978664857,1.1968524712788648,-0.022233911742929945,0.26806083099884653,-0.06315690307604283,2452.506347305389,-34.84960227286346,8.803971811943518,0.0,0.0,0.0,0.0016340585372495613,0.04536159889269922,-0.028748813997180697,-69.55871299230962,-0.6460599926906749,-0.37398373983739824,0.8903267310468324,-0.9910217210938296,-0.7755424882273156,-1.3725329680572553,-0.40533260576173824,-0.348935461046821,0.45025704853044235,-0.20209410740974468,0.30259063272654085,Electronic Components,Technology,MMAT
2019Q2,2019,Q2,2019-08-09,2019-06-30,-890634.0,237075.0,-684052.0,-0.0123,123377.0,0.5204133713,41420376.0,18631717.0,1011085.0,22767697.0,22788659.0,0.0,-91882813.0,190907104.08,210611074.08,0.2576527108147206,0.044408751574654216,0.550179916280818,1.2231110530500222,-0.017167136940307928,0.2576527108147206,-0.04780203563632917,805.2603778551093,-53.58741752504395,10.246350568764006,0.0,0.0,0.0,0.005723632252879597,0.0383071682656353,-0.021502315671880913,-113.139186886062,0.5204133712960034,0.5953947368421052,0.9355581276637704,-0.9693417224490068,-0.7671531958444325,-0.3265998962967006,0.586171423314303,0.3453853654988808,0.926812671364957,-0.18793566549585375,0.7305407107330119,Electronic Components,Technology,MMAT
2019Q1,2019,Q1,2019-05-10,2019-03-31,-2152181.0,310837.0,-1044969.0,-0.0304,183215.0,0.5894246824,41055750.0,18107860.0,2019378.0,2936052.0,22947890.0,0.0,-90992179.0,217976660.44,236372171.44,0.2558632134624881,0.6877868648102963,0.558944605810392,1.2672889010628534,-0.03645175703574734,0.2558632134624881,-0.11885341503634334,701.2571233154354,-25.320437783810934,12.037682003284761,0.0,0.0,0.0,0.007571095400766031,0.6769781325398869,-0.0524209398196355,-83.97489592161915,0.5894246823898056,-0.4272300469483568,0.9366928241338423,-0.898642455553723,-0.6863067462857331,0.02512239474052315,-0.4300956661512465,0.22550427097037187,0.5626886126136791,-0.47755009627817263,0.9478438109611257,Electronic Components,Technology,MMAT
2018Q4,2018,Q4,2019-03-18,2018-12-31,-1504921.0,389261.0,-1349225.0,-0.0213,178725.0,0.4591392408,38097881.0,18022776.0,1521982.0,2198672.0,20075105.0,0.0,-89314305.0,79872876.2898,96894793.2898,0.2546609805285996,0.6922278539045388,0.5269349494792112,1.113874188970667,-0.037799031939644304,0.2546609805285996,-0.08350106554062482,205.19105764461378,-13.26861614161142,4.43177434429635,0.0,0.0,0.0,0.010217392405630119,0.5978972761739814,-0.03950143578851538,-24.12350484349432,0.459139240766478,-0.4391891891891891,0.9177238133264138,-0.7960440198476194,-0.5641281092061522,4.333240082806467,-0.4542884918671532,-0.48738524019084745,0.951132827468632,-0.051013344813207004,0.7403103357540382,Electronic Components,Technology,MMAT
2018Q3,2018,Q3,2018-11-09,2018-09-30,-1034816.0,128675.0,-907112.0,-0.0148,-53619.0,-0.4167009909,35790243.0,19403490.0,1376802.0,1644057.0,16386753.0,0.0,-87809091.0,135956856.76,149811565.76,0.2768729102530628,0.8374417675299579,0.4578553154836082,0.8445260620640926,-0.02703486796281133,0.2768729102530628,-0.0533314367673032,1056.5910764328735,-32.84565970182138,7.006824893872185,0.0,0.0,0.0,0.0035952536002619483,0.676831764348803,-0.02891335496101549,-58.23164479074713,-0.41670099086846707,0.4538745387453874,0.9436055864734121,-0.9440230935106517,-0.3936253685465941,-1.5424937776968373,0.4438673729105042,0.058584709650235274,0.9059986039669845,-0.901263906786196,-0.16014463975715804,Electronic Components,Technology,MMAT
2018Q2,2018,Q2,2018-08-09,2018-06-30,-1860736.0,283263.0,-963562.0,-0.0271,98838.0,0.3489266159,36389099.0,20163887.0,3658234.0,1611546.0,16225212.0,0.0,-86774015.0,186890955.20000002,198353614.20000002,0.2934640286968794,2.270015252434619,0.445881114011644,0.8046668779685187,-0.04062370589043127,0.2934640286968794,-0.09228062029905246,659.7789164133685,-25.109816115773544,9.268597627034907,0.0,0.0,0.0,0.007784281770757776,2.088577676343089,-0.05113443451842542,-51.60085105490056,0.34892661590112367,0.12012987012987018,0.8703837172464469,-0.6667188978273257,-0.015118676429809505,-0.6081915159299297,0.028049528973300215,0.3705138523771944,0.9891116287589137,-0.8263167099842791,0.4529302899022224,Electronic Components,Technology,MMAT
2018Q1,2018,Q1,2018-05-10,2018-03-31,-1914435.0,481164.0,-1530712.0,-0.0308,252261.0,0.5242723895,31950588.0,14921307.0,1933144.0,2294646.0,17029281.0,0.0,-85282236.0,161618345.20000002,175181588.20000002,0.24004328315570453,0.8424584881502419,0.5329880313939762,1.1412727450752136,-0.05685387237057446,0.24004328315570453,-0.12830209846898802,335.8903517303872,-21.105227547553195,10.831379932066273,0.0,0.0,0.0,0.015059628949551726,0.8346673081599515,-0.059918615582286,-39.89763695049774,0.5242723894555702,-1.3840399002493766,0.49236146157902955,-0.5395396182685985,-0.017932742166212743,-0.3454498749338343,-1.3838012144929221,-2.1448312134429335,0.7443726097309951,-0.7593904587821049,-0.7376029526479532,Electronic Components,Technology,MMAT
2017Q4,2017,Q4,2018-03-16,2017-12-31,4988090.0,525951.0,-486739.0,0.0802,385396.0,0.7327602761,28767308.0,15959305.0,3165951.0,2279448.0,12808003.0,0.0,-83507693.0,166591217.36,176058778.36,0.2567418503676153,1.3889112627267655,0.4452277216901908,0.8025414013956121,-0.04248044565543943,0.2567418503676153,0.31255057786037677,316.7428474515687,8.349449256128098,10.43850075927492,0.0,0.0,0.0,0.018282941177533887,0.7856257304400013,0.17339439616664862,-60.5135998808553,0.7327602761473978,5.745562130177515,2.39660003560787,-0.7629796454789469,0.17773395930312644,213.4663327768503,5.912796481130199,0.45082781045994985,1.5038579999926798,-0.8770810351281632,-0.7531835873144287,Electronic Components,Technology,MMAT
2017Q3,2017,Q3,2017-11-14,2017-09-30,-1015326.0,18296.0,-886314.0,-0.0169,1797.0,0.0982181898,22262796.0,10217796.0,1054849.0,4852594.0,12045000.0,0.0,-85714269.0,150522365.0,157320048.0,0.16970561152158353,0.21737837535965301,0.5410371635260908,1.1788256488972768,-0.049079809344889355,0.16970561152158353,-0.09936839608072034,8227.06411237429,-37.0625702976187,14.731392660413261,0.0,0.0,0.0,0.0008218195055104489,0.2066331945347169,-0.045606400921070295,-133.59186692854473,0.09821818976825536,0.04519774011299447,0.5558079079486836,-0.9843515649648039,-0.02466981887847634,0.3541823662396383,0.037193186085412895,0.0896818199091853,0.8907576370207374,-0.9971647826591022,-0.8578990479360249,Electronic Components,Technology,MMAT
2017Q2,2017,Q2,2017-08-08,2017-06-30,-1054548.0,13303.0,-973631.0,-0.0177,1327.0,0.0997519357,19535760.0,10910307.0,3899554.0,1520365.0,8625453.0,0.0,-84698798.0,197864539.95999998,203496847.95999998,0.18306574410615783,2.5648801439128106,0.4415212410471873,0.7905783952733869,-0.059495271099412474,0.18306574410615783,-0.09665612525843681,14873.678114710965,-46.90742857603447,18.135561167985465,0.0,0.0,0.0,0.0006809563590052294,1.3680945036224854,-0.053980392879519404,-56.758299401335016,0.09975193565361197,0.038043478260869526,0.7990879685708576,-0.9867461092263907,-0.0570638752167809,-0.849084499033322,0.001537628340838424,0.03517591425468325,0.9074186500182039,-0.9979126279671153,-0.8345591888760194,Electronic Components,Technology,MMAT
2017Q1,2017,Q1,2017-05-12,2017-03-31,-1056172.0,12950.0,-1009128.0,-0.0184,8793.0,0.678996139,14846147.0,9678108.0,1073797.0,5160947.0,5168039.0,0.0,-83644068.0,160545299.6,163929249.6,0.16879162745665335,0.20806200877474618,0.3481064144117662,0.533992697746295,-0.07037126382613826,0.16879162745665335,-0.10913000764198953,12397.320432432432,-38.00169375821363,16.588500520969593,0.0,0.0,0.0,0.0008722801949893127,0.14461086308384877,-0.0711411519770079,-98.52668957814245,0.678996138996139,0.10243902439024395,0.2159576816933187,-0.8623238168700359,-0.20820394873049197,1.5284890010818608,0.09937725598675891,-0.22203304035709356,0.9616532544817914,-0.9947878986187453,-0.7930581966040743,Electronic Components,Technology,MMAT
2016Q4,2016,Q4,2017-03-31,2016-12-31,-1172713.0,16592.0,-825778.0,-0.0205,-16638.0,-1.0027724204,12433648.0,7142803.0,2990446.0,5283794.0,5290845.0,0.0,-82587785.0,135316752.51999998,137025374.51999998,0.12457448738661173,0.5659656678515476,0.42552636201378713,0.7407239146872733,-0.11169242846536909,0.12457448738661173,-0.16418106449246886,8155.5419792671155,-28.846945612438848,18.944488952026255,0.0,0.0,0.0,0.0013344434392866841,0.45048501133844354,-0.09431769340743762,-50.59828051459521,-1.0027724204435873,0.3344155844155844,0.22541674896242245,0.0,-0.4364631853646464,-0.06490015360983103,-0.3395407437698396,-0.0059949540541166125,0.9208643987436308,-0.9892696471504403,-0.7867811658889815,Electronic Components,Technology,MMAT
2016Q3,2016,Q3,2016-11-10,2016-09-30,-875459.0,34284.0,-820857.0,-0.0308,-15624.0,-0.4557227861,11483380.0,5850146.0,1879301.0,5631523.0,5633234.0,0.0,-81564381.0,61972324.96,65319462.96,0.20579054099118632,0.33371096948374357,0.49055539396937137,0.9629219510077185,-0.07825619077850099,0.20579054099118632,-0.1496473763218901,1807.6165254929413,-17.69709516950537,10.593295442541093,-0.11018677059690973,0.0,0.0015565657745172966,0.0029855321342670887,0.15613911192407454,-0.07623704867382251,-32.000531322114036,-0.45572278613930695,0.8188235294117647,-1.323165266751552,0.0,-0.1005985787356989,0.5390606561246165,0.8003958981089048,0.791151578619559,0.8823838793496863,-0.9632324837517999,-0.549301651302496,Electronic Components,Technology,MMAT
2016Q2,2016,Q2,2016-08-15,2016-06-30,-4385977.0,105220.0,-3930396.0,-0.17,-33896.0,-0.3221440791,10535663.0,3880378.0,1139770.0,6653615.0,6655285.0,0.0,-80688892.0,28669084.400000002,31971688.400000002,0.14888566863335195,0.17130086426701877,0.6316911427406134,1.715112548313592,-0.5031733223354901,0.14888566863335195,-1.1302963268011519,272.46801368561114,-1.6341333071286057,7.388219498203527,-0.025497169729800224,0.0,0.0039007175269259726,0.009987031665686345,0.1487023219708384,-0.41629814848861435,-15.691607321816301,-0.3221440790724197,-1.4460431654676258,-1.9096599356672512,1.3156843878196878,-0.3059237474202092,-1.3838079601426712,-1.728754981901528,-1.6468346911865919,0.1945485017129078,-0.6736246297075739,-0.500331556697505,Electronic Components,Technology,MMAT
2016Q1,2016,Q1,2016-05-16,2016-03-31,-1607318.0,194313.0,-1484942.0,-0.0695,88315.0,0.4544986697,10767130.0,3036175.0,1419024.0,4363158.0,7730955.0,0.0,-76510758.0,32826349.418399997,36268366.4184,0.1313571509289738,0.32522865319110605,0.7180144569629976,2.5462810938104687,-0.21046757801033897,0.1313571509289738,-0.529389116240006,168.93542592827035,-5.105764605759408,10.8117448494899,-0.06994882157731078,0.0,0.0034249924829283683,0.01804687042879579,0.3049190517510482,-0.14928007742081686,-48.02839216243975,0.45449866967212693,0.8420454545454545,-0.5293397990296053,0.0,-0.2115384110516293,9.422181956894908,0.8401945760620261,0.5545676002314539,-0.14619892257210396,-0.4999133885414758,-0.4625904323846499,Electronic Components,Technology,MMAT
2015Q4,2015,Q4,2016-03-30,2015-12-31,-10057969.0,133966.0,-3333709.0,-0.44,-10486.0,-0.0782735918,9188046.0,3382274.0,2006959.0,2485100.0,5805772.0,0.0,-74903439.0,49001451.04,51601181.04,0.1463307866974545,0.8075968773892399,0.6318832099882826,1.7165291753417966,-0.8194518287484345,0.1463307866974545,-2.9737298042677796,365.7752791006673,-1.2179757921305983,14.48772365574167,0.0,0.0,0.0,0.014580466837018448,0.7919934811476399,-1.0946798699092277,-27.869508043811845,-0.07827359180687637,-1.7500000000000002,-5.492687752113036,0.0,0.008044067058892875,-1.043444935636365,-1.973423870595059,-0.00362619458199264,-6.573424299061586,-0.8376399499471116,-0.32874700194622936,Electronic Components,Technology,MMAT
2015Q3,2015,Q3,2015-11-12,2015-09-30,-3382622.0,400445.0,-3321664.0,-0.16,241363.0,0.6027369551,17203505.0,7099046.0,2796191.0,5935336.0,10104459.0,0.0,-68106920.0,72354125.75999999,75045803.75999999,0.3296673729307458,0.4711091335014564,0.5873488571078975,1.423354490166707,-0.3690427371831058,0.3296673729307458,-0.47648965790614684,180.684303112787,-5.347488262064162,10.192091410592353,0.0,0.0,0.0,0.023276942692782663,0.4694243089186526,-0.19662400191123844,-27.265200381201158,0.6027369551374097,0.9357429718875502,-549.4921033643357,0.0,2713.845582319229,0.05401911848833807,0.9365321501989375,0.5940601646092446,-3.1376693827445634,-0.04237684931808663,0.8946606165082979,Electronic Components,Technology,MMAT
2015Q2,2015,Q2,2015-08-14,2015-06-30,-53296622.0,508639.0,-8182651.0,-2.49,228993.0,0.450207318,16837864.0,4328200.0,1194867.0,8404558.0,12509664.0,0.0,-64724298.0,96000885.12,100794778.12,0.20198080440365007,0.14216892786033483,0.7429483929790619,2.8902693960537866,-1.4739095651034393,0.20198080440365007,-12.313807587449748,188.74070828229847,-0.4503141170935749,22.18032556721039,0.0,0.0,0.0,0.03020804776662883,0.14097909729458705,-3.1652840289005777,-34.89168779350999,0.45020731796028224,-19.75,-5202.433234023855,0.0,1241.5237166592503,-0.36454555293164354,-23.069645620875892,-8.94458238386048,-27.24047121770718,0.40940599866923777,0.04036392999081451,Electronic Components,Technology,MMAT
2015Q1,2015,Q1,2015-05-15,2015-03-31,-2214267.0,591258.0,-822825.0,-0.12,360361.0,0.6094818167,36733739.0,16812979.0,1051051.0,19883702.0,19920760.0,0.0,-33864828.0,11762348.16,24736826.16,0.914809391256788,0.05285992517892292,0.5423014520792452,1.184844161168583,-0.026747704417459817,0.914809391256788,-0.13169986116083296,19.89376576722852,-1.3280182742189628,0.6995992893347455,0.0,0.0,0.0,0.016095775058455115,0.05219883098227885,-0.06027883521467826,-24.96889734227732,0.6094818167365177,0.25000000000000006,-775.7375489361547,0.0,1314.165279759724,-0.6458692227639145,0.24350316245194314,-0.17477787978167042,-4.128145624789202,18.610631829056615,3.2913411913597574,Electronic Components,Technology,MMAT
2014Q4,2014,Q4,2015-04-15,2014-12-31,-2927001.0,1265095.0,-700409.0,-0.16,1017593.0,0.8043609373,36150364.0,19117746.0,1179577.0,13052625.0,17032618.0,0.0,-31650561.0,30508590.54,42519985.54,1.0402138479124903,0.09037086409821779,0.471160345716021,0.8909323306209843,-0.025782253405960836,1.0402138479124903,-0.1531038753208668,24.11565182061426,-2.605789213942872,1.5958257076958757,0.0,0.0,0.0,0.03499535993607146,0.08652213635188324,-0.08096740049422463,-25.836389530147233,0.8043609373209126,-0.06666666666666674,-1.3762718254152861,0.0,6.165829020168371,-0.3325801634061733,-0.04003807667995229,0.547612465687066,-5.031491784798487,0.0,3.705608754166055,Electronic Components,Technology,MMAT
2014Q3,2014,Q3,2014-11-14,2014-09-30,-2814321.0,1954020.0,-1548250.0,-0.15,1524667.0,0.7802719522,37235903.0,21773059.0,2809078.0,11547545.0,15462844.0,0.0,-29147897.0,131266144.8,141275527.8,1.1942609043546772,0.24326192277232953,0.41526706093309995,0.7101824323353002,-0.04787949152702939,1.1942609043546772,-0.12925703273940514,67.17748272791476,-11.660551941303071,6.028833376146181,0.0,0.0,0.0,0.05247677221632036,0.18601945261958278,-0.0755808446487789,-23.737126755856654,0.7802719521806327,0.21052631578947373,-539.9723207758315,0.0,9828.619244552168,0.2269480545608176,0.03975814491788378,-1.1995280586332453,-10.644986446432299,0.0,4.219481661127413,Electronic Components,Technology,MMAT
2014Q2,2014,Q2,2014-08-14,2014-06-30,-2930846.0,1639834.0,-703901.0,-0.19,1242650.0,0.7577901178,30846801.0,16968540.0,3320237.0,11241796.0,13878261.0,0.0,-26333562.0,126359312.32000001,134543434.32,1.1065331635068525,0.29534755834388027,0.44990924666710175,0.8178818566594416,-0.02786552549701262,1.1065331635068525,-0.17272234381979829,77.05616075773524,-10.778399165292207,7.446681465818509,0.0,0.0,0.0,0.05316058543639582,0.21854639596733474,-0.0950129642292567,-21.4685317320082,0.7577901177802143,0.6041666666666666,-398.8531144331898,0.0,6806.05130859656,1.4700646412925078,0.6124092168667847,0.8754667777715857,-2.304532134274679,60.33693251973031,4.15844404993358,Electronic Components,Technology,MMAT
2014Q1,2014,Q1,2014-05-15,2014-03-31,-7561702.0,682135.0,-5652315.0,-0.48,503084.0,0.7375138352,22199849.0,12839723.0,2686667.0,9335210.0,9360126.0,0.0,-23402711.0,159306499.88,163631418.88,0.8156478038113808,0.28779931035295403,0.42163016514211427,0.7289975025162148,-0.3448825455978686,0.8156478038113808,-0.5889303063625282,233.54101443262695,-5.266886339874277,12.40731594287509,0.0,0.0,0.0,0.03072701080083923,0.28203371964851354,-0.3406195240336995,-27.913694986375763,0.7375138352378928,-0.846153846153846,-3095.884038212677,0.0,1171.6067553933624,0.6491151008152415,-0.8586015942032548,-45.931319008895144,-9.564327031626046,0.0,3.8958656522864525,Electronic Components,Technology,MMAT
2013Q4,2013,Q4,2014-03-31,2013-12-31,-4068490.0,424520.0,125799.0,-0.26,305063.0,0.7186068972,16743321.0,9197219.0,2250556.0,2719009.0,7546102.0,0.0,-15840959.0,137579737.9102,141324639.9102,0.5842564889073,0.8277118611964874,0.4506932644963326,0.8204764940358602,0.010366787116986213,0.5842564889073,-0.4423608919174372,324.083053590408,-8.453980340998749,14.958841135586747,0.0,0.0,0.0,0.02535458765916272,0.8243488712247734,-0.24299181745365808,-26.830738808208217,0.7186068972015452,0.0,-2.856271242049023,0.0,3.024828271451566,-0.04052851243438413,-0.12125422038810897,1.040073189899055,-2.856271242049023,0.0,3.024828271451566,Electronic Components,Technology,MMAT
2013Q3,2013,Q3,2013-11-14,2013-09-30,-3628517.0,454556.0,-3139231.0,-0.26,317949.0,0.6994715723,13028612.0,6327628.0,1805509.0,1998874.0,6700984.0,0.0,-11772455.0,85919786.0,89392754.0,0.45660371640124897,0.9032630370898816,0.5143283106442958,1.059004100746757,-0.35291339318742165,0.45660371640124897,-0.5734403160236348,189.01914395586022,-5.919759091661966,13.57851409722569,0.0,0.0,0.0,0.03488905802091581,0.8664262980057773,-0.2785037270278676,-56.206537297107765,0.6994715722595236,-0.2380952380952382,-916.5913532109308,0.0,3758.4096699277757,3.120378409900862,-0.2622904454610287,-0.802463089259856,-916.5913532109308,0.0,3758.4096699277757,Electronic Components,Technology,MMAT
2013Q2,2013,Q2,2013-08-16,2013-06-30,-2874550.0,170186.0,-1741634.0,-0.21,77165.0,0.4534156746,11350060.0,4099539.0,1940874.0,2733438.0,7250521.0,0.0,-8388581.0,54757942.46,58477472.46,0.29796892445180456,0.7100486639901837,0.6388090459433695,1.7686186178494705,-0.25843729149888184,0.29796892445180456,-0.7011885970593279,321.7535076915845,-4.762305618270686,13.357097580971908,0.0,0.0,0.0,0.01499428196855347,0.6966684446473635,-0.25326297834548894,-10.925031924398173,0.4534156746148332,-2.459637561779242,-436.11261869763365,0.0,1832.0130754352263,-0.5213208108979926,-2.475061472883024,-2.560225841796268,-436.11261869763365,0.0,1832.0130754352263,Electronic Components,Technology,MMAT
2013Q1,2013,Q1,2013-05-15,2013-03-31,-827194.0,229204.0,-489192.0,-0.0607,161204.0,0.703321059,6165064.0,3332629.0,1464081.0,1124502.0,2832435.0,0.0,-6080490.0,54537928.0,54850620.0,0.24442652093420197,1.3019816772224504,0.45943318674388456,0.849910086001172,-0.18274378665898694,0.24442652093420197,-0.24821064690969202,237.94492242718277,-16.482810561972162,16.36483628990806,0.0,0.0,0.0,0.037177878445381916,1.2842991831050545,-0.1341744384162111,-211.67365156743037,0.7033210589693024,-0.05565217391304338,-390.1353798632136,0.0,350.3969979511188,-0.5893969225910143,-0.05590247638498851,0.17605327781876245,-390.1353798632136,0.0,350.3969979511188,Electronic Components,Technology,MMAT
2012Q4,2012,Q4,2013-04-16,2012-12-31,-783400.0,486722.0,-593718.0,-0.0575,392603.0,0.8066267808,4547050.0,2972269.0,164495.0,981531.0,1574781.0,0.0,-5422297.0,55083307.28,55651691.28,0.21799647394011742,0.16759022384417813,0.34633025807941414,0.529824521266413,-0.13707724802075824,0.21799647394011742,-0.2635696836322688,113.17201047004245,-17.57828289507276,18.532409845811397,0.0,0.0,0.0,0.10704126851475132,0.15908718114863413,-0.17228752707799563,-180.9920690278339,0.8066267807906772,-0.5131578947368423,0.14270117509228467,0.0,0.5017349195930796,1.9584196764300301,-0.45769177094478297,-0.4383365513432062,0.14270117509228467,0.0,0.5017349195930796,Electronic Components,Technology,MMAT
2012Q3,2012,Q3,2012-11-19,2012-09-30,-537425.0,274896.0,-412781.0,-0.038,132707.0,0.4827534777,4248105.0,2463138.0,188515.0,1772786.0,1784967.0,0.0,-4638903.0,58606332.66,59407810.66,0.17399811346598598,0.10633827207570457,0.4201795859565618,0.7246719428631283,-0.11833670038608575,0.17399811346598598,-0.2181871255284925,213.19456325301203,-27.262563455365864,23.793361419457618,0.0,0.0,0.0,0.06471026492989226,0.08520994637818666,-0.12650934946287815,102638.06070052538,0.48275347767883126,0.5686719636776391,-132.04400435183825,0.0,1432.8372159541575,30.664757814364112,0.59123127673055,0.6604154343682309,-132.04400435183825,0.0,1432.8372159541575,Electronic Components,Technology,MMAT
2012Q2,2012,Q2,2012-08-14,2012-06-30,-1314741.0,251412.0,-1215547.0,-0.0881,4191.0,0.0166698487,4399194.0,2898241.0,129409.0,1489043.0,1500953.0,0.0,-4163800.0,47471920.86,48232293.86,0.19414437446464852,0.08690749696281437,0.34118818128957257,0.5178841235080175,-0.30076511934827427,0.19414437446464852,-0.45363411807368675,188.82122118275976,-9.026857924868853,16.37956293489741,0.0,0.0,0.0,0.05714955966933943,0.05038269546279053,-0.29885951835722635,599.9535027677375,0.016669848694573053,-2.7489361702127657,-183.25447627662913,0.0,1193.3164125944088,-0.4552190302872741,-2.7909984256327744,-4.438299719035774,-183.25447627662913,0.0,1193.3164125944088,Electronic Components,Technology,MMAT
2012Q1,2012,Q1,2012-05-15,2012-03-31,-346806.0,24216.0,-223516.0,-0.0235,7693.0,0.317682524,4297409.0,3146796.0,144039.0,1139244.0,1150613.0,0.0,-2898655.0,33951491.4,34690802.4,0.21317563681458776,0.1264338456028735,0.2677457509862338,0.36564588235144574,-0.06496307945063634,0.21317563681458776,-0.11020924139982383,1402.0272299306243,-24.474411774882785,10.789225421666991,0.0,0.0,0.0,0.005635023336154413,0.06145917819185354,-0.08070118529560487,-41.86600925327638,0.3176825239511067,0.10984848484848485,-150.46557952282865,0.0,305.4695210923091,0.0,0.11024280612454333,0.41146546457986644,-150.46557952282865,0.0,305.4695210923091,Electronic Components,Technology,MMAT
2011Q4,2011,Q4,2012-03-30,2011-12-31,-389776.0,0.0,-379784.0,-0.0264,0.0,0.0,4181034.0,3263156.0,551822.0,906509.0,917878.0,0.0,-2613494.0,38379946.800000004,38449805.800000004,0.22105829495313423,0.6087330627715776,0.21953373256471964,0.2812853568753685,-0.1225285002724025,0.22105829495313423,-0.11944755322761155,0.0,-24.61666880464677,11.76160342931812,0.0,0.0,0.0,0.0,0.5907883981295277,-0.09322478602183096,-230.9318322943994,0.0,-0.9849624060150377,0.6060225380055495,0.0,0.5228272035630224,0.0,-1.0589624261120825,-1.0778544346389316,0.6060225380055495,0.0,0.5228272035630224,Electronic Components,Technology,MMAT
2011Q3,2011,Q3,2011-11-14,2011-09-30,-189307.0,0.0,-182777.0,-0.0133,0.0,0.0,3724593.0,3267564.0,80235.0,457029.0,457029.0,0.0,-2223706.0,97109378.8,97331181.8,0.22880833421622093,0.1755577873614147,0.12270575603831076,0.1398684157372281,-0.05288247342360729,0.22880833421622093,-0.05793520800204678,0.0,-128.24324879692773,29.719197175632978,0.0,0.0,0.0,0.0,0.12684315437313606,-0.05082622450291884,-154.65444011262724,0.0,0.7698961937716263,-45.45538432048329,0.0,1883.8726457158182,1.0,0.7637301056373186,0.7597536770988051,-45.45538432048329,0.0,1883.8726457158182,Electronic Components,Technology,MMAT
2011Q2,2011,Q2,2011-08-15,2011-06-30,-801232.0,24152.0,-760790.0,-0.0578,-1121.0,-0.0464143756,3523735.0,2971673.0,254231.0,552062.0,552062.0,0.0,-2034356.0,96973562.0,97017694.0,0.21450909475718752,0.4605116816589441,0.15666955659264956,0.18577481438906637,-0.257427544258085,0.21450909475718752,-0.26962320551420027,4015.13588936734,-30.257641357309744,32.63264901622756,0.0,0.0,0.0,0.006854090900706211,0.4268397390148208,-0.22738145745920166,-55.78624361878749,-0.04641437562106658,-0.2703296703296703,-120.00143021334387,0.0,1318.5939013207303,0.0,-0.3633559132265085,-0.38217644782524174,-120.00143021334387,0.0,1318.5939013207303,Electronic Components,Technology,MMAT
2011Q1,2011,Q1,2011-05-16,2011-03-31,-587691.0,0.0,-550429.0,-0.0455,0.0,0.0,2567739.0,2153265.0,924237.0,414474.0,414474.0,0.0,-1233069.0,95643623.60000001,94961171.60000001,0.16659930270563275,2.2299034438830905,0.16141593830214052,0.19248629406970344,-0.9513120918077899,0.16659930270563275,-0.2729301781248476,0.0,-40.68618695879297,44.417953015536874,0.0,0.0,0.0,0.0,2.167692062710809,-0.22887489733185498,-294.97968652656385,0.0,0.32089552238805974,-292.14541559927545,0.0,238.50958598010857,0.0,0.06715714285714286,0.1263031746031746,-292.14541559927545,0.0,238.50958598010857,Electronic Components,Technology,MMAT
2010Q4,2010,Q4,2011-04-15,2010-12-31,-630000.0,0.0,-630000.0,-0.067,0.0,0.0,1841233.0,1364533.0,279191.0,476700.0,476700.0,0.0,-645302.0,53580000.0,53486559.0,0.14516308510638298,0.5856744283616531,0.2589025940769039,0.34935029053896094,-0.6099326072876297,0.14516308510638298,-0.46169641921448584,0.0,-21.261904761904763,39.26618117700342,0.0,0.0,0.0,0.0,0.5835766729599329,-0.34216201860383777,-47.0,0.0,-222.33333333333337,0.0,0.0,0.0,0.0,-127.30957230142566,-70001.0,0.0,0.0,0.0,Electronic Components,Technology,MMAT
2010Q3,2010,Q3,2010-10-27,2010-09-30,-4910.0,0.0,9.0,-0.0003,0.0,0.0,1118.0,-2091.0,1118.0,3209.0,3209.0,0.0,-71388.0,8689494.6,8688521.6,-0.00012152087648457714,0.3483951386724836,2.870304114490161,-1.5346724055475849,,-0.00012152087648457714,2.348158775705404,0.0,-442.43862525458246,-4155.66456241033,0.0,0.0,0.0,0.0,0.3032097226550327,-4.391771019677996,-2238.9834063385724,0.0,0.4000000000000001,0.0,0.0,0.0,0.0,0.4076486910363132,1.001085776330076,0.0,0.0,0.0,Electronic Components,Technology,MMAT
2010Q2,2010,Q2,2010-08-04,2010-06-30,-8289.0,0.0,-8289.0,-0.0005,0.0,0.0,4854.0,2819.0,4854.0,2035.0,2035.0,0.0,-66478.0,8757518.1,8752664.1,0.00016255690068171254,2.385257985257985,0.419241862381541,0.7218871940404399,,0.00016255690068171254,-2.9404043987229516,0.0,-264.1307184220051,3106.604505143668,0.0,0.0,0.0,0.0,2.385257985257985,-1.707663782447466,-905.73152342538,0.0,-1.5,0.0,0.0,0.0,0.0,-2.07,-2.07,0.0,0.0,0.0,Electronic Components,Technology,MMAT
2010Q1,2010,Q1,2010-05-18,2010-03-31,-2700.0,0.0,-2700.0,-0.0002,0.0,0.0,15523.0,12108.0,15523.0,3415.0,3415.0,0.0,-58189.0,8790498.64,8774975.64,0.0006955851141568461,4.5455344070278185,0.21999613476776397,0.2820449289725801,,0.0006955851141568461,-0.22299306243805747,0.0,-813.9350592592592,726.007485959696,0.0,0.0,0.0,0.0,4.5455344070278185,-0.1739354506216582,0.0,0.0,0.0,0.0,0.0,0.0,0.0,0.0,0.0,0.0,0.0,0.0,Electronic Components,Technology,MMAT
