Quarters,Year,Quarter,FillingDate,Date,NetIncome,Revenue,OperatingIncome,EPSDiluted,GrossProfit,GrossProfitRatio,TotalAssets,CommonStockEquity,CurrentAssets,CurrentLiability,TotalLiability,Inventory,RetainedEarnings,MarketCap,EnterpriseValue,bookValuePerShare,currentRatio,debtToAssets,debtToEquity,roic,shareholdersEquityPerShare,roe,priceToSalesRatio,peRatio,pbRatio,payoutRatio,inventoryTurnover,dividendYield,assetTurnover,quickRatio,returnOnAssets,priceToFreeCashFlowsRatio,grossProfitMargin,epsdilutedGrowth,fiveYNetIncomeGrowthPerShare,fiveYRevenueGrowthPerShare,fiveYShareholdersEquityGrowthPerShare,grossProfitGrowth,netIncomeGrowth,operatingIncomeGrowth,threeYNetIncomeGrowthPerShare,threeYRevenueGrowthPerShare,threeYShareholdersEquityGrowthPerShare,Industry,Sector,Symbol
2024Q1,2024,Q1,2023-06-16,2023-05-07,-67401000.0,589307000.0,-71814000.0,-0.22,413347000.0,0.7014119975,2959253000.0,905807000.0,1867757000.0,1106196000.0,2053446000.0,51821000.0,-1604463000.0,6958383250.0,6863257250.0,2.961479485913628,1.6884503288748105,0.09568597210174325,0.3126041198621781,-0.058730040288184654,2.961479485913628,-0.0744098908487128,11.807739005306233,-25.809643959288437,7.681971159419169,0.0,3.3955346288184325,0.0,0.1991404587576662,1.4240568579166801,-0.022776356060127335,57.11879735353751,0.701411997481788,-2.0,0.23316948361067968,0.6844804941539911,0.04918201070884509,-0.2636121834898996,-1.9050637160773993,-2.111947231512449,0.36042959296965127,0.37992726072041466,0.028827876072790106,Computer Hardware,Technology,PSTG
2023Q4,2023,Q4,2023-04-03,2023-02-05,74471000.0,810207000.0,64584000.0,0.22,561317000.0,0.6928069,3545403000.0,941233000.0,2476800000.0,1751811000.0,2604170000.0,52095000.0,-1537062000.0,8941432300.0,9111264300.0,3.1000974922105042,1.4138511517509595,0.2117350270194954,0.797555971794444,0.031672362261331626,3.1000974922105042,0.07912068531383834,11.03598500136385,30.016490647366087,9.499701242944095,0.0,4.777617813609751,0.0,0.22852324545333774,1.252816085753543,0.021004946405246454,51.74529824013148,0.6928068999650706,85.61538461538461,5.501906739135021,0.7199149173715913,0.357383028481922,0.2036776137326171,95.62642947903431,6.071498959816052,14.67049398294415,0.4059527302175074,-0.03194356496808591,Computer Hardware,Technology,PSTG
2023Q3,2023,Q3,2022-12-15,2022-11-06,-787000.0,676050000.0,9133000.0,-0.0026,466335000.0,0.6897936543,3252367000.0,840508000.0,2208215000.0,1622709000.0,2411859000.0,61355000.0,-1611533000.0,9225159600.0,9181307600.0,2.7925338223958747,1.3608200854250516,0.231240508835565,0.8947910073431782,-0.0006423439286134574,2.7925338223958747,-0.0009363385000499697,13.645676503217217,-2930.482719186785,10.975695174822846,0.0,3.418058837910521,0.0,0.2078639956683855,1.171326467037528,-0.000241977611997662,80.37253528489283,0.6897936543155092,-1.0866666666666667,0.9866104907772819,0.7251946607054643,0.2972067460160998,0.05132696677848718,-1.0720563999267534,-0.3641300563949036,0.9777571239117142,0.3372020729224262,-0.08448181271212721,Computer Hardware,Technology,PSTG
2023Q2,2023,Q2,2022-09-15,2022-08-07,10922000.0,646772000.0,14363000.0,0.03,443568000.0,0.6858181863,3049859000.0,761358000.0,2021006000.0,1525307000.0,2288501000.0,52265000.0,-1610746000.0,8882603500.0,8987824500.0,2.5594016303891083,1.324983101762465,0.2484665684544761,0.9953110100635969,0.006159759098262444,2.5594016303891083,0.014345419631763244,13.733747750366435,203.31906930965025,11.666789473545954,0.0,3.887955610829427,0.0,0.21206619715862274,1.156792042519965,0.003581149161321884,66.19126874124414,0.6858181863160434,1.7692307692307694,1.124482024936769,1.0263151509148731,0.20206935978857207,0.040199237382335974,1.9468573905504984,4.144952923144296,1.139758544104173,0.37859312801960476,-0.12794779542027998,Computer Hardware,Technology,PSTG
2023Q1,2023,Q1,2022-06-16,2022-05-08,-11535000.0,620405000.0,-4567000.0,-0.039,426426000.0,0.6873348861,2828352000.0,727094000.0,1874611000.0,868809000.0,2101258000.0,41301000.0,-1621668000.0,7576539230.0,7822867230.0,2.45770222719483,2.157679075608103,0.24804727275812913,0.9648889964708827,-0.003146632722356319,2.45770222719483,-0.015864523706700922,12.212247209484127,-164.20761226701342,10.42030223052315,0.0,4.696714365269606,0.0,0.21935211741678545,1.8852187304689523,-0.00407834668386396,40.44660653847386,0.6873348860824784,-1.8280254777070064,0.8713640970400455,1.3629198388408705,0.08692164634786792,-0.10383453052955442,-1.7719333467175267,-1.1539317132360376,0.904663927328856,0.5747898128666122,-0.18954654692272815,Computer Hardware,Technology,PSTG
2022Q4,2022,Q4,2022-04-07,2022-02-06,14943000.0,708570000.0,29669000.0,0.0471,475834000.0,0.6715412733,3135315000.0,754336000.0,2192179000.0,952320000.0,2380979000.0,38942000.0,-1708271000.0,7706233950.0,8155390950.0,2.5890969998386826,2.3019352738575267,0.29195025061277735,1.213459254231536,0.012477313472315654,2.5890969998386826,0.019809474822890596,10.875755324103476,128.9271556916282,10.215916978640818,0.0,5.976477838837245,0.0,0.22599643098061917,2.0533182123655913,0.0047660282938077995,65.76912333256523,0.6715412732686961,1.471,1.240248163717616,1.1455866839165,0.08787207176717879,0.2695948686204615,1.5201002401587136,2.641166058192278,1.4770830366189929,0.3799578028841738,-0.15927165639031549,Computer Hardware,Technology,PSTG
2022Q3,2022,Q3,2021-12-07,2021-10-31,-28731000.0,562740000.0,-18078000.0,-0.1,374792000.0,0.6660127234602126,2855756000.0,724424000.0,1926626000.0,779798000.0,2131332000.0,44036000.0,-1723214000.0,7804593300.0,8312359300.0,2.520068739520354,2.470673174334892,0.31951539277165136,1.2595634600731063,-0.01126673518580416,2.520068739520354,-0.039660475080891856,13.868915129544728,-67.9109089485225,10.773515648294369,0.0,4.268053410845671,0.0,0.19705465032726885,2.2019176761161225,-0.010060733480031208,77.02306667456182,0.6660127234602126,0.375,0.7516863157021338,0.9461949504742402,0.032823877176565784,0.10224188079181948,0.36527118082403626,0.4671971706454465,0.16578909971296776,0.23515782533617624,-0.15604565405496454,Computer Hardware,Technology,PSTG
2022Q2,2022,Q2,2021-09-08,2021-08-01,-45265000.0,496831000.0,-33930000.0,-0.16,340027000.0,0.6843916744325536,2783684000.0,697444000.0,1859559000.0,754727000.0,2086240000.0,47169000.0,-1694483000.0,5689977240.0,6261562240.0,2.456385530287288,2.4638829669536135,0.32756483853770757,1.3073981566978854,-0.02122387667222195,2.456385530287288,-0.06490126805879755,11.45254068284789,-31.425920910195515,8.158328467948682,0.0,3.3243019779940215,0.0,0.17847966938776097,2.176942126093276,-0.01626082558221407,59.44273249618688,0.6843916744325536,0.4666666666666666,0.48403853372909295,1.066273409765853,-0.07905134216453259,0.2063427302335152,0.462449231646201,0.5544729965728692,0.3918301917956026,0.2993203718174988,-0.12569929446710854,Computer Hardware,Technology,PSTG
2022Q1,2022,Q1,2021-06-08,2021-05-02,-84206000.0,412707000.0,-76157000.0,-0.3,281866000.0,0.6829687889955828,2697938000.0,715473000.0,1784070000.0,670299000.0,1982465000.0,49287000.0,-1649218000.0,5491684290.0,6102130290.0,2.552243597746949,2.661603254666947,0.3377594296088346,1.273638557988911,-0.044669613626702215,2.552243597746949,-0.11769277107591761,13.306496594436247,-16.30431409281999,7.675599624304481,0.0,2.6546756751273155,0.0,0.15297126916926926,2.3298423539345876,-0.031211243549703515,-860.6306676069581,0.6829687889955828,-0.5789473684210525,0.10403654051395941,0.9912176188249414,-0.10771858860668253,-0.17306671126014722,-0.6102728854722429,-0.626625942459258,-0.045278223862418136,0.2871288928469178,-0.09580056777708228,Computer Hardware,Technology,PSTG
2021Q4,2021,Q4,2021-03-25,2021-01-31,-52293000.0,502718000.0,-46819000.0,-0.19,340857000.0,0.6780282384955383,2819440000.0,750006000.0,1908166000.0,760653000.0,2069434000.0,46733000.0,-1565012000.0,6487312440.0,7058571440.0,2.7330488555904977,2.508589330483151,0.32219376897539936,1.2111983104135167,-0.02745208410279993,2.7330488555904977,-0.0697234422124623,12.904476147661313,-31.01424875222305,8.649680722554221,0.0,3.4635268439860485,0.0,0.17830420225292967,2.2538713447524694,-0.018547300173084015,135.99950609001908,0.6780282384955383,0.3214285714285715,0.1939355252967723,1.284735881589758,-0.0910196806489107,0.23268454628303606,0.2954514833876748,0.2820713343760542,-2.4974967282812246,0.18070080333017977,0.19667015050718178,Computer Hardware,Technology,PSTG
2021Q3,2021,Q3,2020-12-09,2020-11-01,-74222000.0,410619000.0,-65214000.0,-0.28,276516000.0,0.6734125795445413,2652995000.0,735081000.0,1743306000.0,659459000.0,1917914000.0,43152000.0,-1512719000.0,4462407520.0,5102411520.0,2.7311810777873555,2.6435396286956427,0.28210456484086854,1.0181490203120473,-0.04213342542210821,2.7311810777873555,-0.10097118548840196,10.867513485737387,-15.030609253321115,6.070633739683109,0.0,3.1076890989988875,0.0,0.15477564036117672,2.3953164639499955,-0.02797668295643226,562.5828946041352,0.6734125795445413,-0.1200000000000001,0.63606247440929,-0.13400976181954763,-0.6512558916195211,0.006515582798861411,-0.14245693967706682,-0.01707762129789922,-0.4121514818897665,0.17180955848472093,0.26870675308692143,Computer Hardware,Technology,PSTG
2021Q2,2021,Q2,2020-09-11,2020-08-02,-64967000.0,403723000.0,-64119000.0,-0.25,274726000.0,0.6804814191908809,2321612000.0,746106000.0,1812384000.0,607211000.0,1575506000.0,36363000.0,-1438497000.0,4790213910.0,5064867910.0,2.817631486523741,2.9847680625021615,0.21154783831234505,0.6582603544268508,-0.048412333071866515,2.817631486523741,-0.08707475881443119,11.86510035346017,-18.433258077177644,6.420286004937636,0.0,3.5474795808926656,0.0,0.17389770555975761,2.733502851562307,-0.027983573482562977,186.30265673615432,0.6804814191908809,0.26470588235294124,0.2887718026927229,2.33264244080888,2.343773555105799,0.06970115837632629,0.2828774532529748,0.24460126530083293,0.16817605603147465,0.4209323628808741,0.32335169162597927,Computer Hardware,Technology,PSTG
2021Q1,2021,Q1,2020-06-11,2020-04-30,-90594000.0,367119000.0,-84881000.0,-0.34,256825000.0,0.6995688046655172,2254861000.0,756858000.0,1757867000.0,563387000.0,1498003000.0,39266000.0,-1373530000.0,3786264000.0,4849187000.0,2.878498488219522,3.120176716892651,0.2146220986570791,0.6394105631439451,-0.06372560658997149,2.878498488219522,-0.11969748618631236,10.313451496653673,-10.44844029405921,5.002608151066647,0.0,2.8088931900371823,0.0,0.16281225317214676,2.881262790941218,-0.040177199392778536,334.44607366840387,0.6995688046655172,-16.0,-0.09028865938863889,1.9297050073556155,2.3238435734426175,-0.2624422044168749,-18.47839174371103,-121.30691642651297,-0.13672898425968483,0.5732344896995079,0.2730192784161845,Computer Hardware,Technology,PSTG
2020Q4,2020,Q4,2020-03-27,2020-01-31,-4651000.0,492004000.0,-694000.0,-0.02,348210000.0,0.7077381484703377,2364204000.0,830118000.0,1890392000.0,614741000.0,1534086000.0,38518000.0,-1282936000.0,4614080400.0,5664970400.0,3.202393352313497,3.0751031735316174,0.20176219987784472,0.5746255351648801,-0.0013976291340492193,3.202393352313497,-0.0056028179126341076,9.378135950114226,-248.01550204257148,5.558342789820243,0.0,3.733163715665403,0.0,0.20810556111063175,2.8594090844762268,-0.0019672583245777435,82.07624739847377,0.7077381484703377,0.8333333333333333,0.9414531097825347,3.480190866457038,2.660154123059228,0.1582368163705187,0.8448735908211593,0.9754423213021939,0.9159534332375572,0.6744928422365123,0.3455634497323922,Computer Hardware,Technology,PSTG
2020Q3,2020,Q3,2019-12-09,2019-10-31,-29982000.0,428409000.0,-28260000.0,-0.12,300638000.0,0.7017546316720704,2192779000.0,777950000.0,1722180000.0,520295000.0,1414829000.0,39851000.0,-1278285000.0,4963214620.0,6065851620.0,3.0502221159237317,3.3100068230523068,0.21434627018956312,0.6041699338003728,-0.02181900363061822,3.0502221159237317,-0.03853975191207661,11.585224913575578,-41.38495280501635,6.379863255993316,0.0,3.206218162655893,0.0,0.1953726298911108,3.08177091842128,-0.013673060531863904,114.67686275415896,0.7017546316720704,0.5384615384615385,0.5476859444670823,4.307856712049919,0.0,0.12044991223133658,0.5458511315095883,0.5645944072105384,0.7079409052657714,0.6699265301549456,0.25010170659775854,Computer Hardware,Technology,PSTG
2020Q2,2020,Q2,2019-08-30,2019-07-31,-66018000.0,396327000.0,-64905000.0,-0.26,268319000.0,0.6770141827329452,2115974000.0,737539000.0,1649945000.0,514553000.0,1378435000.0,35820000.0,-1248303000.0,3804651720.0,4912352720.0,2.9349179062308495,3.20655986846836,0.2188675286180265,0.6279234047284279,-0.049456164297760334,2.9349179062308495,-0.08951119872982988,9.599779273175939,-14.40763019176588,5.158576997284212,0.0,3.573646007816862,0.0,0.18730239596516782,2.9833195025585315,-0.03119981625483111,349.56373759647187,0.6770141827329452,0.3658536585365853,0.3732403020285267,6.051535618988889,0.0,0.23999593321225396,0.3420307765906554,0.3337883888980128,0.14976126470258097,0.8623295768523733,0.10036013210208938,Computer Hardware,Technology,PSTG
2020Q1,2020,Q1,2019-06-07,2019-04-30,-100336000.0,326700000.0,-97424000.0,-0.41,216387000.0,0.6623415977961432,2069189000.0,743976000.0,1607031000.0,479960000.0,1325213000.0,45936000.0,-1182285000.0,5608335240.0,6656419240.0,3.0325026290689427,3.3482602716893073,0.22052987909755947,0.6133504306590535,-0.07421819877682455,3.0325026290689427,-0.13486456552361903,17.166621487603305,-13.97388584356562,7.538328171876512,0.0,2.4014498432601883,0.0,0.15788794547042342,3.0794087007250606,-0.04849049555163883,-317.6807091877195,0.6623415977961432,-2.727272727272727,-1.1155938243951675,7.397664635939469,0.0,-0.22910550916293784,-2.8957872257814015,-2.903205128205128,-0.21988089620592954,0.8011065775082593,0.060183176993069465,Computer Hardware,Technology,PSTG
2019Q4,2019,Q4,2019-03-26,2019-01-31,-25755000.0,422216000.0,-24960000.0,-0.11,280696000.0,0.6648161130795611,1973025000.0,737780000.0,1701827000.0,509816000.0,1235245000.0,44687000.0,-1081949000.0,4290716610.0,5042036610.0,3.0795880970568223,3.338120027617807,0.22798900165988772,0.6097047900458131,-0.021603358885322818,3.0795880970568223,-0.03490878039523977,10.162373311290903,-41.64935556202679,5.815712827672206,0.0,3.1669165529124803,0.0,0.21399424741196893,3.0917056349741867,-0.013053559889002926,83.55012384383215,0.6648161130795611,0.0833333333333333,0.649207777049897,3.1600014264931624,2.596490597558707,0.12675016056518948,0.08605393896380412,0.08292611235624793,0.5452519194355571,1.1980084143168728,0.024235247828277566,Computer Hardware,Technology,PSTG
2019Q3,2019,Q3,2018-12-06,2018-10-31,-28180000.0,372779000.0,-27217000.0,-0.12,249120000.0,0.6682779877621862,1811366000.0,702328000.0,1568804000.0,431395000.0,1109038000.0,50737000.0,-1056194000.0,4746436900.0,5520027900.0,2.9860249569524457,3.636583641442298,0.2446838463347551,0.6310612705174791,-0.022239136797165177,2.9860249569524457,-0.04012370288526159,12.732575869348864,-42.1082052874379,6.758148471939037,0.0,2.437254863314741,0.0,0.2057999322058601,3.359589239560032,-0.01555731972445105,166.6878630377524,0.6682779877621862,0.5384615384615385,0.5390072002247025,4.008246696084498,0.0,0.20835253316518323,0.5312941802637926,0.5069919936238815,0.8418849073636471,-0.10037079162601022,-0.6187149143337333,Computer Hardware,Technology,PSTG
2019Q2,2019,Q2,2018-09-04,2018-07-31,-60123000.0,308884000.0,-55206000.0,-0.26,206165000.0,0.6674512114580231,1646229000.0,644394000.0,1450336000.0,359861000.0,1001835000.0,41673000.0,-1028014000.0,4967915940.0,5770350940.0,2.8095431179940618,4.030267242074023,0.2652650390680762,0.6776708038870629,-0.05182845965285918,2.8095431179940618,-0.09330161360906526,16.08343565869388,-20.657302280325332,7.709438542258308,0.0,2.4648813380366184,0.0,0.1876312469285865,3.7488669236177303,-0.03652165039007331,-415.6208433029365,0.6674512114580231,0.10344827586206887,0.3746076164860293,5.021416974826024,0.0,0.23960556774794817,0.0650192834038318,0.107767398260982,0.24009841452058595,1.943751839743128,2.339916082691072,Computer Hardware,Technology,PSTG
2019Q1,2019,Q1,2018-06-08,2018-04-30,-64304000.0,255945000.0,-61874000.0,-0.29,166315000.0,0.6498075758463733,1576059000.0,631620000.0,1388197000.0,320023000.0,944439000.0,38540000.0,-967891000.0,4526826640.0,4584756640.0,2.822655607593579,4.337803845348615,0.272992952674995,0.6811896393401096,-0.05959494458644856,2.822655607593579,-0.10180804914347234,17.686716442985798,-17.599319793480966,7.167009657705583,0.0,2.3256357031655424,0.0,0.16239557021659723,4.043093777634732,-0.04080050302685369,-1223.4666594594594,0.6498075758463733,-4.8,-0.48652855323037486,6.212997834543442,0.0,-0.24515499478055644,-4.413706011112982,-2.918556048131729,0.09065126287731477,1.4000158028244496,2.298161003539687,Computer Hardware,Technology,PSTG
2018Q4,2018,Q4,2018-03-26,2018-01-31,-11878000.0,338253000.0,-15790000.0,-0.05,220330000.0,0.6513763366474207,1079407000.0,497906000.0,944833000.0,380844000.0,581501000.0,34497000.0,-980082000.0,4390701260.0,4146644260.0,2.283878188515153,2.480892438898867,0.0,0.0,-0.03506001451278251,2.283878188515153,-0.023855908544986402,12.980524222992848,-92.41246969186732,8.818333701542059,0.0,3.4183552192944315,0.0,0.3133692851723215,2.2065386352417264,-0.011004190263728139,114.6666647515082,0.6513763366474207,0.7500000000000001,0.8222164614205828,2.6623535949190873,2.1839862796646523,0.21183620713362483,0.7148070782011573,0.6224023722409546,0.8222164614205828,2.6623535949190873,2.1839862796646523,Computer Hardware,Technology,PSTG
2018Q3,2018,Q3,2017-12-08,2017-10-31,-41649000.0,277674000.0,-41817000.0,-0.2,181815000.0,0.65477862529441,962556000.0,459121000.0,835299000.0,326143000.0,503435000.0,37208000.0,-968204000.0,3504091820.0,3322052820.0,2.152728415090447,2.5611434248167213,0.0,0.0,-0.09325240158613962,2.152728415090447,-0.09071464820820656,12.619445176718022,-21.033469110903024,7.632175003974987,0.0,2.5763007955278434,0.0,0.2884756834927007,2.3099744590563036,-0.04326917083265805,250.3459184110881,0.65477862529441,0.3103448275862068,0.24860834532019743,3.114131094763528,0.0,0.228396729950679,0.32498662906597947,0.3480965297914133,0.24860834532019743,3.114131094763528,0.0,Computer Hardware,Technology,PSTG
2018Q2,2018,Q2,2017-09-05,2017-07-31,-61701000.0,224461000.0,-64146000.0,-0.29,148010000.0,0.6594018560017108,890132000.0,445406000.0,769275000.0,283392000.0,444726000.0,33660000.0,-926555000.0,2524959510.0,2353065510.0,2.1291630217072273,2.714526168699187,0.0,0.0,-0.1459590660904083,2.1291630217072273,-0.13852754565497546,11.248989846788529,-10.230626367481888,5.668894244801373,0.0,2.271271538918598,0.0,0.25216597088971077,2.4398042287714543,-0.06931668561516718,-144.10224346535784,0.6594018560017108,0.03333333333333337,0.2963239235852845,3.7974761191192155,0.0,0.24291460577916243,0.010789752140314874,-0.011686775490891886,0.2963239235852845,3.7974761191192155,0.0,Computer Hardware,Technology,PSTG
2018Q1,2018,Q1,2017-06-07,2017-04-30,-62374000.0,182631000.0,-63405000.0,-0.3,119083000.0,0.6520415482585104,872875000.0,465308000.0,752633000.0,251868000.0,407567000.0,39478000.0,-864854000.0,2197762440.0,2029005440.0,2.261158599106826,2.9882041386758145,0.0,0.0,-0.13840363167910394,2.261158599106826,-0.13404884506606377,12.03389588843077,-8.808808317568216,4.723242325513423,0.0,1.6097066720705202,0.0,0.20922927108692538,2.652615655819715,-0.07145811255907203,-81.18812116734392,0.6520415482585104,-0.42857142857142855,-0.5679324507711495,4.5967013790171505,0.0,-0.1993343642842735,-0.45343120121169755,-0.492057889163431,-0.5679324507711495,4.5967013790171505,0.0,Computer Hardware,Technology,PSTG
2017Q4,2017,Q4,2017-03-29,2017-01-31,-42915000.0,227860000.0,-42495000.0,-0.21,148730000.0,0.6527253576757658,899745000.0,478430000.0,780081000.0,273125000.0,421315000.0,23498000.0,-802480000.0,2285642880.0,2101967880.0,2.379964581343521,2.8561318077803204,0.0,0.0,-0.09076762260928974,2.379964581343521,-0.08969964258094183,10.030908803651364,-13.314941628801117,4.777382020358255,0.0,3.367520640054473,0.0,0.2532495318117911,2.6201885583524027,-0.047696847440108034,90.1740987099065,0.6527253576757658,0.47500000000000003,0.3033993835471278,1.6755509211213682,2.233798468135711,0.16528511211746086,0.45548323246164973,0.4564466615502686,0.3033993835471278,1.6755509211213682,2.233798468135711,Computer Hardware,Technology,PSTG
2017Q3,2017,Q3,2016-12-13,2016-10-31,-78813000.0,196956000.0,-78180000.0,-0.4,127634000.0,0.6480330632222425,854136000.0,477765000.0,734450000.0,231597000.0,376371000.0,20112000.0,-759565000.0,2416258380.0,2263797380.0,2.4399791631555563,3.171241423679927,0.0,0.0,-0.16455772108494326,2.4399791631555563,-0.1649618536309692,12.268011027843782,-7.664529899889612,5.057420237983108,0.0,3.4467979315831343,0.0,0.23059091292253225,2.94167886457942,-0.09227219084548596,-36.71734587505888,0.6480330632222425,-0.29032258064516137,-0.5487073119380846,2.178497147151393,0.0,0.1999398309626106,-0.32347607052896726,-0.31436929439653,-0.5487073119380846,2.178497147151393,0.0,Computer Hardware,Technology,PSTG
2017Q2,2017,Q2,2016-09-06,2016-07-31,-59550000.0,163214000.0,-59481000.0,-0.31,106367000.0,0.6517026725648535,862204000.0,514056000.0,746292000.0,216063000.0,348148000.0,22630000.0,-680752000.0,2443816400.0,2237998400.0,2.6672339542364965,3.4540481248524735,0.0,0.0,-0.11591551499848923,2.6672339542364965,-0.1158434100564919,14.973080740622741,-10.259514693534845,4.753988670495044,0.0,2.5120194432169685,0.0,0.1892985882691335,3.18752400920102,-0.06906718131671855,-71.75244135177192,0.6517026725648535,0.08823529411764713,0.26284269117399284,2.7864058578219444,0.0,0.14358362361845783,0.06159882758946721,0.06749129903113536,0.26284269117399284,2.7864058578219444,0.0,Computer Hardware,Technology,PSTG
2017Q1,2017,Q1,2016-06-03,2016-04-30,-63459000.0,139947000.0,-63786000.0,-0.34,93012000.0,0.664623035863577,861475000.0,541417000.0,761429000.0,188781000.0,320058000.0,21980000.0,-618794000.0,2754067650.0,2467971650.0,2.860357242858577,4.033398488195316,0.0,0.0,-0.11961314053010304,2.860357242858577,-0.11720910130269274,19.67936182983558,-10.84979140074694,5.086777197612931,0.0,2.1353503184713376,0.0,0.1624504483589193,3.730031094230881,-0.0736631939406251,-156.3389901226158,0.664623035863577,-0.4166666666666668,-0.7342626079112166,3.662502897278415,0.0,-0.052493251158763306,-0.43267711202420195,-0.48571029278177624,-0.7342626079112166,3.662502897278415,0.0,Computer Hardware,Technology,PSTG
2016Q4,2016,Q4,2016-03-25,2016-01-31,-44294000.0,150231000.0,-42933000.0,-0.24,98165000.0,0.6534270556676052,870783000.0,563354000.0,788070000.0,184532000.0,307429000.0,20649000.0,-555335000.0,2435745000.0,1831003000.0,3.006719504710058,4.270641406368543,0.0,0.0,-0.07726320345982157,3.006719504710058,-0.07862551788040913,16.213331469536914,-13.747601255249018,4.323649073229266,0.0,2.5214780376773693,0.0,0.1725240387099886,3.961730214813691,-0.05086686350101001,75.76189735614308,0.6534270556676052,0.6842105263157895,0.22860098163648693,0.8926230670441108,2.5587147590788377,0.22231076689370075,0.21604927346418648,0.22753198150380538,0.22860098163648693,0.8926230670441108,2.5587147590788377,Computer Hardware,Technology,PSTG
2016Q3,2016,Q3,2015-10-31,2015-10-31,-56501000.0,131364000.0,-55579000.0,-0.76,80311000.0,0.6113623214883834,818028000.0,583954000.0,738622000.0,142763000.0,234074000.0,25549000.0,-511041000.0,1314580950.0,741273950.0,7.831475893515725,5.173763510153191,0.0,0.0,-0.09645913288427672,7.831475893515725,-0.09675590885583453,10.007162921348314,-5.816626918107644,2.2511720957472674,0.0,1.9982386786175583,0.0,0.1605861902037583,4.8011949874967605,-0.0690697628932017,-100.7496129675046,0.6113623214883834,-1.203160375580866,-1.9155521594357188,4.567012108395765,0.0,0.6216909314863801,0.1149176809687172,0.12348404800580359,-1.9155521594357188,4.567012108395765,0.0,Computer Hardware,Technology,PSTG
2016Q2,2016,Q2,2015-07-31,2015-07-31,-63837000.0,84661000.0,-63409000.0,-0.344959,49523000.0,0.5849564734647594,336563000.0,-388028000.0,258694000.0,111140000.0,724591000.0,23739000.0,-454540000.0,3145964988.0,3017682988.0,-2.0968052807840087,2.327640813388519,0.0,0.0,0.16355950714479867,-2.0968052807840087,0.1645164781922954,37.15955384415492,-12.320304008647023,-8.10757210304411,0.0,1.4801802940309197,0.0,0.25154577300535114,1.8744916321756344,-0.18967325582431818,-69.21206028072336,0.5849564734647594,-0.09158713482861626,0.17700871341199123,1.0454906876088623,0.0,0.11435386242433788,-0.29961319218241045,-0.3139038541234977,0.17700871341199123,1.0454906876088623,0.0,Computer Hardware,Technology,PSTG
2016Q1,2016,Q1,2015-04-30,2015-04-30,-49120000.0,74077000.0,-48260000.0,-0.316016,44441000.0,0.5999298027727905,345418000.0,-337970000.0,273541000.0,85004000.0,683388000.0,23075000.0,-390703000.0,2642395000.0,2469169000.0,-2.1743494065043265,3.217977977506941,0.0,0.0,0.14325160762340658,-2.1743494065043265,0.14533834363996803,35.67092349852181,-13.448671620521171,-7.818430629937569,0.0,1.2843336944745396,0.0,0.21445610825145187,2.6844383793703828,-0.14220451742526447,-126.67889160554198,0.5999298027727905,-0.03117344305657603,-0.6347177848775295,2.005395975332684,0.0,0.2231580106239507,-0.031174556523564607,-0.04842388824922335,-0.6347177848775295,2.005395975332684,0.0,Computer Hardware,Technology,PSTG
2015Q4,2015,Q4,2015-01-31,2015-01-31,-47635000.0,65850000.0,-46031000.0,-0.30646250844404416,36333000.0,0.551753986332574,361819000.0,-299830000.0,293970000.0,75437000.0,661649000.0,21605000.0,-341583000.0,2642395000.0,2449688000.0,-1.9289735259111527,3.8968940970611237,0.0,0.0,0.1565102877734099,-1.9289735259111527,0.1588733615715572,40.12748671222475,-13.867927994121969,-8.812977353833839,0.0,1.3662115251099283,0.0,0.1819970758860093,3.337075970677519,-0.1316542249025065,-58.274413373323924,0.551753986332574,-0.1791736250040175,0.0,0.0,0.0,0.26657603011922193,-0.17917172067232714,-0.15609302792847096,0.0,0.0,0.0,Computer Hardware,Technology,PSTG
2015Q3,2015,Q3,2014-10-31,2014-10-31,-40397000.0,49189000.0,-39816000.0,-0.259896,28686000.0,0.5831791660737157,,,,,,,,2642395000.0,,,0.0,0.0,0.0,0.0,,0.0,53.71922584317632,-16.352668514988736,0.0,0.0,0.0,0.0,0.0,0.0,0.0,-66.92148917310371,0.5831791660737157,0.37994912188608004,0.0,0.0,0.0,0.5242295430393199,0.3799481205200227,0.3860103626943005,0.0,0.0,0.0,Computer Hardware,Technology,PSTG
2015Q2,2015,Q2,2014-07-31,2014-07-31,-65151000.0,34764000.0,-64848000.0,-0.4191527004857336,18820000.0,0.5413646300770912,,,,,,,,2642395000.0,,,0.0,0.0,0.0,0.0,,0.0,76.00952134391899,-10.139502847231816,0.0,0.0,0.0,0.0,0.0,0.0,0.0,-36.54764868603043,0.5413646300770912,-1.1682256020491508,0.0,0.0,0.0,0.44104134762633995,-1.1682308306709266,-1.1770571054486856,0.0,0.0,0.0,Computer Hardware,Technology,PSTG
2015Q1,2015,Q1,2014-04-30,2014-04-30,-30048000.0,24648000.0,-29787000.0,-0.193316,13060000.0,0.529860434923726,,,,,,,,2642395000.0,,,0.0,0.0,0.0,0.0,,0.0,107.20524991885752,-21.984782681043665,0.0,0.0,0.0,0.0,0.0,0.0,0.0,-69.6870879265784,0.529860434923726,0.0,0.0,0.0,0.0,0.0,0.0,0.0,0.0,0.0,0.0,Computer Hardware,Technology,PSTG
