Quarters,Year,Quarter,FillingDate,Date,NetIncome,Revenue,OperatingIncome,EPSDiluted,GrossProfit,GrossProfitRatio,TotalAssets,CommonStockEquity,CurrentAssets,CurrentLiability,TotalLiability,Inventory,RetainedEarnings,MarketCap,EnterpriseValue,bookValuePerShare,currentRatio,debtToAssets,debtToEquity,roic,shareholdersEquityPerShare,roe,priceToSalesRatio,peRatio,pbRatio,payoutRatio,inventoryTurnover,dividendYield,assetTurnover,quickRatio,returnOnAssets,priceToFreeCashFlowsRatio,grossProfitMargin,epsdilutedGrowth,fiveYNetIncomeGrowthPerShare,fiveYRevenueGrowthPerShare,fiveYShareholdersEquityGrowthPerShare,grossProfitGrowth,netIncomeGrowth,operatingIncomeGrowth,threeYNetIncomeGrowthPerShare,threeYRevenueGrowthPerShare,threeYShareholdersEquityGrowthPerShare,Industry,Sector,Symbol
2023Q1,2023,Q1,2023-04-28,2023-03-31,30052000.0,159814000.0,40090000.0,0.46,83397000.0,0.5218378865,1137193000.0,507768000.0,368497000.0,183233000.0,626052000.0,19015000.0,507563000.0,2192680057.5,2440706057.5,7.815627246384075,2.0110842479247735,0.37081480452306687,0.8304737596697704,0.03875286743712609,7.815627246384075,0.05918450946101369,13.72020009198193,18.24071657044456,4.3182714497565815,0.10811260481831492,4.018774651590849,0.0014817483238773882,0.140533752845823,1.6456533484688893,0.026426472903016463,53.23201809861377,0.5218378865431064,0.0454545454545455,0.45486990991200527,0.6152342860458206,2.2274964447415795,-0.01200094775500533,0.04681621847568622,-0.019564685742235265,0.49972820535866896,0.4526761260417616,1.1727552967069015,Software—Infrastructure,Technology,EVTC
2022Q4,2022,Q4,2023-02-24,2022-12-31,28708000.0,161787000.0,40890000.0,0.44,84410000.0,0.5217353681,1131743000.0,471511000.0,389129000.0,208410000.0,656995000.0,18428000.0,487349000.0,2109027230.8200002,2358770230.82,7.239131840921709,1.8671320953888968,0.39494125433070937,0.9479566754540191,0.03608965426616492,7.239131840921709,0.06088511190619095,13.035826307552524,18.366197843980775,4.472912044088049,0.11348752960847151,4.198882135880182,0.001544788019988378,0.14295383315823468,1.5753034883162995,0.025366182958498528,56.95609470469092,0.5217353681074499,-0.7864077669902912,4.4690967717692125,0.8048507951399578,2.636392712585566,0.21399088176496814,-0.7916902491764262,0.7167688302964145,0.2679344882308711,0.4052835856360919,0.9495580253322933,Software—Infrastructure,Technology,EVTC
2022Q3,2022,Q3,2022-11-04,2022-09-30,137814000.0,145803000.0,23818000.0,2.06,69531000.0,0.4768831917,1120968000.0,451809000.0,396961000.0,178915000.0,665713000.0,0.0,480740000.0,2081594448.45,2331454448.45,6.804501309343411,2.218712796579381,0.42359014708716036,1.0509551602557718,0.023626458932734542,6.804501309343411,0.3050271242936728,14.276760069751651,3.7760939535352,4.60724431883827,0.02422105156225057,0.0,0.0016035784503967844,0.13006883336544844,1.8850515607970266,0.12294195730832637,154.4667889915405,0.4768831917038744,3.3829787234042556,23.621971211608695,0.5473622391985693,2.6783244887599844,-0.19391824526420737,3.1029503706570605,-0.48939910390807556,5.032180322969442,0.3297247765988984,0.996452605865438,Software—Infrastructure,Technology,EVTC
2022Q2,2022,Q2,2022-08-05,2022-06-30,33589000.0,160571000.0,46647000.0,0.47,86258000.0,0.537195384,1169341000.0,508746000.0,489793000.0,166313000.0,656740000.0,0.0,545814000.0,2636066228.0,2824086228.0,7.117633191725712,2.945007305502276,0.4071387217244585,0.9357990038250915,0.037737103433854585,7.117633191725712,0.06602312352332991,16.41682637587111,19.62001122391259,5.181497698262001,0.10655274048051445,0.0,0.0013577048869198591,0.13731751473693302,2.3795433910758628,0.02872472614917291,76.9160313958917,0.5371953839734448,-0.11320754716981142,0.6961504815212785,0.5736430651768096,2.9613408735598723,0.007816425007886527,-0.13577419852827663,0.01307416657617548,0.2526930096351304,0.3222213217653084,1.286961678209492,Software—Infrastructure,Technology,EVTC
2022Q1,2022,Q1,2022-04-29,2022-03-31,38866000.0,150248000.0,46045000.0,0.53,85589000.0,0.5696515095,1161569000.0,490876000.0,473577000.0,160513000.0,666421000.0,0.0,526370000.0,2945554627.52,3144602627.52,6.820975069444228,2.9503965410901296,0.41552245282028016,0.9832585011285946,0.039879389608904116,6.820975069444228,0.0791768185855491,19.604617881901923,18.946859900169812,6.000608356326241,0.09257448669788504,0.0,0.0012215017051064928,0.12934918201157228,2.421535950359161,0.033459914994287895,52.54851799193634,0.5696515095042862,-0.05357142857142862,0.7034223540954665,0.4973129566493576,3.0689991740116986,-0.019070977502206227,-0.05637564339127901,-0.12737368760186485,0.4670835750751945,0.2715841566004936,1.3258731577396285,Software—Infrastructure,Technology,EVTC
2021Q4,2021,Q4,2022-02-25,2021-12-31,41188000.0,155237000.0,52766000.0,0.56,87253000.0,0.5620631679,1144756000.0,466212000.0,436350000.0,152884000.0,674488000.0,0.0,506051000.0,3597053402.8799996,3817273402.8799996,6.477878738565213,2.8541246958478323,0.42504341536537044,1.0436689746295678,0.047158520100870356,6.477878738565213,0.08834607431812137,23.171366380952993,21.833139524133244,7.715488667987953,0.08735554044867437,0.0,0.0010002631590399081,0.13560706386339097,2.5098636875016354,0.035979719695725554,82.12450691506848,0.5620631679303258,0.16666666666666682,1.6162483647145407,0.5458334437705891,3.5188828933031093,0.05266142264260207,0.16633629721923315,0.12227492183678244,1.0585712623503776,0.32552813187333496,1.2257805579879955,Software—Infrastructure,Technology,EVTC
2021Q3,2021,Q3,2021-10-28,2021-09-30,35314000.0,145883000.0,47017000.0,0.48,82888000.0,0.5681813508085246,1108493000.0,423794000.0,403074000.0,152800000.0,680563000.0,0.0,468533000.0,3290461816.3199997,3537553816.3199997,5.888493093552945,2.6379188481675393,0.4431430780347733,1.1591032435570112,0.041670891850715375,5.888493093552945,0.08332822078651421,22.555484986735944,23.294315401257293,7.764295427306663,0.10188593758849182,0.0,0.0010934635321263038,0.1316048003911617,2.223017015706806,0.031857666218911625,65.08806061478815,0.5681813508085246,-0.2941176470588236,0.8418375561663335,0.5850905170794084,3.2567697546175394,-0.07663172435304734,-0.2821920035774539,-0.13399764237825093,0.5516272868301226,0.315928913736161,1.0308913987109714,Software—Infrastructure,Technology,EVTC
2021Q2,2021,Q2,2021-08-04,2021-06-30,49197000.0,149148000.0,54292000.0,0.68,89767000.0,0.6018652613511412,1070784000.0,393767000.0,355540000.0,136905000.0,672740000.0,0.0,436817000.0,3148380521.5499997,3444599521.5499997,5.45929230356758,2.5969833095942443,0.4633147301416532,1.2599075087551777,0.056322115790052196,5.45929230356758,0.12493936769714069,21.109103183079892,15.998844043081895,7.995541834511272,0.07333780515072057,0.0,0.0011459859998827974,0.13928859601936525,2.14578722471787,0.04594484041599426,49.302836317297746,0.6018652613511412,0.3877551020408164,1.5181881199964722,0.5816125856738721,2.92084253954178,0.12597210375796497,0.3857138833338028,0.20651570034889663,1.470815046496378,0.32515511374484185,1.0510319367519567,Software—Infrastructure,Technology,EVTC
2021Q1,2021,Q1,2021-04-30,2021-03-31,35503000.0,139528000.0,44999000.0,0.49,79724000.0,0.571383521587065,1040649000.0,351599000.0,319732000.0,136580000.0,684642000.0,0.0,397556000.0,2685442689.38,3029817689.38,4.8731312836251,2.3409869673451458,0.481178572217914,1.4241735613582518,0.04522939227414309,4.8731312836251,0.10097582757630141,19.24662210724729,18.909970209418923,7.637799565357125,0.10154071486916598,0.0,0.001342422988305255,0.13407786871461944,1.8750915214526285,0.034116210172690314,813.523989512269,0.571383521587065,0.1136363636363636,0.9260222189518429,0.5180048760986165,2.4380803388412184,0.04580753489348305,0.09991325360926948,0.14808011225921675,0.5476680029386745,0.26982549380266563,1.0123802475272343,Software—Infrastructure,Technology,EVTC
2020Q4,2020,Q4,2021-03-01,2020-12-31,32278000.0,134202000.0,39195000.0,0.44,76232000.0,0.5680392244526907,1072579000.0,337741000.0,359046000.0,152992000.0,730150000.0,0.0,379934000.0,2831517973.92,3152391973.92,4.690055384538133,2.3468285923446977,0.48809738023959076,1.5500723927506581,0.039819120470731606,4.690055384538133,0.09557027426341487,21.09892530603121,21.930711118408823,8.383696305512212,0.1114071503810645,0.0,0.0012699901724521417,0.12512085356882802,1.9832867078017151,0.030093820595033093,42.763777112047485,0.5680392244526907,-0.06382978723404249,0.04122605597556241,0.4683742351210341,2.6187566526390698,-0.030780771235680775,-0.06340132896149493,-0.1060350332998814,4.561844170577361,0.3541170311965266,1.3559293568254285,Software—Infrastructure,Technology,EVTC
2020Q3,2020,Q3,2020-10-30,2020-09-30,34463000.0,136507000.0,43844000.0,0.47,78653000.0,0.5761829063711018,1028074000.0,306137000.0,318883000.0,137558000.0,717866000.0,0.0,351252000.0,2495178297.69,2876844297.69,4.258619626436079,2.318171244129749,0.5114544283777238,1.7175741579750243,0.04294093472350464,4.258619626436079,0.11257378232621343,18.27875711641161,18.100414195586573,8.150528350673065,0.1042567391115109,0.0,0.0014399772566659253,0.13277935245906422,1.861025894531761,0.03352190601065682,161.69906666385847,0.5761829063711018,1.2380952380952381,1.7558249715870449,0.5792760792908618,1.7787648457654,0.290281833393484,1.2257168690260916,0.713325517780383,4.6871432315878465,0.33811075647611916,1.3020915344265336,Software—Infrastructure,Technology,EVTC
2020Q2,2020,Q2,2020-08-05,2020-06-30,15484000.0,117937000.0,25590000.0,0.21,60958000.0,0.5168691759159552,1011737000.0,274885000.0,303011000.0,151487000.0,732769000.0,0.0,320382000.0,2019392421.9,2416988421.9,3.8250457990391054,2.0002442453807916,0.5381991565001577,1.9808865525583426,0.023431005278312725,3.8250457990391054,0.05632901031340379,17.122636847638994,32.6045017744123,7.34631726685705,0.4645440454662878,0.0,0.003561962460586175,0.11656883162323806,1.575475123277905,0.01530437257903981,45.59271249661339,0.5168691759159552,-0.3,-0.17654139813687814,0.3632993544605885,1.1734631600173073,-0.10190791896869245,-0.3028679483138985,-0.21893599487226445,-0.22231903179579865,0.14958264569711613,1.1288411272144137,Software—Infrastructure,Technology,EVTC
2020Q1,2020,Q1,2020-05-11,2020-03-31,22211000.0,121942000.0,32763000.0,0.3,67875000.0,0.556617080251267,979218000.0,259037000.0,260313000.0,128200000.0,716534000.0,0.0,308491000.0,1636847489.04,2044160489.04,3.5971042198031657,2.0305226209048364,0.5216754593971924,1.9720503248570667,0.03411269159134973,3.5971042198031657,0.0857445075413937,13.42316420134162,18.42383829003647,6.3189717648058,0.0,0.0,0.0,0.12452998208774757,1.5509048361934477,0.02268238533196898,66.77467013584628,0.556617080251267,-0.11764705882352951,0.2588916910622559,0.44258644998165153,1.286889141588793,-0.006295293170338921,-0.11202174869068085,-0.05328401768428353,-0.02716953145734981,0.2144335392850121,1.145824306671402,Software—Infrastructure,Technology,EVTC
2019Q4,2019,Q4,2020-02-27,2019-12-31,25013000.0,127186000.0,34607000.0,0.34,68305000.0,0.5370481027786077,1011676000.0,267187000.0,276018000.0,144314000.0,740053000.0,0.0,296476000.0,2449370904.68,2869310904.68,3.713216917299926,1.9126210901229264,0.5248419454449844,1.9872598591997366,0.03735447431435436,3.713216917299926,0.09361608162073753,19.258180182410012,24.480978937752365,9.167253289568729,0.14376524207412145,0.0,0.0014681320796001707,0.12571811528592158,1.5242457419238604,0.024724318853071536,72.3125562316958,0.5370481027786077,0.0,1.1703676953788085,0.4606514331095112,1.4162255844048777,0.020604847144607478,0.010462955481942312,-0.00560312625711166,0.5891309255138162,0.2667543288895553,1.5902912178357413,Software—Infrastructure,Technology,EVTC
2019Q3,2019,Q3,2019-10-31,2019-09-30,24754000.0,118804000.0,34802000.0,0.34,66926000.0,0.5633312009696643,980066000.0,245201000.0,244534000.0,128337000.0,730810000.0,0.0,274518000.0,2246041821.66,2677677821.66,3.4082959391834606,1.9054053001083087,0.5450357424908119,2.1785025346552422,0.03732338132345969,3.4082959391834606,0.1009539112809491,18.905439393118076,22.68362508746061,9.16000269843924,0.14530984891330695,0.0,0.001601483981870621,0.1212204076052021,1.517333270997452,0.025257482659331105,48.93124094069975,0.5633312009696643,-0.081081081081081,0.4178169607425455,0.4655308843982524,0.930849991006247,-0.04318984373883083,-0.08515041762140586,-0.07657609849288899,0.2915626934263499,0.29135645861715914,1.4638444570116713,Software—Infrastructure,Technology,EVTC
2019Q2,2019,Q2,2019-08-02,2019-06-30,27058000.0,122548000.0,37688000.0,0.37,69947000.0,0.5707722688252767,950493000.0,224484000.0,206239000.0,114524000.0,721693000.0,0.0,253361000.0,2349234853.15,2823244853.15,3.1122660513044758,1.8008365058852294,0.5660588768144531,2.3967632437055646,0.04337679026815462,3.1122660513044758,0.12053420288305626,19.16991589540425,21.705547833819942,10.46504362515814,0.13341710399881734,0.0,0.001536670544096299,0.12893098634077263,1.377527854423527,0.028467332216018423,94.15393584024689,0.5707722688252767,0.027777777777777804,0.6550106661602415,0.46202095096231927,0.9348009203131427,0.016420361247947456,0.015538207476354902,0.007565833444726641,0.3849673478847394,0.2995206888273021,1.235217396282663,Software—Infrastructure,Technology,EVTC
2019Q1,2019,Q1,2019-05-03,2019-03-31,26644000.0,118836000.0,37405000.0,0.36,68817000.0,0.5790921942845603,968776000.0,212261000.0,217259000.0,148053000.0,752278000.0,0.0,237418000.0,2073644941.8,2559940941.8,2.932651355791521,1.467440713798437,0.5775112100217181,2.635806860421839,0.040586760581313754,2.932651355791521,0.12552470778899563,17.449635984045237,19.456959745158382,9.769316745893027,0.13575288995646298,0.0,0.0017442716094204203,0.12266612715426477,1.1447927431392813,0.02750274573275969,135.0820755520813,0.5790921942845603,0.3333333333333332,0.5847272518182283,0.47554132914115377,1.00622808006114,0.022708020627442822,0.3190752017426605,0.30914881702365954,0.44087204238255495,0.28881200225186304,1.0690374176667785,Software—Infrastructure,Technology,EVTC
2018Q4,2018,Q4,2019-02-26,2018-12-31,20199000.0,118231000.0,28572000.0,0.27,67289000.0,0.5691316152278167,927292000.0,211459000.0,216193000.0,136705000.0,711686000.0,0.0,228742000.0,2085247462.2,2553580462.2,2.910385174907324,1.5814564207600308,0.5805140128460076,2.545675521022988,0.03430121237045134,2.910385174907324,0.09552206337871644,17.637061872097842,25.808795759691073,9.861237697142235,0.18005841873360068,0.0,0.001744157499735237,0.12750136957937738,1.2582275703156431,0.02178278255393123,74.53434829324088,0.5691316152278167,-0.12903225806451607,0.12415096833811864,0.41307326558478896,1.1182868978860834,0.07571179639665564,-0.12166804365786842,-0.11708538055066284,-0.3541994828327983,0.2821511886392194,1.245597301080735,Software—Infrastructure,Technology,EVTC
2018Q3,2018,Q3,2018-10-31,2018-09-30,22997000.0,112017000.0,32361000.0,0.31,62553000.0,0.5584241677602507,928598000.0,210853000.0,216532000.0,125463000.0,713646000.0,0.0,212180000.0,1731496867.34,2205326867.34,2.8994623234361203,1.7258634019591432,0.6085948925153835,2.6802559128871772,0.03648215130351842,2.8994623234361203,0.1090665060492381,15.457447238722693,18.823073306735658,8.211867354697347,0.0,0.0,0.0,0.12063024042696624,1.3882578927651976,0.02476529133166343,40.80446970212565,0.5584241677602507,0.14814814814814806,0.7497360798727661,0.4432914694769362,0.3612800017007852,-0.025896972717079855,0.14686814282864552,0.05616840731070496,0.8178347126848525,0.2810666588619925,0.8919097460526606,Software—Infrastructure,Technology,EVTC
2018Q2,2018,Q2,2018-08-02,2018-06-30,20052000.0,113347000.0,30640000.0,0.27,64216000.0,0.5665434462314839,904169000.0,193342000.0,182300000.0,111728000.0,706806000.0,0.0,192819000.0,1587134466.0500002,2097172466.0500002,2.6617295448909455,1.631641128454819,0.6297174532637151,2.944890401464762,0.034794175943240815,2.6617295448909455,0.10371259219414303,14.002439112195296,19.787732720551567,8.20894821637306,0.0,0.0,0.0,0.1253604138164436,1.2689746527280539,0.022177269957275685,39.67736971700708,0.5665434462314839,-0.12903225806451607,1.3355459177163305,0.38114736884366324,0.2604442464659046,0.02166926528144589,-0.12900703674745895,-0.08687229921025183,0.05503878318460096,0.2962933809318588,0.5124449252877976,Software—Infrastructure,Technology,EVTC
2018Q1,2018,Q1,2018-05-03,2018-03-31,23022000.0,110274000.0,33555000.0,0.31,62854000.0,0.5699802310608122,916829000.0,175345000.0,184366000.0,136204000.0,737544000.0,0.0,172777000.0,1183894703.7,1730121703.7,2.421575787981963,1.3536019500161522,0.6541001648071778,3.420103225070575,0.03699604849202113,2.421575787981963,0.13129544612050528,10.735936881767234,12.856123530753193,6.751801897402264,0.0,0.0,0.0,0.1202776090197845,1.0536254441866613,0.025110462256320427,56.36788571632624,0.5699802310608122,2.8749999999999996,3.595755884849181,0.3791925551059611,0.46646025811667247,0.28588379705400985,2.9461775797051764,1.0106057882437534,0.2977073508186917,0.297403673104197,0.5395370933604228,Software—Infrastructure,Technology,EVTC
2017Q4,2017,Q4,2018-02-28,2017-12-31,5834000.0,99628000.0,16689000.0,0.08,48880000.0,0.49062512546673626,902788000.0,144112000.0,168706000.0,147216000.0,754812000.0,0.0,148887000.0,988136836.0500001,1553451836.0500002,1.9907453383313227,1.1459759808716443,0.6820405233565355,4.2726351726435,0.01376060132302538,1.9907453383313227,0.0404824025757744,9.918264303709801,42.34388224417209,6.856728350519041,0.0,0.0,0.0,0.11035591966220198,0.9190712965981959,0.0064622037510467575,35.131255948021476,0.49062512546673626,0.0,-0.9203438818312077,0.10021415366378318,0.18246756717666318,0.22120621595962625,-0.04392002622091118,0.8947547683923706,-0.4968302504139581,0.13728485967476234,0.29539693630625646,Software—Infrastructure,Technology,EVTC
2017Q3,2017,Q3,2017-11-09,2017-09-30,6102000.0,102725000.0,8808000.0,0.08,40026000.0,0.38964224872231684,904967000.0,133908000.0,159529000.0,159080000.0,767286000.0,0.0,143038000.0,1147333109.95,1740206109.95,1.8498915280955281,1.0028224792557203,0.7086589897753178,4.789206022044986,0.05359824937567825,1.8498915280955281,0.04556859933685814,11.168976490143587,47.00643682194362,8.568069943169936,1.1863323500491643,0.0,0.0063094143603294696,0.1135124264199689,0.7819901936132764,0.006742787306056464,40.095513190634286,0.38964224872231684,-0.7037037037037037,1.693951286731032,0.23117518401861084,0.0,-0.3382053868156942,-0.6962516800238937,-0.7063412682536507,-0.6526465123908844,0.2594030528136556,0.047990874067557865,Software—Infrastructure,Technology,EVTC
2017Q2,2017,Q2,2017-08-03,2017-06-30,20089000.0,103511000.0,29994000.0,0.27,60481000.0,0.5842953888958662,914627000.0,130282000.0,204658000.0,168314000.0,780612000.0,0.0,144175000.0,1254403139.6000001,1821112139.6000001,1.796773723572399,1.2159297503475646,0.7213530761720351,5.064160820374265,0.03160436483781097,1.796773723572399,0.15419628191154572,12.118549135840636,15.610572198715715,9.628368766214827,0.36134202797550896,0.0,0.005786815873495602,0.11317291092434402,1.0097912235464668,0.02196414494651918,34.078707370480046,0.5842953888958662,-0.12903225806451607,10.912426129908406,0.23068578406147933,0.0,0.0590820740014359,-0.12766511789482826,-0.019547594142259414,0.22230917301101868,0.22843312883838246,0.1169994456307009,Software—Infrastructure,Technology,EVTC
2017Q1,2017,Q1,2017-05-05,2017-03-31,23029000.0,101280000.0,30592000.0,0.31,57107000.0,0.5638526856240126,882562000.0,121762000.0,163320000.0,116229000.0,757192000.0,0.0,133455000.0,1154915039.4,1745449039.4,1.676327464750824,1.4051570606303074,0.7281165515850444,5.277574284259457,0.03680899338991135,1.676327464750824,0.18913125605689787,11.403189567535547,12.53761604281558,9.485020280547298,0.3154283729210995,0.0,0.006289640148572127,0.11475681028641614,1.1075463094408453,0.02609335094871522,61.52655902189548,0.5638526856240126,0.40909090909090906,5.5253780096739895,0.2295043206987369,0.0,0.07329862612062323,0.4417454454391786,0.2053585500394011,0.36485664669531287,0.25309473093974805,0.14677635461822788,Software—Infrastructure,Technology,EVTC
2016Q4,2016,Q4,2017-02-24,2016-12-31,15973000.0,101889000.0,25380000.0,0.22,53207000.0,0.5222055373985416,885662000.0,104676000.0,158265000.0,129163000.0,777487000.0,0.0,116341000.0,1296115632.25,1891651632.25,1.4335133021847712,1.225312202410907,0.731041864729434,6.185333791891169,0.030072772356666933,1.4335133021847712,0.15259467308647637,12.720859290502409,20.286039445470482,12.38216622960373,0.45852375884304764,0.0,0.005650730396088084,0.11504275897577179,1.0148494537909463,0.01803509691055956,39.67417528084729,0.5222055373985416,-0.15384615384615388,-0.7837887677164945,0.11548096091246798,-0.14851841955302067,0.009352354213301968,-0.18836382113821137,-0.06024364053763839,-0.11547202124416929,0.21168834422548097,0.04336445641086306,Software—Infrastructure,Technology,EVTC
2016Q3,2016,Q3,2016-11-03,2016-09-30,19680000.0,94467000.0,27007000.0,0.26,52714000.0,0.5580149681899499,867041000.0,102189000.0,143344000.0,118246000.0,761394000.0,0.0,116123000.0,1239572965.44,1836117965.44,1.3833243123298815,1.21225242291494,0.7399073400219828,6.277877266633395,0.0335257302504204,1.3833243123298815,0.19258432903737194,13.121756438121249,15.746607792682928,12.130199585473976,0.37642276422764226,0.0,0.005976251666129592,0.10895332515994054,0.9508820594354143,0.0226978885658233,29.013504480853854,0.5580149681899499,-0.03703703703703707,7.51378639629223,0.1094403259913195,0.0,-0.05371055182565612,-0.02742772424017791,-0.042033200908059024,0.4740378363946082,0.19820852826306093,-0.3505376127772794,Software—Infrastructure,Technology,EVTC
2016Q2,2016,Q2,2016-08-02,2016-06-30,20235000.0,97672000.0,28192000.0,0.27,55706000.0,0.5703374559751003,864452000.0,104019000.0,137469000.0,105593000.0,757006000.0,0.0,116986000.0,1160931892.6799998,1776379892.6799998,1.392377339439292,1.301876071330486,0.7532818479221518,6.260164008498448,0.032791426501891194,1.392377339439292,0.19453176823464943,11.886025602833973,14.343117033358041,11.160767673982637,0.36980479367432667,0.0,0.006445683891692877,0.11298718725851753,1.0217722765713637,0.023407893092965253,50.089825804892776,0.5703374559751003,0.03846153846153849,10.69081170831306,0.12710937462126448,0.0,0.0698085306600603,0.056768330896177145,0.061206052849506885,1.3292335055115367,0.1571952039561016,-0.34064901155174854,Software—Infrastructure,Technology,EVTC
2016Q1,2016,Q1,2016-05-26,2016-03-31,19148000.0,95479000.0,26566000.0,0.26,52071000.0,0.5453659967113187,869882000.0,106231000.0,141856000.0,100322000.0,760223000.0,0.0,106995000.0,1047770943.0,1664732943.0,1.4173988980337662,1.4140068977891191,0.7506776781218603,6.146990991330214,0.031871180622318813,1.4173988980337662,0.18024870329753084,10.97383658186617,13.67990055097138,9.863137342207077,0.39069354501775644,0.0,0.0071399193210877196,0.10976086411720211,1.1084208847511015,0.02201218096247537,38.49975906669116,0.5453659967113187,-0.10344827586206887,4.258328907235536,0.12333156352564108,0.0,-0.02745559477783381,-0.4130341487339832,-0.05576683845743736,2.69295030052612,0.15370766913308165,-0.14165017498912744,Software—Infrastructure,Technology,EVTC
2015Q4,2015,Q4,2016-05-26,2015-12-31,32622000.0,96177000.0,28135000.0,0.29,53541000.0,0.5566923484824854,870102000.0,98214000.0,134723000.0,102501000.0,771888000.0,0.0,95328000.0,1268557802.6399999,1905305802.6399999,1.296040556116917,1.3143579087033297,0.7648471098790717,6.775968802818335,0.05172560859885472,1.296040556116917,0.3321522389883316,13.189825037586948,9.721643389736986,12.916262474189015,0.232940960088284,0.0,0.0059902670451324296,0.11053531654909425,1.0069462736948909,0.03749215609204438,62.74398074191314,0.5566923484824854,0.7058823529411762,-0.5745065022668658,0.014604239032292387,-0.23017480244939298,0.11643764205434035,1.4303061908664234,0.3661082787084244,-0.5745065022668658,0.014604239032292387,-0.23017480244939298,Software—Infrastructure,Technology,EVTC
2015Q3,2015,Q3,2015-11-06,2015-09-30,13423000.0,92778000.0,20595000.0,0.17,47957000.0,0.516900558322016,882897000.0,118253000.0,150034000.0,105954000.0,764644000.0,0.0,95038000.0,1394290487.98,2024901487.98,1.5325584793279112,1.416029597749967,0.7600116434872924,5.674376125764251,0.02318056823075384,1.5325584793279112,0.11351086230370477,15.028244712970748,25.968309766445653,11.790740936635856,0.5796021753706325,0.0,0.005579898928573626,0.10508360544888022,1.0271438548804197,0.015203358942209567,41.12951291976401,0.516900558322016,-0.34615384615384615,4.559455692767257,0.04316704244739667,0.0,-0.08785377358490566,-0.3376918142793704,-0.25439866772862213,4.559455692767257,0.04316704244739667,0.0,Software—Infrastructure,Technology,EVTC
2015Q2,2015,Q2,2015-08-07,2015-06-30,20267000.0,93241000.0,27622000.0,0.26,52576000.0,0.5638721163436685,880291000.0,136316000.0,140191000.0,83334000.0,743975000.0,0.0,89347000.0,1645193519.28,2267886519.2799997,1.759885269464906,1.682278541771666,0.7514901322403614,4.8529152850729185,0.03134221006914649,1.759885269464906,0.1486766043604566,17.644528901234434,20.293994168845906,12.068968567739663,0.3820989786352198,0.0,0.004707045043180739,0.10592065578314444,1.319125446996424,0.023023068508027458,48.02363007998132,0.5638721163436685,0.08333333333333341,10.36137546261392,0.03775815270080861,0.0,0.020160273201777365,0.0631589991082201,0.02280974598237429,10.36137546261392,0.03775815270080861,0.0,Software—Infrastructure,Technology,EVTC
2015Q1,2015,Q1,2015-05-11,2015-03-31,19063000.0,91332000.0,27006000.0,0.24,51537000.0,0.5642819603205886,885979000.0,122385000.0,142657000.0,98281000.0,763594000.0,0.0,76841000.0,1700867337.54,2350490337.54,1.57292461378522,1.4515216572887943,0.7698297589446251,5.5730113984556935,0.030032802783002233,1.57292461378522,0.15576255260040037,18.622906949809487,22.30587181372292,13.897678126731217,0.40906468027068144,0.0,0.004584719706169683,0.10308596479149054,1.1311952462836155,0.021516311334693033,62.85308516093271,0.5642819603205886,0.498455252768416,4.042599448100672,0.03505151027265868,0.0,-0.022958216425267308,0.5296902583854919,0.31288283908604764,4.042599448100672,0.03505151027265868,0.0,Software—Infrastructure,Technology,EVTC
2014Q4,2014,Q4,2015-03-02,2014-12-31,12462000.0,94156000.0,20570000.0,0.16016494290142919,52748000.0,0.5602192106716513,890235000.0,119573000.0,134606000.0,104511000.0,770662000.0,0.0,65576000.0,1721875305.57,2379340305.5699997,1.5367840408885085,1.2879601190305328,0.7746033350744467,5.767012619905832,0.021355236039045974,1.5367840408885085,0.10422085253359872,18.28747297644335,34.54251535808859,14.400201597099679,0.6268656716417911,0.0,0.004536913895407751,0.105765331625919,1.043201194132675,0.013998550944413555,64.32348259441892,0.5602192106716513,-0.33264607124404505,-0.8416913611473558,-0.032595796642874965,-0.08717742489927785,0.05460143551192594,-0.34723167984914355,-0.22260015117157975,-0.8416913611473558,-0.032595796642874965,-0.08717742489927785,Software—Infrastructure,Technology,EVTC
2014Q3,2014,Q3,2014-11-06,2014-09-30,19091000.0,88642000.0,26460000.0,0.24,50017000.0,0.5642584779224296,890440000.0,138860000.0,129579000.0,78932000.0,751580000.0,0.0,60924000.0,1757403823.94,2407279823.94,1.7651790429391434,1.6416535752293113,0.7626589102016981,4.890551634740026,0.030613635065042295,1.7651790429391434,0.13748379662969898,19.825859343651995,23.01351191582421,12.655939967881318,0.4120789901000471,0.0,0.004476489633647565,0.09954853780153632,1.244045507525465,0.0214399622658461,59.70659183053612,0.5642584779224296,0.09090909090909087,6.755647727258735,-0.022413689352253324,0.0,-0.04332274970353085,0.07415742980926124,0.04054426048999174,6.755647727258735,-0.022413689352253324,0.0,Software—Infrastructure,Technology,EVTC
2014Q2,2014,Q2,2014-08-07,2014-06-30,17773000.0,91121000.0,25429000.0,0.22,52282000.0,0.5737645548227083,899883000.0,126129000.0,129163000.0,96175000.0,773754000.0,0.0,49701000.0,1900671828.9599998,2571466828.96,1.6085717236483241,1.3429997400571874,0.7763520368759049,5.53897993324295,0.02776693443953814,1.6085717236483241,0.14091128923562385,20.85876832958374,26.73538272885838,15.069268994125062,0.4411748157317279,0.0,0.004125383393665806,0.10125871918905013,1.0325968286976865,0.019750345322669723,62.782315814230024,0.5737645548227083,-0.04347826086956525,9.109589904729487,0.001833763002815627,0.0,0.05481690709169777,-0.02378336812039987,0.021696331712804853,9.109589904729487,0.001833763002815627,0.0,Software—Infrastructure,Technology,EVTC
2014Q1,2014,Q1,2014-05-08,2014-03-31,18206000.0,87210000.0,24889000.0,0.23,49565000.0,0.5683407866070405,905883000.0,114567000.0,123634000.0,109095000.0,791316000.0,0.0,39770000.0,1935870774.5,2629381774.5,1.4617736562146753,1.1332691690728265,0.7956358602600998,6.291104768388803,0.02663434634609115,1.4617736562146753,0.15891137936753166,22.197807298474945,26.582867935021422,16.89728084439673,0.4305723387894101,0.0,0.004049340536185671,0.09627071045598604,0.876712956597461,0.02009751811216239,70.32625329676318,0.5683407866070405,-0.04166666666666659,3.7809988143983437,-0.018825719762878345,0.0,-0.06272455655988805,-0.0914716303208743,-0.06291415662650603,3.7809988143983437,-0.018825719762878345,0.0,Software—Infrastructure,Technology,EVTC
2013Q4,2013,Q4,2014-03-17,2013-12-31,20039000.0,93312000.0,26560000.0,0.24,52882000.0,0.5667223936899863,919353000.0,111330000.0,116413000.0,121798000.0,808023000.0,0.0,29403000.0,1998202931.82,2711597931.8199997,1.3739334260206701,0.955787451353881,0.8004324780579386,6.609898499955088,0.0290144955489931,1.3739334260206701,0.17999640707805623,21.414211803626543,24.92892524352513,17.94846790460792,0.40910225061130795,0.0,0.004102686403594209,0.10149746615282704,0.7535263304816171,0.021796850611245082,53.0196065543409,0.5667223936899863,0.3333333333333333,-0.7555631506562107,-0.07939944604692006,-0.18390781359751707,0.09486542443064182,0.353712085388097,0.21478229052323455,-0.7555631506562107,-0.07939944604692006,-0.18390781359751707,Software—Infrastructure,Technology,EVTC
2013Q3,2013,Q3,2013-11-07,2013-09-30,14803000.0,87414000.0,21864000.0,0.18,48300000.0,0.5525430709039741,935479000.0,174455000.0,124488000.0,73517000.0,761024000.0,0.0,17562000.0,1789636617.1000001,2457017617.1000004,2.129952926520281,1.693322632860427,0.7432994220073352,3.9857900318133614,0.02302468627814854,2.129952926520281,0.0848528273766874,20.473112054133207,30.22422173039249,10.258442676334871,0.5534013375667095,0.0,0.004577465571348585,0.0934430382723717,1.3222655984330154,0.015823978945545544,78.06144190438803,0.5525430709039741,1.2195121951219512,4.775826227850668,-0.07408410153816965,0.0,0.029455646020716996,1.227966427966428,0.2908253630889125,4.775826227850668,-0.07408410153816965,0.0,Software—Infrastructure,Technology,EVTC
2013Q2,2013,Q2,2013-08-14,2013-06-30,-64935000.0,89175000.0,16938000.0,-0.82,46918000.0,0.5261340061676479,947281000.0,166677000.0,126855000.0,88707000.0,780604000.0,0.0,10951000.0,1724593843.0,2407407843.0,2.1117392160375466,1.4300449795393824,0.7414917009841853,4.2141447230271725,0.018093105878945706,2.1117392160375466,-0.389585845677568,19.339431937202132,-6.639692935242936,10.346921548863973,0.0,0.0,0.0,0.09413785349859229,1.0962945427080162,-0.06854882553328949,-31.02345463212808,0.5261340061676479,-12.852794079384811,-28.434463826080677,-0.02599892328622062,0.0,0.0017294019685291542,-12.866776315789474,-0.16966517966566988,-28.434463826080677,-0.02599892328622062,0.0,Software—Infrastructure,Technology,EVTC
2013Q1,2013,Q1,2013-03-31,2013-03-31,5472000.0,87339000.0,20399000.0,0.069182,46837000.0,0.5362667307846437,973879000.0,130612000.0,137381000.0,79891000.0,843267000.0,0.0,75886000.0,1728250746.4,2437503746.4,1.65130679442477,1.719605462442578,0.7633196731832188,5.691521452852724,0.023124479659950865,1.65130679442477,0.041895078553272284,19.787846739715363,78.95882430555555,13.231944587021102,0.0,0.0,0.0,0.08968157235139068,1.3627943072436195,0.00561876783460779,58.830062511488585,0.5362667307846437,-0.9316198160802023,0.42388293351426976,-0.026329118216112557,0.0,-0.0742578171324663,-0.9256410604845833,-0.20601743733457886,0.42388293351426976,-0.026329118216112557,0.0,Software—Infrastructure,Technology,EVTC
2012Q4,2012,Q4,2012-12-31,2012-12-31,73589000.0,90985000.0,25692000.0,1.0117258543958092,50594000.0,0.556069681815684,977745000.0,122455000.0,129973000.0,96895000.0,855290000.0,0.0,70414000.0,1589283937.95,2327405937.95,1.6835517468648686,1.3413798441612055,0.7811402768615539,6.2370340124943855,0.17163369398307995,1.6835517468648686,0.600947286758401,17.46753792328406,5.399189885546753,12.978514049650894,0.6819905148867358,0.0,0.03157837237362108,0.09305596039867245,1.098704783528562,0.0752640003272837,-1625.0347013803682,0.556069681815684,33.174154852079354,0.0,0.0,0.0,0.1781938428578082,31.332601054481547,0.4367520411587071,0.0,0.0,0.0,Software—Infrastructure,Technology,EVTC
2012Q3,2012,Q3,2012-09-30,2012-09-30,2276000.0,83839000.0,17882000.0,0.029605,42942000.0,0.5121959947041353,,,,,,,,1589283937.95,,,0.0,0.0,0.0,0.0,,0.0,18.956379941912477,174.56985258677503,0.0,0.0,0.0,0.0,0.0,0.0,0.0,69.0512659867049,0.5121959947041353,2.0592128801431127,0.0,0.0,0.0,-0.03589950831817876,2.11952779144122,-0.019304595810025228,0.0,0.0,0.0,Software—Infrastructure,Technology,EVTC
2012Q2,2012,Q2,2012-06-30,2012-06-30,-2033000.0,84372000.0,18234000.0,-0.02795,44541000.0,0.5279121035414592,,,,,,,,1589283937.95,,,0.0,0.0,0.0,0.0,,0.0,18.83662752986773,-195.4358015186916,0.0,0.0,0.0,0.0,0.0,0.0,0.0,262.04186940643035,0.5279121035414592,-1.6080316742081446,0.0,0.0,0.0,-0.004603660580597582,-1.575268817204301,0.022199798183652877,0.0,0.0,0.0,Software—Infrastructure,Technology,EVTC
2012Q1,2012,Q1,2012-03-31,2012-03-31,3534000.0,82488000.0,17838000.0,0.045968,44747000.0,0.5424667830472311,,,,,,,,1589283937.95,,,0.0,0.0,0.0,0.0,,0.0,19.266850183663077,112.42812237903227,0.0,0.0,0.0,0.0,0.0,0.0,0.0,58.74922142355464,0.5424667830472311,0.0,0.0,0.0,0.0,0.0,0.0,0.0,0.0,0.0,0.0,Software—Infrastructure,Technology,EVTC
