Quarters,Year,Quarter,FillingDate,Date,NetIncome,Revenue,OperatingIncome,EPSDiluted,GrossProfit,GrossProfitRatio,TotalAssets,CommonStockEquity,CurrentAssets,CurrentLiability,TotalLiability,Inventory,RetainedEarnings,MarketCap,EnterpriseValue,bookValuePerShare,currentRatio,debtToAssets,debtToEquity,roic,shareholdersEquityPerShare,roe,priceToSalesRatio,peRatio,pbRatio,payoutRatio,inventoryTurnover,dividendYield,assetTurnover,quickRatio,returnOnAssets,priceToFreeCashFlowsRatio,grossProfitMargin,epsdilutedGrowth,fiveYNetIncomeGrowthPerShare,fiveYRevenueGrowthPerShare,fiveYShareholdersEquityGrowthPerShare,grossProfitGrowth,netIncomeGrowth,operatingIncomeGrowth,threeYNetIncomeGrowthPerShare,threeYRevenueGrowthPerShare,threeYShareholdersEquityGrowthPerShare,Industry,Sector,Symbol
2023Q1,2023,Q1,2023-05-05,2023-03-31,160443000.0,2001928000.0,223577000.0,1.02,978579000.0,0.4888182792,7044471000.0,3714851000.0,3709985000.0,1539633000.0,2998176000.0,1502247000.0,3411374000.0,7372252800.000001,8313549800.000001,23.945152765244295,2.4096554178820537,0.24151380564984937,0.45798256780689184,0.02696701915551213,23.945152765244295,0.04318961917988097,3.682576396353915,11.48733942895608,1.9845352613065774,0.0,0.6812122107749258,0.0,0.2841842914819296,1.2893864966521242,0.022775734331222316,44.97826694405975,0.48881827917887155,1.1250000000000002,0.37507392448637944,0.6147895443336712,0.924709600150789,0.07573982059625363,1.12465073164272,4.126854548373042,2.234227846353864,0.5949475751809093,0.566155589489338,Footwear & Accessories,Consumer Cyclical,SKX
2022Q4,2022,Q4,2023-02-28,2022-12-31,75515000.0,1878785000.0,43609000.0,0.48,909680000.0,0.484185258,6893487000.0,3569988000.0,3646273000.0,1613040000.0,3021901000.0,1818016000.0,3250931000.0,6509045900.0,7534985900.0,23.00813343473273,2.2604975698060805,0.23814841458321456,0.4598539266798656,0.006049416381042996,23.00813343473273,0.021152732166046496,3.46449748108485,21.54885089055155,1.8232682854956377,0.0,0.5330563647404644,0.0,0.27254493988310996,1.024290780141844,0.010954543034606433,35.03159710449127,0.4841852580257986,-0.12727272727272737,2.1398430165280975,0.9473933783815125,0.9635855349484269,0.029125444744240243,-0.12075309130708148,-0.5224333351585172,0.25390110951248307,0.3956194608963562,0.5246113360187635,Footwear & Accessories,Consumer Cyclical,SKX
2022Q3,2022,Q3,2022-11-04,2022-09-30,85886000.0,1878367000.0,91315000.0,0.55,883935000.0,0.4705869513,6678639000.0,3458704000.0,3581879000.0,1576823000.0,2929769000.0,1779369000.0,3175416000.0,4929922400.0,6032899400.0,22.253918414618454,2.271579625614289,0.2412554414155339,0.46585599692832924,0.011930280620842705,22.253918414618454,0.024831844529049032,2.6245789028448647,14.350192115129357,1.4253669582595099,0.0,0.5588677784090877,0.0,0.2812499672463207,1.0275408210052746,0.012859805717901506,-16.56170390029227,0.4705869513252735,-0.05172413793103434,-0.06717308243676184,0.7201313102878686,0.8417714127649536,-0.015200890395162989,-0.0499756647935932,-0.23033158577906643,-0.17825812006227992,0.36833366232308423,0.5688563106054534,Footwear & Accessories,Consumer Cyclical,SKX
2022Q2,2022,Q2,2022-08-05,2022-06-30,90404000.0,1867804000.0,118642000.0,0.58,897579000.0,0.4805530987,6676596000.0,3416262000.0,3569969000.0,1527683000.0,2958492000.0,1563907000.0,3089530000.0,5548380780.0,6395710780.0,21.90740087597232,2.3368519516156168,0.23952834648075158,0.4681239319466715,0.014848214676327525,21.90740087597232,0.02646284155020897,2.970536940706841,15.343294489181893,1.6241086837016598,0.0,0.6203853553951737,0.0,0.27975393448997066,1.1971240106749894,0.013540432879269615,25.763403340468706,0.48055309871913754,-0.32558139534883723,0.5149766857765498,0.8163625506231874,0.9157648632328073,0.08907946607649216,-0.3360750848229367,-0.14883634172238644,0.18300661487652534,0.46001560894569643,0.5757274417429085,Footwear & Accessories,Consumer Cyclical,SKX
2022Q1,2022,Q1,2022-05-06,2022-03-31,136166000.0,1819594000.0,139388000.0,0.86,824163000.0,0.4529378532,6545110000.0,3367817000.0,3425604000.0,1405770000.0,2879194000.0,1449513000.0,2999126000.0,6358396960.0,7432865960.0,21.589124080104618,2.4368168334791607,0.25429320515621584,0.494200545932276,0.017642734863596708,21.589124080104618,0.04043153176078154,3.4944042242390334,11.67398058252427,1.8879876667883082,0.0,0.6867347860971237,0.0,0.27800816181851795,1.2643348485171828,0.020804234000650866,-28.365313145462412,0.4529378531694433,-0.6802973977695168,0.4403029912337565,0.6863294620223461,0.9613956647500206,0.02936481767359602,-0.677789872219593,1.1603508935075402,0.23181587109430649,0.4021837079418306,0.6065199297826442,Footwear & Accessories,Consumer Cyclical,SKX
2021Q4,2021,Q4,2022-02-25,2021-12-31,422600000.0,1647881000.0,64521000.0,2.69,800652000.0,0.4858676082,6491280000.0,3259344000.0,3372240000.0,1445582000.0,2949208000.0,1470994000.0,2877903000.0,6766450600.0,7632180600.0,20.905425600831254,2.3327905300425713,0.2560377922382026,0.5099225488319122,0.051576296368115976,20.905425600831254,0.1296579925285579,4.106152446687594,4.002869498343587,2.0760160940361003,0.0,0.5759568019991924,0.0,0.25386071776290653,1.1813228166925156,0.06510272242146387,-58.770220786214324,0.4858676081585988,3.0757575757575752,61.906526868102496,1.1387935847443837,1.0161666120448758,0.040559157001679134,3.097383143136932,-0.5588217194198856,7.8421733023727755,0.5114283620334319,0.5877459106700349,Footwear & Accessories,Consumer Cyclical,SKX
2021Q3,2021,Q3,2021-11-03,2021-09-30,103139000.0,1550957000.0,146247000.0,0.66,769444000.0,0.4961091764633062,5901575000.0,2841503000.0,3302675000.0,1336954000.0,2769581000.0,1230349000.0,2475481000.0,6563770200.0,7163207200.0,18.234048833702314,2.470298155359122,0.26289812465316464,0.5460184275716056,0.021983695574222143,18.234048833702314,0.03629733982332589,4.232077485062448,15.910010277392646,2.309964198524513,0.0,0.6351961922999084,0.0,0.2628039125148795,1.4082219732316894,0.017476521098181416,-42.80812756799061,0.4961091764633062,-0.24999999999999997,0.5675650393764375,0.6285721124672327,0.7614887441977728,-0.09423150043614249,-0.2491828578500244,-0.273158755324066,0.1362901477469559,0.31781440200193367,0.40301476478088166,Footwear & Accessories,Consumer Cyclical,SKX
2021Q2,2021,Q2,2021-08-06,2021-06-30,137369000.0,1657773000.0,201209000.0,0.88,849493000.0,0.5124302301943632,5764731000.0,2733459000.0,3246035000.0,1338299000.0,2750627000.0,1057284000.0,2372342000.0,7751604630.0,8202309630.0,17.571621421821664,2.425493107295156,0.26749903855010754,0.5641423558941253,0.02908083892310975,17.571621421821664,0.05025464073176148,4.675914392380622,14.107266977993579,2.8358225347444392,0.0,0.7644871198277852,0.0,0.2875716143563334,1.5269345639502085,0.02382921249924758,28.821409800225318,0.5124302301943632,0.3968253968253968,0.8356406284331872,0.8701769293977467,0.7756145917267618,0.2499492364873415,0.3935763342903229,0.2761562270086511,2.052161561129718,0.46984130146029307,0.39531092622165426,Footwear & Accessories,Consumer Cyclical,SKX
2021Q1,2021,Q1,2021-05-07,2021-03-31,98573000.0,1428418000.0,157668000.0,0.63,679622000.0,0.4757864994700431,5985566000.0,2576129000.0,3464737000.0,1271379000.0,3154020000.0,1067437000.0,2234973000.0,6457458780.0,7209597780.0,16.63972535493289,2.725180296355375,0.3402650643230732,0.7905966665489189,0.021435086819950554,16.63972535493289,0.03826399997826196,4.520706669896347,16.37735175960963,2.506651949494765,0.0,0.7014896429484831,0.0,0.23864376401496534,1.7777248169114008,0.016468450936803637,-65.88504127087776,0.4757864994700431,0.8529411764705881,0.002846148736685432,0.4492508502575573,0.7781156601217699,0.04810873082089426,0.8500591205120024,1.7316481574524853,-0.15342472327074436,0.15458290626217738,0.33749988770159683,Footwear & Accessories,Consumer Cyclical,SKX
2020Q4,2020,Q4,2021-02-26,2020-12-31,53281000.0,1324711000.0,57719000.0,0.34,648427000.0,0.4894856312055988,5812369000.0,2481435000.0,3344351000.0,1212706000.0,3086706000.0,1016774000.0,2136400000.0,5554455120.0,6188030120.0,16.05607966457023,2.7577590941250394,0.3448509549204464,0.8077588169748553,0.01143323194561437,16.05607966457023,0.02147184995778652,4.1929561391126065,26.06208179275914,2.2384044393667373,0.0,0.6651271570673523,0.0,0.2279124054236749,1.7816478190097187,0.009166830254582942,31.2474620971326,0.4894856312055988,-0.17073170731707307,0.7952528529058532,0.8187891995286337,0.8546378399428622,0.037282382130819476,-0.1710849746414014,-0.37347762846536264,1.8074323823987288,0.3785411263288755,0.37027568389082266,Footwear & Accessories,Consumer Cyclical,SKX
2020Q3,2020,Q3,2020-11-06,2020-09-30,64278000.0,1300886000.0,92126000.0,0.41,625121000.0,0.480534804740769,5711394000.0,2402402000.0,3385630000.0,1260440000.0,3070283000.0,1053360000.0,2083118000.0,4667841640.0,5386996640.0,15.553352928228302,2.686069943829139,0.35251936742588585,0.838068316626443,0.013869998466951786,15.553352928228302,0.026755721981583432,3.588201917769889,18.15489607641806,1.9429894081007257,0.0,0.6415328092959672,0.0,0.22777031316697816,1.7332542604169972,0.011254345261419541,-25.52741851511572,0.480534804740769,1.9318181818181817,-0.044684742796931444,0.5039946723997596,0.8499331729467138,0.6960897098484397,1.9439182342834487,2.5109806301356383,-0.29753239847837426,0.1986865766629824,0.28722143499177116,Footwear & Accessories,Consumer Cyclical,SKX
2020Q2,2020,Q2,2020-08-07,2020-06-30,-68097000.0,729472000.0,-60971000.0,-0.44,368566000.0,0.5052503728724338,5408046000.0,2224715000.0,3136788000.0,1076786000.0,2970902000.0,1027735000.0,2018840000.0,4836850440.0,5542374440.0,14.433267591379154,2.913102510619566,0.3804782725590722,0.9249022908552331,-0.010142136722905815,14.433267591379154,-0.030609314002018235,6.630618365064047,-17.757208247059342,2.1741438521338687,0.0,0.3511663998988066,0.0,0.13488642663172615,1.8610123088524553,-0.012591793782819155,20.451452998680782,0.5052503728724338,-2.375,-1.8456419243613118,-0.09711951284995543,0.8033997107000381,-0.3270265927532739,-2.3868760310380646,-2.360656103548315,-2.1545078168623917,-0.28232063408750424,0.26216464790799904,Footwear & Accessories,Consumer Cyclical,SKX
2020Q1,2020,Q1,2020-05-08,2020-03-31,49101000.0,1242345000.0,44810000.0,0.32,547668000.0,0.4408340678313995,5395020000.0,2347722000.0,3230407000.0,1042990000.0,2806555000.0,985659000.0,2086937000.0,3645395699.9999995,3186408699.9999995,15.289127674123279,3.097255966020767,0.1297083236021368,0.2980672328325074,0.009007306455692848,15.289127674123279,0.020914316090235557,2.934286128249399,18.56069988391275,1.5527373769125985,0.0,0.7047843118157496,0.0,0.2302762547682863,2.060713909049943,0.009101171079995996,-17.36994539424781,0.4408340678313995,-0.1794871794871795,-0.13096447155342772,0.6056019710010933,1.055833827741537,-0.14124835946430336,-0.17521669018343075,-0.5237133564337493,-0.47237541930277643,0.16966002683842976,0.38903406301093646,Footwear & Accessories,Consumer Cyclical,SKX
2019Q4,2019,Q4,2020-02-28,2019-12-31,59532000.0,1330732000.0,94082000.0,0.39,637749000.0,0.47924676042959813,4892943000.0,2314665000.0,2819591000.0,1238231000.0,2356836000.0,1069863000.0,2037836000.0,6624439010.0,5920769010.0,15.091146767158477,2.2771122674202147,0.02477159451888158,0.05236438102273979,0.022510742173325042,15.091146767158477,0.025719488565299948,4.978041416303207,27.818815972922124,2.861942877263016,0.0,0.6477305972820819,0.0,0.2719696509851024,1.321359261720955,0.012166910589393745,418.15673589193284,0.47924676042959813,-0.41791044776119407,1.692946493736181,1.316142222615777,1.1346010114530682,-0.023450994083275147,-0.42252400814822,-0.3617924784283931,8.007867149102452,0.7556539215742896,0.45542438744725,Footwear & Accessories,Consumer Cyclical,SKX
2019Q3,2019,Q3,2019-11-08,2019-09-30,103090000.0,1353998000.0,147416000.0,0.67,653064000.0,0.48232272130387194,4566198000.0,2174502000.0,2627376000.0,1106813000.0,2224745000.0,890409000.0,1978304000.0,5725680300.0,5024365300.0,14.18480345470913,2.3738210519753564,0.02686896188032144,0.05642165424543183,0.03603073222073535,14.18480345470913,0.04740855607398844,4.228721386589936,13.885149626539917,2.633099578662149,0.0,0.7872045318499701,0.0,0.2965263442364961,1.4811255379183295,0.022576769557518094,102.98912312258297,0.48232272130387194,0.36734693877551033,0.9978697328438629,0.9895329888145926,1.0504348351865436,0.0708863873014832,0.37124235168927905,0.3271036450878188,0.5927503486197624,0.44528593317139065,0.37031395780541415,Footwear & Accessories,Consumer Cyclical,SKX
2019Q2,2019,Q2,2019-08-07,2019-06-30,75180000.0,1258565000.0,111081000.0,0.49,609835000.0,0.4845478779403527,4421236000.0,2132907000.0,2492543000.0,994573000.0,2097563000.0,855627000.0,1875214000.0,4938364470.0,4273091470.0,13.903039507734025,2.5061438426339744,0.025786454285634152,0.05345193203454253,0.02727233707588498,13.903039507734025,0.03524766902635699,3.9238056596202817,16.421802573822823,2.315321047753137,0.0,0.758192530156248,0.0,0.28466360990456063,1.5783165237745242,0.017004294726633003,22.380681295971502,0.4845478779403527,-0.30985915492957744,1.1360293820820706,1.1198684999609243,1.1051964362011355,0.03272769763034941,-0.3087405064455029,-0.3302886702358559,0.018684761648406094,0.4396994769446301,0.4049039201714675,Footwear & Accessories,Consumer Cyclical,SKX
2019Q1,2019,Q1,2019-05-10,2019-03-31,108758000.0,1276756000.0,165864000.0,0.71,590509000.0,0.462507323247355,4127413000.0,2062532000.0,2381801000.0,819174000.0,1891895000.0,740869000.0,1800034000.0,5273572800.0,4696371800.0,13.43844149074798,2.907564204918613,0.026723034501272346,0.0534765036372769,0.04147763774050645,13.43844149074798,0.05273033339603943,4.130446851238608,12.122264109306903,2.5568441119943834,0.0,0.9262730658186535,0.0,0.3093356540767788,1.8992240964679055,0.0263501617114643,-51.88022312073901,0.462507323247355,1.2903225806451613,2.4709589542633505,1.3086749295728257,1.1165820606582462,0.1451096515467956,1.295538013423952,0.9817197749023262,0.11611054560437782,0.3066696964039384,0.43602750361774223,Footwear & Accessories,Consumer Cyclical,SKX
2018Q4,2018,Q4,2019-03-01,2018-12-31,47378000.0,1080798000.0,83697000.0,0.31,515679000.0,0.4771280109696724,3228255000.0,2034958000.0,2472140000.0,850222000.0,1038980000.0,863260000.0,1691276000.0,3537718170.0,2762488170.0,13.166732447768727,2.9076405926922617,0.030049361032508274,0.0476702713274672,0.03205091924610086,13.166732447768727,0.023282052995688363,3.273246406821626,18.667515355228165,1.7384723271929936,0.0,0.6546335982206983,0.0,0.33479325517965586,1.7993676945550692,0.014676040151722835,32.15668926964505,0.4771280109696724,-0.46551724137931033,2.2762499363107542,1.3487576267167005,1.1425898329129698,-0.08545824717220049,-0.4778017811480469,-0.3245448382723223,0.5963052120655663,0.48385582575053304,0.520889328913841,Footwear & Accessories,Consumer Cyclical,SKX
2018Q3,2018,Q3,2018-11-02,2018-09-30,90728000.0,1176395000.0,123912000.0,0.58,563866000.0,0.4793168961105751,3004475000.0,2024387000.0,2280998000.0,664916000.0,837220000.0,755068000.0,1643898000.0,4253969460.0,3538235460.0,12.996334244957179,3.430505507462597,0.028969121061083885,0.042994249617291556,0.05065236802103774,12.996334244957179,0.044817517599154706,3.6161063758346472,11.721765772418657,2.10136177519417,0.0,0.8112236248920627,0.0,0.3915476081511745,2.1699658302702898,0.03019762188069463,35.24532262875323,0.4793168961105751,1.0,2.2796841672488193,1.2137454506623748,1.1431445964350764,0.005185780728291117,1.0035332567794364,0.5230462892401485,0.3371332312446307,0.3486809222473798,0.5457985141463871,Footwear & Accessories,Consumer Cyclical,SKX
2018Q2,2018,Q2,2018-08-03,2018-06-30,45284000.0,1134797000.0,81358000.0,0.29,560957000.0,0.4943236543628508,3005665000.0,1971084000.0,2361890000.0,719555000.0,892203000.0,822423000.0,1553171000.0,4697105180.0,3935428180.0,12.593337507507124,3.2824315028038162,0.02767108110850677,0.04219505612140325,0.03216348066979066,12.593337507507124,0.0229741604112255,4.139158968520361,25.931373001501637,2.3830060920792824,0.0,0.6977431321838032,0.0,0.3775527212779867,2.0320573132005197,0.015066216627601546,20.80841878164718,0.4943236543628508,-0.6133333333333334,5.154053664194925,1.5546507245194159,1.1405147234469077,-0.037981217758753155,-0.6151021657090402,-0.45323557281970983,-0.44620537315402864,0.3832008570744988,0.5735051729624435,Footwear & Accessories,Consumer Cyclical,SKX
2018Q1,2018,Q1,2018-05-04,2018-03-31,117652000.0,1250078000.0,148799000.0,0.75,583104000.0,0.4664540932645803,2935984000.0,1946170000.0,2293154000.0,674020000.0,852659000.0,800323000.0,1507887000.0,6083679370.0,5468259370.0,12.440917197777962,3.402204682353639,0.028832241592597233,0.04349620022916806,0.06621681756496561,12.440917197777962,0.06045309505336122,4.866639817675377,12.927275715669943,3.125975310481613,0.0,0.833381022412201,0.0,0.42577820587578136,2.1125649090531438,0.040072425462809064,-196.71730485675482,0.4664540932645803,2.744186046511628,15.987933212860618,1.669811978203816,1.1256513089637532,0.28413527923309173,2.7652213053263317,1.6735962626897853,1.044005675274944,0.5858728955361147,0.6728526943110903,Footwear & Accessories,Consumer Cyclical,SKX
2017Q4,2017,Q4,2018-03-01,2017-12-31,-66650000.0,970589000.0,55655000.0,-0.43,454083000.0,0.4678427223057339,2735082000.0,1829064000.0,2105024000.0,597348000.0,786871000.0,873016000.0,1390235000.0,5906748320.000001,5251232320.000001,11.717408294789172,3.5239491887475975,0.02958412215794627,0.04423847388609693,-0.027498533848223802,11.717408294789172,-0.03643940288584763,6.085735898511111,-22.155845161290326,3.229383072434863,0.0,0.5916340593986823,0.0,0.3548665085726863,1.9577114178000095,-0.024368556408912053,-117.99573143690448,0.4678427223057339,-1.728813559322034,-17.183186482070628,1.3837031529113997,1.0056739447636713,-0.12674163007921352,-1.7220236160762648,-0.5222459718609702,-3.9624154794918747,0.6598871065140549,0.6573950266057257,Footwear & Accessories,Consumer Cyclical,SKX
2017Q3,2017,Q3,2017-11-03,2017-09-30,92310000.0,1094829000.0,116493000.0,0.59,519987000.0,0.4749481425866505,2693260000.0,1882804000.0,2074358000.0,598982000.0,693563000.0,697659000.0,1456885000.0,3909624160.0,3190508160.0,12.08288838689804,3.463139126050532,0.031120649324610325,0.04451658271386719,0.05369157820470281,12.08288838689804,0.049027939180073976,3.5709906843899826,10.588300725815188,2.0764902560224003,0.0,0.8239584094808495,0.0,0.40650698410105224,2.189369630473036,0.03427444806665528,96.39825825381561,0.4749481425866505,0.5526315789473684,6.985275228865985,1.4169760901944155,1.053527419861061,0.06484668896074508,0.5505165028974552,0.3497201914052996,0.7599548203715832,0.5826378745711405,0.7465998268690651,Footwear & Accessories,Consumer Cyclical,SKX
2017Q2,2017,Q2,2017-08-04,2017-06-30,59535000.0,1025934000.0,86309000.0,0.38,488321000.0,0.47597701216647464,2609290000.0,1779097000.0,1995008000.0,635610000.0,726032000.0,669741000.0,1364575000.0,4589580500.0,3912111500.0,11.435328675463913,3.138729724201948,0.028403128820483733,0.041657087837256766,0.03906384814495375,11.435328675463913,0.033463605413307985,4.47356311419643,19.272614848408498,2.57972471427921,0.0,0.8027177670173993,0.0,0.3931851193236474,1.999886722990513,0.022816551628987197,31.449268857581405,0.47597701216647464,-0.36666666666666664,32.75752277854747,1.5290248394647052,0.9817845131482505,0.024812276232009368,-0.3666152454917815,-0.3063260008197841,0.6679708092527142,0.7039775995124715,0.7315359825442154,Footwear & Accessories,Consumer Cyclical,SKX
2017Q1,2017,Q1,2017-05-05,2017-03-31,93995000.0,1072808000.0,124423000.0,0.6,476498000.0,0.44415962595357233,2405711000.0,1707156000.0,1826297000.0,513583000.0,603197000.0,585814000.0,1305040000.0,4257412650.0,3726465650.0,11.007021412406429,3.55599192340868,0.03195146881732677,0.045025762144760055,0.05995583781941226,11.007021412406429,0.055059408747648135,3.9684758596132768,11.323508298313739,2.4938626874169674,0.0,1.017916949748555,0.0,0.44594217676188036,2.29741833355076,0.039071609183314204,-37.58076963817561,0.44415962595357233,13.999999999999998,25.432540986150403,1.9008824080998852,0.89879010915312,0.3376809315800703,13.104891956782714,3.402483900643974,1.9685297842199505,0.9196642447903055,0.7336284180587609,Footwear & Accessories,Consumer Cyclical,SKX
2016Q4,2016,Q4,2017-03-01,2016-12-31,6664000.0,764290000.0,28262000.0,0.04,356212000.0,0.46606916222899686,2393670000.0,1603633000.0,1827766000.0,621730000.0,708156000.0,700515000.0,1211045000.0,3801493639.9999995,3157985639.9999995,10.368897826171294,2.9398066684895374,0.03134433735644429,0.046786265934911545,0.011529835527852448,10.368897826171294,0.004155564271875173,4.973889021183058,142.61305672268907,2.370550892878857,0.0,0.5825399884370784,0.0,0.31929631068610126,1.712272208193267,0.002784009491701028,47.54006352858786,0.46606916222899686,-0.9047619047619048,1.1096947328891331,1.5331127164434215,0.7853052375104687,-0.17155761457562946,-0.8976501305483029,-0.7265435264293524,-0.539488648300553,0.6598043485277364,0.6873051190945135,Footwear & Accessories,Consumer Cyclical,SKX
2016Q3,2016,Q3,2016-11-04,2016-09-30,65110000.0,942417000.0,103351000.0,0.42,429978000.0,0.45625025864346674,2227310000.0,1596315000.0,1694424000.0,462779000.0,552506000.0,523345000.0,1204381000.0,3531431900.0,2940641900.0,10.351498920310483,3.6614107381709196,0.033448868814848404,0.04667061325615558,0.04691559499091467,10.351498920310483,0.040787689146565685,3.7472073402750588,13.559483566272462,2.212240002756348,0.0,0.9791609741184114,0.0,0.4231189192344128,2.3998474433801014,0.02923257202634568,101.07421219840293,0.45625025864346674,-0.125,6.406449127318824,1.147479336434546,0.6624400474534939,0.03297025373930341,-0.121405535239586,0.02985401823526481,1.3773640731672276,0.7913272706294336,0.7070012634274193,Footwear & Accessories,Consumer Cyclical,SKX
2016Q2,2016,Q2,2016-08-05,2016-06-30,74107000.0,877810000.0,100355000.0,0.48,416254000.0,0.47419601052619587,2291432000.0,1524481000.0,1765938000.0,610890000.0,699741000.0,590711000.0,1139271000.0,4578336280.0,4022611280.0,9.896078520470759,2.8907626577616266,0.03190232134316009,0.04795205712632693,0.05485114519003732,9.896078520470759,0.04861129787776955,5.215634681764847,15.445019633772787,3.0032098005813124,0.0,0.781356704039708,0.0,0.3830835913961226,1.8300250454255267,0.03234091170935904,23.62256351515902,0.47419601052619587,-0.23809523809523814,3.332027725004549,0.8965489371955566,0.5796286745953748,-0.036787982006331106,-0.2408003114371184,-0.2756766510285096,9.232485459323067,1.0077946031091827,0.6820562273366331,Footwear & Accessories,Consumer Cyclical,SKX
2016Q1,2016,Q1,2016-05-06,2016-03-31,97612000.0,978794000.0,138550000.0,0.63,432152000.0,0.441514762043903,2068410000.0,1438756000.0,1553759000.0,481905000.0,569587000.0,501855000.0,1065164000.0,4681535250.0,4320683250.0,9.35806692900582,3.2242018655129123,0.040115837769107675,0.05767204446063127,0.07119733301634076,9.35806692900582,0.06784472141210879,4.782962758251481,11.990163222759497,3.2538771341353225,0.0,1.089242908808321,0.0,0.4732108237728497,2.0913333540843113,0.04719180433279669,-70.3313390120786,0.441514762043903,2.3157894736842106,6.781824413881396,0.9280806069121866,0.45769330874549413,0.31013114893255805,2.314724259712035,1.532536374936024,13.34074835791359,1.1269742725493779,0.5989164545331502,Footwear & Accessories,Consumer Cyclical,SKX
2015Q4,2015,Q4,2016-02-26,2015-12-31,29448000.0,722683000.0,54708000.0,0.19,329854000.0,0.4564297209149793,2047408000.0,1327556000.0,1570467000.0,577013000.0,671674000.0,620247000.0,967552000.0,4632582660.0,4209245660.0,8.657258748190367,2.7217185747981416,0.04134691277947532,0.06376680155112101,0.029469048680132993,8.657258748190367,0.02218211510474888,6.410255478543151,39.328499898125514,3.4895572465492983,0.0,0.6333428456727723,0.0,0.3529745903112618,1.5087736324831502,0.014383063854395412,353.36252173913044,0.4564297209149793,-0.5581395348837209,7.586105380398905,0.4956465152705535,0.3795994963315952,-0.14767729699281149,-0.5578511155821146,-0.4276507820264686,6.278545077853967,0.8067145055071785,0.4818667974593434,Footwear & Accessories,Consumer Cyclical,SKX
2015Q3,2015,Q3,2015-11-06,2015-09-30,66602000.0,856179000.0,95585000.0,0.43,387006000.0,0.4520152911949487,1940654000.0,1285468000.0,1512681000.0,518115000.0,615163000.0,500201000.0,938104000.0,6833382103.5,6423472103.5,8.407521501684162,2.9195854202252396,0.051925278797766115,0.07839090510226626,0.05677366829444881,8.407521501684162,0.05181148033245479,7.981254040919014,25.650063449671183,5.3158710317954245,0.0,0.937968936487532,0.0,0.4411806535322628,1.780973336035436,0.03431935831941191,145.20265407662396,0.4520152911949487,-0.16774247242421134,0.7094469352417035,0.4364669854006797,0.3220813253158893,0.03309592961175415,-0.1652001704645158,-0.14916059888554592,4.87177593492487,0.9263344801671963,0.4288864867361586,Footwear & Accessories,Consumer Cyclical,SKX
2015Q2,2015,Q2,2015-08-10,2015-06-30,79782000.0,800464000.0,112342000.0,0.516667,374608000.0,0.4679885666313538,1912525000.0,1222210000.0,1504546000.0,594678000.0,620670000.0,470640000.0,871502000.0,5588755250.4,5187075250.4,8.003365812771753,2.530017925667336,0.058677402909765884,0.09181891818918189,0.06518348442369686,8.003365812771753,0.06527683458652768,6.981894564152791,17.51258194329548,4.572663658782043,0.0,0.9048444671086181,0.0,0.4185377968915439,1.6200481605171202,0.04171553313028588,47.81168139891009,0.4679885666313538,0.4090905371904206,0.8471717672976206,0.4745096152613358,0.3313379839690683,0.12650508209538702,0.4226462196861626,0.27387769449704613,44.35677694753603,1.0102648899780151,0.38701272791949437,Footwear & Accessories,Consumer Cyclical,SKX
2015Q1,2015,Q1,2015-05-08,2015-03-31,56080000.0,767997000.0,88189000.0,0.366667,332540000.0,0.4329964830591786,1713583000.0,1133480000.0,1315295000.0,482350000.0,517050000.0,392192000.0,791720000.0,3653315640.0,3370114640.0,7.436947222003517,2.726847724681248,0.0662407365152432,0.10014204044182518,0.053981895830941005,7.436947222003517,0.049475950171154325,4.756939988046828,16.286178851640514,3.223096693369093,0.0,1.1103158656984333,0.0,0.4481819672580785,1.7680895615217167,0.03272674857301922,-57.945907656193,0.4329964830591786,1.5581478096460692,-0.08271971213334378,0.43401257772284174,0.28025116740730693,0.2907708371340183,1.5582774508462205,1.6714225130255664,15.833926544095117,1.1132548767349078,0.28292671544342696,Footwear & Accessories,Consumer Cyclical,SKX
2014Q4,2014,Q4,2015-02-27,2014-12-31,21921000.0,569722000.0,33012000.0,0.143333,257629000.0,0.4522012490302288,1674918000.0,1075249000.0,1285014000.0,505737000.0,540811000.0,453837000.0,735640000.0,2801014319.7,2452627319.7,7.069774016871478,2.5408740115910047,0.07062912930662875,0.11001916765325985,0.024927472138961515,7.069774016871478,0.020386905730672616,4.916458061475597,31.944417678253725,2.6049913273111622,0.0,0.6876764124564546,0.0,0.34014918939315236,1.4934600395067001,0.013087804895523244,96.20850174143024,0.4522012490302288,-0.57000057000057,-0.27618438528919315,0.3505736188797391,0.33015689958171746,-0.15392219324921674,-0.5712106097060031,-0.5547523029820752,1.3669272980803577,0.9201192530357616,0.21726578773673075,Footwear & Accessories,Consumer Cyclical,SKX
2014Q3,2014,Q3,2014-11-07,2014-09-30,51123000.0,674270000.0,74143000.0,0.333333,304498000.0,0.4515965414448218,1609337000.0,1050705000.0,1217037000.0,375258000.0,502889000.0,363006000.0,713719000.0,2698925370.0,2377755370.0,6.917948920536473,3.2432006779335816,0.07432874531561755,0.113847369147382,0.05149557506744485,6.917948920536473,0.048655902465487455,4.002736841324692,13.198195381726423,2.5686804288549117,0.0,1.01863881037779,0.0,0.4189737761575108,2.0977114411951243,0.031766497632254774,98.0571635663421,0.4515965414448218,0.47058460208146746,0.9157660040395161,0.5230457187560366,0.3532575297114915,0.13038700696055686,0.4689673007298431,0.37925068829526004,4.904601404006314,0.56002523917653,0.11101545971977451,Footwear & Accessories,Consumer Cyclical,SKX
2014Q2,2014,Q2,2014-08-08,2014-06-30,34802000.0,587051000.0,53756000.0,0.226667,269375000.0,0.45886132550664255,1551335000.0,1001817000.0,1163635000.0,370881000.0,496293000.0,360491000.0,662596000.0,2310815443.5,2018740443.5,6.604153070305547,3.1374888441305973,0.07911444014348931,0.12251039860573339,0.03621105543791288,6.604153070305547,0.034738879456028396,3.9363112293480462,16.59973164976151,2.3066243071339376,0.0,0.8812314315752682,0.0,0.3784166540431306,2.0058590221661396,0.022433581399246456,26.173607324891265,0.45886132550664255,0.11475756517633631,6.374417267766094,0.7952280015225758,0.3394591347911391,0.1205143030661015,0.12391409656063297,0.11619601328903655,2.112157504541507,0.288032966634802,0.05416600522036565,Footwear & Accessories,Consumer Cyclical,SKX
2014Q1,2014,Q1,2014-05-09,2014-03-31,30965000.0,546518000.0,48160000.0,0.203333,240403000.0,0.4398812115977882,1398824000.0,962997000.0,1013094000.0,269743000.0,385551000.0,312201000.0,627794000.0,1847389320.0,1643573320.0,6.349123778630484,3.755774941333047,0.08981258542890314,0.13045938876237412,0.032865342760695235,6.349123778630484,0.03215482498907058,3.3802899812997924,14.915140642661068,1.9183749482085612,0.0,0.9805061482826769,0.0,0.3906981864766404,2.414635412225711,0.022136451762337507,-48.68084323697594,0.4398812115977882,1.178575637770135,2.4438856160865186,0.4535210397381266,0.310392558046708,0.19815096314386105,1.1860218849276385,1.822481392486667,1.5022987614723748,0.09125995565881868,-0.011005657608627276,Footwear & Accessories,Consumer Cyclical,SKX
2013Q4,2013,Q4,2014-02-28,2013-12-31,14165000.0,450737000.0,17063000.0,0.093333,200645000.0,0.4451487230912927,1408570000.0,930322000.0,1014928000.0,310422000.0,428650000.0,358168000.0,596829000.0,1671834143.7,1428426143.7,6.145241728262952,3.2695105372686215,0.09130039685638626,0.13823493371112366,0.015744850476427798,6.145241728262952,0.015225911028654594,3.709112284325449,29.506426821390754,1.7970489182240128,0.0,0.6982533336311452,0.0,0.3199961663247123,1.9603990696535685,0.010056298231539789,40.40003247063941,0.4451487230912927,-0.4717009967905721,1.6366801247516407,0.38498938649656295,0.27430323596347744,-0.12960207529899662,-0.4724198294163656,-0.6125831573689349,3.18345518092822,-0.05510735986409131,-0.020709367740726705,Footwear & Accessories,Consumer Cyclical,SKX
2013Q3,2013,Q3,2013-11-08,2013-09-30,26849000.0,515756000.0,44043000.0,0.176667,230521000.0,0.4469574760157904,1357823000.0,916771000.0,968748000.0,272798000.0,392743000.0,309940000.0,582664000.0,1567726230.0,1366490230.0,6.064142506565065,3.5511550671192604,0.09690291002582811,0.14352221001755072,0.028078899181036496,6.064142506565065,0.02928648484736101,3.0396664895803442,14.59762216469887,1.7100521613358188,0.0,0.9202910240691746,0.0,0.37984037683851285,2.2307604894464035,0.019773564006501584,427.52283337878373,0.4469574760157904,2.7856943878972293,-0.13147461055085427,0.1706846639187328,0.20706300754464044,0.18280193335864625,2.784747674090781,1.566010254020042,-0.3030553591145361,-0.12486071148404539,-0.046414622861449956,Footwear & Accessories,Consumer Cyclical,SKX
2013Q2,2013,Q2,2013-08-09,2013-06-30,7094000.0,428247000.0,17164000.0,0.046667,194894000.0,0.4550971752283145,1321890000.0,887758000.0,927265000.0,264224000.0,386884000.0,285489000.0,555815000.0,1227266170.2,1029996170.2,5.883322067146474,3.509389760203464,0.1026832792441126,0.15289752387474964,0.011006638119404808,5.883322067146474,0.007990916443445174,2.865790467183658,43.2501469622216,1.3824332421673473,0.0,0.8173800041332591,0.0,0.32396568549576743,2.2373024403536395,0.0053665584882251925,16.80357864888548,0.4550971752283145,0.07693905337733359,-0.5568736673256366,0.10457334206790485,0.2007987275653474,0.011217649378411474,0.06197604790419162,0.11905072369278916,-0.8337756127245566,-0.2016352983135295,-0.02132548690750469,Footwear & Accessories,Consumer Cyclical,SKX
2013Q1,2013,Q1,2013-05-15,2013-03-31,6680000.0,451621000.0,15338000.0,0.043333,192732000.0,0.4267560631591534,1262052000.0,883093000.0,862059000.0,207277000.0,332894000.0,253659000.0,548721000.0,1056195000.0,931877000.0,5.852755409749147,4.158970845776425,0.11120223255460156,0.15892210673168058,0.011526415081299606,5.852755409749147,0.007564322217478794,2.338675570887979,39.52825598802395,1.1960178599535949,0.0,1.0206182315628463,0.0,0.35784658635301875,2.6786474138471705,0.005292967326227445,-17.460943312007142,0.4267560631591534,0.6249671879101513,-0.814467919024437,0.07028636107213414,0.21896795048591242,0.175474655558334,0.6885743174924166,0.9268844221105528,-0.8896318880746553,-0.14819406855814218,0.007536657475721517,Footwear & Accessories,Consumer Cyclical,SKX
2012Q4,2012,Q4,2013-03-01,2012-12-31,3956000.0,391114000.0,7960000.0,0.026667,163961000.0,0.41921536943193033,1340220000.0,875969000.0,940312000.0,292541000.0,421131000.0,339012000.0,542041000.0,924634998.0,741418998.0,5.8421301854074965,3.2142913301041562,0.10640790318007491,0.16280256493095074,0.004318524055353105,5.8421301854074965,0.0045161415529544995,2.364106112284398,58.43244426188068,1.0555567582871082,0.0,0.670044128231449,0.0,0.29182820730924774,1.8698712317247839,0.002951754189610661,-132.07184659334382,0.41921536943193033,-0.6363574379883545,-0.6997289406915403,0.18867908107618162,0.2831630377403609,-0.13514468673186272,-0.6404943656852053,-0.6075724709130349,-0.867501830761647,-0.059530657733776984,0.09917937346082333,Footwear & Accessories,Consumer Cyclical,SKX
2012Q3,2012,Q3,2012-11-09,2012-09-30,11004000.0,431187000.0,20284000.0,0.073333,189582000.0,0.4396746655163537,1316141000.0,872763000.0,931419000.0,329578000.0,399844000.0,302140000.0,538085000.0,1007153910.0,837405910.0,5.883967396800356,2.8260957952290506,0.10500242755145535,0.1583453927354849,0.015187164807910799,5.883967396800356,0.012608233850426748,2.3357705821372168,22.88154103053435,1.153983280684447,0.0,0.7996458595353148,0.0,0.3276145944849374,1.68714841403249,0.008360806326981683,-15.221162948857454,0.4396746655163537,6.50011250281257,-0.588763569128079,0.009353255880636433,0.31981667917259854,0.09616018409838625,7.175084175084175,14.248856956237754,-0.5777651343406266,-0.0027084467298806496,0.15099479278599934,Footwear & Accessories,Consumer Cyclical,SKX
2012Q2,2012,Q2,2012-08-09,2012-06-30,-1782000.0,385610000.0,-1531000.0,-0.013333,172951000.0,0.4485127460387438,1340666000.0,853346000.0,944846000.0,375260000.0,446577000.0,258125000.0,527081000.0,1004159520.0,771722520.0,5.77021800281294,2.5178436284176304,0.10573252398434808,0.16611315925779227,-0.0004887261539474683,5.77021800281294,-0.002088250252535314,2.6040805995695133,-140.87535353535353,1.1767319703848145,0.0,0.8238605326876514,0.0,0.2876257024493796,1.6417577146511753,-0.0013291901189408845,-48.47031520007723,0.4485127460387438,0.428577551107873,-1.1102171396381197,0.012208308887561458,0.3530229138102898,0.10277876963884922,0.513911620294599,0.6515703231679563,0.7177244843091761,0.20956830983893612,0.17031981713992694,Footwear & Accessories,Consumer Cyclical,SKX
2012Q1,2012,Q1,2012-05-10,2012-03-31,-3666000.0,352410000.0,-4394000.0,-0.023333,156832000.0,0.44502709911750515,1312512000.0,856747000.0,915651000.0,337083000.0,415390000.0,214577000.0,528863000.0,626650800.0,373672800.0,5.796860516255625,2.7163962584882655,0.10562798663936025,0.16181906677233768,-0.0020748462631958965,5.796860516255625,-0.004278976173829613,1.7781867710904913,-42.73396072013093,0.7314303989392434,0.0,0.9114583576058944,0.0,0.26850040228203625,1.8553501659828588,-0.0027931173200702163,16.49645405006976,0.44502709911750515,0.9406787632870875,-1.1368437079461389,-0.08842933752342401,0.3581365569375173,0.3550254447430038,0.9364214980662839,0.9571082737886064,-1.4184287271059761,-0.0381297906993154,0.19641121285159013,Footwear & Accessories,Consumer Cyclical,SKX
2011Q4,2011,Q4,2012-02-29,2011-12-31,-57661000.0,286376000.0,-102444000.0,-0.393333,115741000.0,0.40415747129647733,1281888000.0,852561000.0,887351000.0,308466000.0,389361000.0,226407000.0,532529000.0,593043720.0,378902720.0,5.8079131838711655,2.876657394980322,0.10687595172121121,0.16069583290814382,-0.06288853092235894,5.8079131838711655,-0.06763269724981556,2.070856915383971,-2.5712514524548653,0.6956026841481138,0.0,0.7536648601854183,0.0,0.22340173244464415,1.7304921774198778,-0.04498130881949125,6.959626813124912,0.40415747129647733,-7.941129758060247,-4.552053753499178,-0.15522209059798256,0.7052169780754393,-0.3446186601434873,-7.95968617984309,-45.65736704446382,-1.672857822133374,-0.09249541425879848,0.20435336666471365,Footwear & Accessories,Consumer Cyclical,SKX
2011Q3,2011,Q3,2011-11-09,2011-09-30,8285000.0,413589000.0,2294000.0,0.056667,176601000.0,0.42699636595750856,1248305000.0,904956000.0,828335000.0,226032000.0,305079000.0,238360000.0,590190000.0,679688194.5,570030194.5,6.226690060893797,3.6646802222694133,0.11080304893435498,0.15284279014670327,0.01078896154740625,6.226690060893797,0.009155141244436194,1.6433904056926079,20.509601523838263,0.7510731952713724,0.0,0.9942440006712535,0.0,0.33132047055807673,2.2124610674594747,0.006636999771690412,-393.56583352634624,0.42699636595750856,1.2741947190407759,-0.6817060307534223,0.06523396428413888,0.8179770090869063,0.22041242242892486,1.2769421045594331,1.047437859299392,-0.7212157915330956,-0.023469363264256388,0.23941797604754964,Footwear & Accessories,Consumer Cyclical,SKX
2011Q2,2011,Q2,2011-08-09,2011-06-30,-29916000.0,435727000.0,-48358000.0,-0.206667,144706000.0,0.3321024402894473,1348463000.0,908542000.0,944722000.0,320433000.0,401585000.0,325815000.0,581905000.0,699982514.1,586264514.1,6.2648131675665235,2.9482668763828945,0.10164461316328294,0.1508614901677633,-0.027306933142397984,6.2648131675665235,-0.03292748161339817,1.6064703681433559,-5.849566403429602,0.7704459607811197,0.0,0.8932093365867133,0.0,0.32312862866834313,1.6762162448936284,-0.02218525832744391,151.8400247505423,0.3321024402894473,-3.5833375,-2.443043127369386,0.26719256455886514,0.9244574297974142,-0.2550834457268169,-3.533536585365854,-4.286306489976215,-2.9443524221928943,0.16936418114347632,0.2786618842536373,Footwear & Accessories,Consumer Cyclical,SKX
2011Q1,2011,Q1,2011-05-09,2011-03-31,11808000.0,477882000.0,14715000.0,0.08,194258000.0,0.40649783837851183,1332065000.0,929128000.0,965061000.0,314179000.0,364575000.0,376189000.0,611821000.0,990916044.3000001,882934044.3000001,6.419777653407403,3.071691615289373,0.06750121052651335,0.09677461017211837,0.012822546787673486,6.419777653407403,0.012708690298860867,2.07355800030133,20.979760423018295,1.066501111041751,0.0,0.7539401736892891,0.0,0.3587527635663425,1.68216844537668,0.00886443229121702,-21.814812528619235,0.40649783837851183,2.5768674698795184,-0.4056312355140228,0.43843871803351264,1.0840213009778015,0.04658104001896429,2.6478220574606115,9.655322230267922,-0.6580918889862853,0.18069314431136949,0.33706308582690087,Footwear & Accessories,Consumer Cyclical,SKX
2010Q4,2010,Q4,2011-03-01,2010-12-31,3237000.0,456039000.0,1381000.0,0.022365939099973052,185612000.0,0.40700904966461204,1304794000.0,908203000.0,973364000.0,307310000.0,358960000.0,398588000.0,600013000.0,964864824.3,813286824.3,6.275197092497011,3.1673684553057173,0.06282984133893933,0.09026616296136436,0.004488998152659333,6.275197092497011,0.003564181135715253,2.1157506798760632,74.51844487951807,1.0623889420096608,0.0,0.6784624725280239,0.0,0.34951034416160714,1.657170284077967,0.0024808513834367724,-15.239600465939064,0.40700904966461204,-0.9093273964495735,-0.5416972336738618,0.7047924375586654,1.206858860572241,-0.2707915093561301,-0.9110176480290285,-0.9751475669450044,-0.7454566018091374,0.43590328078609686,0.378281672623545,Footwear & Accessories,Consumer Cyclical,SKX
2010Q3,2010,Q3,2010-11-09,2010-09-30,36378000.0,556514000.0,55568000.0,0.246667,254539000.0,0.45738112608128456,1230276000.0,907842000.0,921998000.0,271835000.0,287637000.0,326651000.0,596776000.0,1117795140.0,902865140.0,6.359307359307359,3.3917560284731545,0.027553166931647857,0.037339096450703976,0.04079397486081712,6.359307359307359,0.04007084933281342,2.008566073809464,7.681807273626917,1.2312661674608578,0.0,0.9244576015380329,0.0,0.45234890382320714,1.9843287288244706,0.02956897476663773,-39.010090737767854,0.45738112608128456,-0.09755865555933603,1.4099640790353851,0.7069401277008052,1.2493257331113174,0.06715998658393427,-0.09590675249148793,-0.05470876428960261,0.4125552122018462,0.3535653789700894,0.42643888974690813,Footwear & Accessories,Consumer Cyclical,SKX
2010Q2,2010,Q2,2010-08-06,2010-06-30,40237000.0,505734000.0,58784000.0,0.273333,238520000.0,0.47163133188593215,1135842000.0,855235000.0,844106000.0,231650000.0,246182000.0,219360000.0,560398000.0,1731846697.8,1490967697.8,6.011520672542983,3.6438851715950786,0.028513648905393534,0.03786912369114922,0.04397821441553147,6.011520672542983,0.04704788742275515,3.4244221226969116,10.760287159828017,2.024995115728425,0.0,1.2181528081692194,0.0,0.4452503077012472,2.528745952946255,0.035424821410020055,-31.24836162173866,0.47163133188593215,-0.2869567712667576,1.1098923643075949,0.5993098378071274,1.2163544036519256,0.003015100734641699,-0.2852600540002842,-0.27433431678743814,1.5870143879886613,0.37998884757360224,0.4096044920364823,Footwear & Accessories,Consumer Cyclical,SKX
2010Q1,2010,Q1,2010-05-10,2010-03-31,56296000.0,493149000.0,81007000.0,0.383333,237803000.0,0.4822132864509509,1061121000.0,815249000.0,851583000.0,242558000.0,242558000.0,189002000.0,520161000.0,1699090598.1,1390558598.1,5.808975153730503,3.5108427675030303,0.016347805763904398,0.021278161641412625,0.0666486646588358,5.808975153730503,0.06905374922263015,3.4453899290072574,7.545343355211738,2.0841369913977204,0.0,1.3510227405001005,0.0,0.46474341757443305,2.5662357044500697,0.05305332756584782,95.99381910169491,0.4822132864509509,0.9250734709439632,3.616431028817089,0.6862772043230063,1.2375555779877907,0.25235273981620454,1.0144564517283332,0.9421481659074562,1.2129871736540754,0.343350245244094,0.3609748746756342,Footwear & Accessories,Consumer Cyclical,SKX
2009Q4,2009,Q4,2010-03-05,2009-12-31,27946000.0,389253000.0,41710000.0,0.1991264259706576,189885000.0,0.4878189763470031,995552000.0,745922000.0,789009000.0,230541000.0,246182000.0,224050000.0,463865000.0,1375824531.9,1128325531.9,5.314992553957091,3.4224237771155672,0.018257208061457364,0.024367159032713876,0.0375254365367464,5.314992553957091,0.037465043261896015,3.53452518516235,12.307884240141702,1.844461662077268,0.0,0.8898370899352823,0.0,0.39099213300761787,2.289293444549993,0.028070859181639936,84.98514620421274,0.4878189763470031,0.14880851292401112,10.056569661579399,0.5872421183450671,1.1296016893825327,0.03117668780954036,0.14251839738348324,0.28556017876406226,0.8006595325086837,0.20102622004980134,0.5604943211825422,Footwear & Accessories,Consumer Cyclical,SKX
2009Q3,2009,Q3,2009-11-06,2009-09-30,24460000.0,405792000.0,32445000.0,0.173333,184144000.0,0.453789133349105,927834000.0,711677000.0,725103000.0,195344000.0,211095000.0,191819000.0,435919000.0,795377059.5,565856059.5,5.112071256689293,3.7119287001392416,0.01817027614853519,0.02368911739454837,0.031189639104444198,5.112071256689293,0.034369524376929424,1.9600609659628578,8.1293648763287,1.1176096171437324,0.0,1.1555059717754759,0.0,0.4373540956679751,2.52075313293472,0.026362474321915342,45.17904342516331,0.453789133349105,5.000023077100592,2.3884645947554994,0.31712661268272907,1.0729998056596879,0.4978972627811445,5.1268770035431075,5.199456381050997,-0.018983000148634396,0.09109782421279698,0.4925470711707641,Footwear & Accessories,Consumer Cyclical,SKX
2009Q2,2009,Q2,2009-08-07,2009-06-30,-5927000.0,299308000.0,-7726000.0,-0.043333,122935000.0,0.41073075226856615,901201000.0,684575000.0,696695000.0,196111000.0,211969000.0,191283000.0,411460000.0,452179768.2,212294768.2,4.9304625268282845,3.55255442071072,0.01901795492903359,0.025035971223021584,-0.0093386427000241,4.9304625268282845,-0.008657926450717598,1.5107506922634877,-19.072877011979077,0.6605262654931892,0.0,0.9220526654224369,0.0,0.3321212470913814,2.353085752456517,-0.0065767792090776645,5.251919535877721,0.41073075226856615,-1.722216666666667,-1.5901141150354146,0.05917834920776871,1.060979409791386,-0.02200459821322026,-1.7210462287104622,-2.2556476515520885,-1.2986167920206892,-0.09081977506922677,0.5145647584855404,Footwear & Accessories,Consumer Cyclical,SKX
2009Q1,2009,Q1,2009-05-08,2009-03-31,8220000.0,343742000.0,6153000.0,0.06,125701000.0,0.36568414683105355,812079000.0,671851000.0,530735000.0,119838000.0,135917000.0,172886000.0,417387000.0,308289447.90000004,252921447.90000004,4.845207445389181,4.428770506850915,0.02196461181732319,0.02654904137971068,0.009939433111200303,4.845207445389181,0.012234855645076067,0.8968629027002811,9.376199753649635,0.45886580194120424,0.24330900243309003,1.2611836701641543,0.006487409846894081,0.4232864044015422,2.607653665782139,0.010122167917160769,-6.90860182637146,0.36568414683105355,1.4082726469722249,-0.03759771230276923,0.28029445909001643,1.0905058752812586,0.32280638983015175,1.403376190008833,1.1753640949639468,-0.568136579134932,0.07993660135940359,0.5728762067776394,Footwear & Accessories,Consumer Cyclical,SKX
2008Q4,2008,Q4,2009-03-02,2008-12-31,-20378000.0,298087000.0,-35087000.0,-0.14696061674707744,95026000.0,0.3187861261980563,876316000.0,668693000.0,602007000.0,188236000.0,204424000.0,261209000.0,409166000.0,592548597.9,494367597.9,4.8224328047135865,3.1981501944367707,0.019125520930805783,0.025063818523597525,-0.03199512929185599,4.8224328047135865,-0.03047437314283236,1.9878377718585514,-7.26946459294337,0.8861295062158568,0.0,0.77738898736261,0.0,0.3401592576193976,1.582168129369515,-0.023254168587587127,-18.597928436018957,0.3187861261980563,-1.7348030837353872,-0.361972368929611,0.4029048896881896,1.1577526208515696,-0.44601267409389556,-1.7203506663367387,-2.4177138470241224,-4.011385164518406,0.16307449206040264,0.6959512837168295,Footwear & Accessories,Consumer Cyclical,SKX
2008Q3,2008,Q3,2008-11-07,2008-09-30,28289000.0,403159000.0,24749000.0,0.2,171531000.0,0.4254673714340992,914250000.0,695029000.0,656754000.0,200176000.0,216356000.0,250070000.0,429544000.0,776115450.0,641719450.0,5.023882323177563,3.2808828231156584,0.018139458572600492,0.023860874869969455,0.03999232176184448,5.023882323177563,0.04070189876969162,1.9250852641265606,6.858809519601259,1.1166662829896308,0.0,0.9262526492582077,0.0,0.4409723817336615,1.8551774438494124,0.030942302433688815,399.853400309119,0.4254673714340992,0.9354901144842405,4.970117461206755,0.49471047114239813,1.1668620684774411,0.09121271303429541,0.9321767638822485,0.23906077901271652,0.933865802904694,0.27601429738991906,0.7769777667857791,Footwear & Accessories,Consumer Cyclical,SKX
2008Q2,2008,Q2,2008-08-08,2008-06-30,14641000.0,354574000.0,19974000.0,0.103333,157193000.0,0.44332917811232636,911404000.0,676132000.0,651149000.0,216365000.0,232652000.0,234152000.0,401255000.0,908964600.0000001,779835600.0000001,4.899507246376811,3.0094932174797218,0.018096255886522333,0.02439316583152402,0.01930256126585306,4.899507246376811,0.021654055716931013,2.5635399098636675,15.520876306263235,1.3443596812456742,0.0,0.842960982609587,0.0,0.38904152274951614,1.7911307281676796,0.016064226182900227,-42.044710671168886,0.44332917811232636,-0.5571436530623615,6.656328091128471,0.27019855410007315,1.0628565476927816,-0.08700020909323235,-0.5542260382413835,-0.5860911370371138,-0.208542712057931,0.1559508752716487,0.8063723062334894,Footwear & Accessories,Consumer Cyclical,SKX
2008Q1,2008,Q1,2008-05-09,2008-03-31,32844000.0,384922000.0,48257000.0,0.233333,172172000.0,0.4472906199178015,859028000.0,660865000.0,607404000.0,181798000.0,198163000.0,178368000.0,386614000.0,927239388.0,791491388.0,4.8014022086602735,3.341092861307605,0.01942660774736097,0.02525175338382272,0.04714955538191116,4.8014022086602735,0.049698501206751754,2.40890203210001,7.057905462184873,1.403069292518139,0.0,1.1927587908144959,0.0,0.44809016702598753,2.192834904674419,0.038233910885326204,-21.689302893499566,0.4472906199178015,1.655527874979329,2.1903948647092717,0.5166420489108303,1.0211202075340193,0.3530003457705969,1.7157268066809988,1.815953784209605,1.7461923232091987,0.3420529093341614,0.8494491730182935,Footwear & Accessories,Consumer Cyclical,SKX
2007Q4,2007,Q4,2008-02-29,2007-12-31,12094000.0,302041000.0,17137000.0,0.08786689915722173,127252000.0,0.4213070410970696,827977000.0,626663000.0,708740000.0,184852000.0,201314000.0,204211000.0,353770000.0,895114212.0,712497212.0,4.552913397268236,3.834094302469002,0.020409987233944903,0.02696664714527585,0.01737019278426941,4.552913397268236,0.019299049090180848,2.9635520078399953,18.503270464693237,1.4283821001080326,0.0,0.8559235300742859,0.0,0.3647939495903872,2.607177633999091,0.014606685934512673,11.810608557970154,0.4213070410970696,-0.502641131862647,2.1548571047126237,0.37276405767681126,0.9867756606049004,-0.25874060697850526,-0.5112350468800517,-0.5315199562602515,3.878842608373593,0.2558078751632059,0.824253178909172,Footwear & Accessories,Consumer Cyclical,SKX
2007Q3,2007,Q3,2007-11-09,2007-09-30,24744000.0,395033000.0,36580000.0,0.176667,171670000.0,0.43457128898092057,769968000.0,611496000.0,654349000.0,141905000.0,158472000.0,186819000.0,341676000.0,1042891437.9,938723437.9,4.458170206250957,4.611176491314612,0.022065852087359474,0.027784319112471707,0.03732207062763685,4.458170206250957,0.040464696416656856,2.640010930479226,10.53681132698836,1.7054754861847012,0.0,1.195611795374132,0.0,0.5130511917378384,3.097903527007505,0.03213640047378592,257.3769590078973,0.43457128898092057,0.6562479492251586,0.44013173045715037,0.2419820366319395,0.888729127451317,0.12919988423185202,0.6553385068236554,0.678135608771447,2.47908839186412,0.3013870394361793,0.8078359058596649,Footwear & Accessories,Consumer Cyclical,SKX
2007Q2,2007,Q2,2007-08-09,2007-06-30,14948000.0,352211000.0,21798000.0,0.106667,152028000.0,0.4316389891286757,796117000.0,583102000.0,684642000.0,196357000.0,213015000.0,204707000.0,316932000.0,1330814642.4,1231556642.4,4.264686092095255,3.4867206160208193,0.021417706191426637,0.02924188220928757,0.023670157160453797,4.264686092095255,0.02563530908828987,3.778458487667904,22.25740303719561,2.2823016254446045,0.0,0.9779001206602608,0.0,0.4424111028906555,2.3068288881985364,0.018776134663623562,34.59177174048659,0.4316389891286757,-0.3846122781005348,-0.42730848631108537,0.11768217221407126,0.8889794204515044,0.020055153349123382,-0.3745606694560669,-0.41739943872778296,0.5113326900423771,0.26569655121409236,0.7826786386075955,Footwear & Accessories,Consumer Cyclical,SKX
2007Q1,2007,Q1,2007-05-10,2007-03-31,23900000.0,344896000.0,37415000.0,0.173333,149039000.0,0.43212736593059936,709244000.0,562781000.0,603418000.0,129716000.0,146463000.0,169052000.0,301984000.0,1475435070.0,1377280070.0,4.268245697860496,4.651839403003485,0.02419477640981101,0.03049143450116475,0.04032198965067136,4.268245697860496,0.04246767392644741,4.27791296506773,15.433421234309623,2.6216860021926824,0.0,1.15856067955422,0.0,0.4862868067970966,3.1451941163773167,0.03369785292508643,-30.653295452184572,0.43212736593059936,0.5674148583087579,-0.0118344073374274,0.1805093535887208,1.140085437827739,0.16497698013804102,0.6391194019614567,0.600162518176375,1.9427495808834099,0.3509398119348376,0.8415708324341143,Footwear & Accessories,Consumer Cyclical,SKX
