Quarters,Year,Quarter,FillingDate,Date,NetIncome,Revenue,OperatingIncome,EPSDiluted,GrossProfit,GrossProfitRatio,TotalAssets,CommonStockEquity,CurrentAssets,CurrentLiability,TotalLiability,Inventory,RetainedEarnings,MarketCap,EnterpriseValue,bookValuePerShare,currentRatio,debtToAssets,debtToEquity,roic,shareholdersEquityPerShare,roe,priceToSalesRatio,peRatio,pbRatio,payoutRatio,inventoryTurnover,dividendYield,assetTurnover,quickRatio,returnOnAssets,priceToFreeCashFlowsRatio,grossProfitMargin,epsdilutedGrowth,fiveYNetIncomeGrowthPerShare,fiveYRevenueGrowthPerShare,fiveYShareholdersEquityGrowthPerShare,grossProfitGrowth,netIncomeGrowth,operatingIncomeGrowth,threeYNetIncomeGrowthPerShare,threeYRevenueGrowthPerShare,threeYShareholdersEquityGrowthPerShare,Industry,Sector,Symbol
2023Q1,2023,Q1,2023-05-09,2023-03-31,16210000.0,405997000.0,23403000.0,0.82,113976000.0,0.2807311384,385152000.0,185725000.0,274909000.0,125757000.0,199427000.0,0.0,501630000.0,1230334200.0,1256263200.0,9.54638910305834,2.1860333818395796,0.06776545363908275,0.14053035401803743,0.07869053232575053,9.54638910305834,0.08727958002422938,3.0304021950901117,18.974925971622458,6.624494279176202,0.43201727328809375,0.0,0.005691949390661496,1.054121489697574,2.1207248900657616,0.04208727982718511,71.59766061452514,0.28073113840742664,1.342857142857143,1.2525136397345373,0.49475356971776185,0.7605888389984614,-0.046058303132768104,1.2921380090497738,-0.02296163319834676,0.9721133029682164,0.3417912127882841,0.3412950823552723,Staffing & Employment Services,Industrials,KFRC
2022Q4,2022,Q4,2023-02-24,2022-12-31,7072000.0,419662000.0,23953000.0,0.35,119479000.0,0.2847029276,392004000.0,182198000.0,277760000.0,131433000.0,209806000.0,0.0,492764000.0,1123905340.0,1170340340.0,8.88857449507269,2.1133200946489845,0.11876409424393629,0.2555242099254657,0.0737598534817949,8.88857449507269,0.03881491564122548,2.6781203444676906,39.730816600678736,6.168593178849383,0.8290441176470589,0.0,0.005216631500300551,1.070555402495893,2.05163086895985,0.018040632238446548,120.99314673269458,0.2847029275941115,-0.6728971962616823,0.4793255749428799,0.5733303463769879,0.7427370341292905,-0.05676955869582379,-0.682328631749169,-0.2351926945304767,-0.4433180253138298,0.3959216435712832,0.21826447151815656,Staffing & Employment Services,Industrials,KFRC
2022Q3,2022,Q3,2022-11-02,2022-09-30,22262000.0,437620000.0,31319000.0,1.07,126670000.0,0.289452036,412837000.0,208976000.0,296267000.0,162986000.0,203861000.0,0.0,491856000.0,1221914100.0,1228776100.0,10.03052702313526,1.8177450823997152,0.0289484711883867,0.057188385269121816,0.09844288677502373,10.03052702313526,0.10652897940433351,2.7921806590192406,13.72197129637948,5.847150390475461,0.26848441290090735,0.0,0.004891505875904043,1.060030956527637,1.7562735449670523,0.05392443022306625,200.14972972972973,0.2894520360129793,-0.1574803149606299,1.8151987176810382,0.6386965430126498,0.8757668559981435,-0.0335845947265625,-0.17290830732649726,-0.07474371473307927,0.6747640525302387,0.4233649251229099,0.24983275654508585,Staffing & Employment Services,Industrials,KFRC
2022Q2,2022,Q2,2022-08-03,2022-06-30,26916000.0,436516000.0,33849000.0,1.27,131072000.0,0.3002684896,442052000.0,210533000.0,326293000.0,189516000.0,231519000.0,0.0,475890000.0,1301205420.0,1285087420.0,9.92471597605242,1.721717427552291,0.03134472867445459,0.06581391040834454,0.10471042127743346,9.92471597605242,0.1278469408596277,2.980888260682312,12.085798595630852,6.180529513187957,0.22637093178778422,0.0,0.004682581171541692,0.9874765864649407,1.6658276873720426,0.06088876421778433,42.27300672492772,0.30026848958571967,0.4111111111111111,2.0424260523174698,0.6157618403837688,0.9631669634835086,0.05800494002550732,0.40326364631666756,0.22004757785467127,-0.5835096790999276,0.492165496227175,0.13503984512212866,Staffing & Employment Services,Industrials,KFRC
2022Q1,2022,Q1,2022-05-04,2022-03-31,19181000.0,416967000.0,27744000.0,0.9,123886000.0,0.2971122415,529494000.0,198205000.0,405454000.0,183198000.0,331289000.0,0.0,455365000.0,1579999200.0,1568819200.0,9.279260299625468,2.2132010174783567,0.19914673254087864,0.5320097878459171,0.06543428579309345,9.279260299625468,0.09677354254433541,3.7892667765074934,20.593285021635992,7.971540576675664,0.3177102340858141,0.0,0.0038569639782096094,0.7874820111276049,2.1721525344163144,0.03622515080435283,43.262758412967884,0.2971122414963294,-0.062499999999999944,2.837669156459373,0.47421597185198,0.869310681810547,0.032495186978589344,-0.06707198443579766,0.19221348459455975,-0.1436104161131671,0.5301264638141503,0.33084210029404315,Staffing & Employment Services,Industrials,KFRC
2021Q4,2021,Q4,2022-02-25,2021-12-31,20560000.0,410358000.0,23271000.0,0.96,119987000.0,0.292395908,503401000.0,188406000.0,372111000.0,160431000.0,314995000.0,0.0,442596000.0,1617530880.0,1626879880.0,8.761439732142858,2.3194457430297137,0.21123915129290566,0.564408776790548,0.06828704472535721,8.761439732142858,0.10912603632580703,3.9417554428084745,19.668420233463035,8.5853469634725,0.25700389105058363,0.0,0.0032667073410060647,0.815171205460458,2.277122251933853,0.04084219141400196,140.16732062391682,0.29239590796329057,0.020214053661133727,1.7733040159726625,0.5687267641746596,0.9287460026754324,0.006062181379125302,0.01943673145577152,-0.20484521287500854,0.521835313821053,0.38778099975188424,0.3550404975114931,Staffing & Employment Services,Industrials,KFRC
2021Q3,2021,Q3,2021-11-03,2021-09-30,20168000.0,402725000.0,29266000.0,0.940979,119264000.0,0.29614252902104415,522626000.0,189969000.0,393585000.0,161579000.0,332657000.0,0.0,427622000.0,1278264120.0,1281752120.0,8.863388233098492,2.4358672847337837,0.22792398388139892,0.6270444125094095,0.06464760775171953,8.863388233098492,0.10616469002837305,3.1740371717673352,15.84520180483935,6.728803752191148,0.2629908766362555,0.0,0.004149377203828579,0.770579726228699,2.3860835875949227,0.03858973721169632,60.11965572382655,0.29614252902104415,-0.05902099999999999,1.8283613049607585,0.5140971482113555,0.8629675306284698,0.002799942823990381,-0.04814045686237493,-0.11644476647646651,0.43848719266992625,0.30728049189149753,0.3369661598231485,Staffing & Employment Services,Industrials,KFRC
2021Q2,2021,Q2,2021-08-04,2021-06-30,21188000.0,403614000.0,33123000.0,1.0,118931000.0,0.29466519991873424,518132000.0,186279000.0,391690000.0,240101000.0,331853000.0,0.0,413018000.0,1300951890.0,1304381890.0,9.01073864460891,1.6313551380460722,0.2329695907606556,0.6480011166046629,0.07136194797237369,9.01073864460891,0.11374336344944948,3.2232575926504037,15.350102534453464,6.983889166250624,0.2239947139890504,0.0,0.0036480980092200026,0.7789791018504937,1.6001516028671268,0.04089305427960443,103.42252086811352,0.29466519991873424,0.6495743273448287,1.4698259246459722,0.5255506313613328,0.798493037188458,0.20519446302263838,0.5977678908076314,0.7028944527273662,0.645011025501225,0.4218266697430344,0.5656957219355908,Staffing & Employment Services,Industrials,KFRC
2021Q1,2021,Q1,2021-05-05,2021-03-31,13261000.0,363225000.0,19451000.0,0.606217,98682000.0,0.27168284121412345,493354000.0,176656000.0,352471000.0,125572000.0,316698000.0,0.0,396849000.0,1172500000.0,1189459000.0,8.075702857142858,2.8069235179817156,0.23978725215565294,0.6696630739969206,0.045327263539797026,8.075702857142858,0.07506679648582557,3.228026705210269,22.10429077746776,6.637193189022733,0.3609079254958148,0.0,0.004081876332622601,0.7362360495708964,2.751943108336253,0.02687927938153942,55.63199848168533,0.27168284121412345,-0.2648814287723792,3.433357313502936,0.3756190239721701,0.7729258585680566,-0.017708364439931915,-0.2747607328411266,-0.1958409128493468,0.6388675761775012,0.18933905598520823,0.48935813990640065,Staffing & Employment Services,Industrials,KFRC
2020Q4,2020,Q4,2021-02-26,2020-12-31,18285000.0,354048000.0,24188000.0,0.824652,100461000.0,0.2837496610629067,479049000.0,179935000.0,338892000.0,108166000.0,299114000.0,0.0,388645000.0,933261570.0000001,949987570.0000001,8.11504983538538,3.1330732392803653,0.25093883924191474,0.6680856976130269,0.06031317658751915,8.11504983538538,0.101620029455081,2.6359746983459873,12.759933962264153,5.186659460360685,0.22794640415641235,0.0,0.0044660576776990825,0.7390642710870913,3.068052807721465,0.03816937307039572,66.14654263236233,0.2837496610629067,-0.03501280756588375,0.9006968724103016,0.3365597548012696,0.5942175724223893,-0.03289435684167966,-0.025475670201993286,-0.09469271652069766,2.5359287882921255,0.22707031700724273,0.5910760369697782,Staffing & Employment Services,Industrials,KFRC
2020Q3,2020,Q3,2020-11-04,2020-09-30,18763000.0,365424000.0,26718000.0,0.854573,103878000.0,0.28426704321555235,478226000.0,170206000.0,338688000.0,127778000.0,308020000.0,0.0,374767000.0,706324520.0,726136520.0,7.752140644926216,2.6505971293962967,0.25319618757658513,0.7114026532554669,0.06225090243038849,7.752140644926216,0.11023700692102512,1.9328903410832348,9.411135212919044,4.149821510405038,0.22192613121569046,0.0,0.005895307159943987,0.7641240752280303,2.5925824476826995,0.03923458783085822,13.226555559716864,0.28426704321555235,0.818240425531915,0.773561865837114,0.3697271468675744,0.5339055365316913,0.06693645299452552,0.8981284774911482,0.7310009718172984,1.2514722258386735,0.29842802491908627,0.4496953600991842,Staffing & Employment Services,Industrials,KFRC
2020Q2,2020,Q2,2020-08-10,2020-06-30,9885000.0,343020000.0,15435000.0,0.47,97361000.0,0.28383476182146816,438833000.0,152476000.0,302325000.0,109716000.0,286357000.0,0.0,360409000.0,608107500.0,675512500.0,7.334102934102934,2.7555233511976374,0.27294209870269553,0.7855400194128912,0.03729775400498471,7.334102934102934,0.06482987486555261,1.7728047927234563,15.379552352048558,3.9882178178860936,0.4210419828022256,0.0,0.0068441846219624,0.7816640954531678,2.686590834518211,0.02252565326673245,17.8126922288292,0.28383476182146816,0.11904761904761903,0.15387252271579027,0.3759791710721449,0.49266932844345057,0.03001354153442512,0.08554799033604217,0.10923463887890765,0.1400759595752418,0.2955203088346791,0.4507285268172697,Staffing & Employment Services,Industrials,KFRC
2020Q1,2020,Q1,2020-05-07,2020-03-31,9106000.0,335208000.0,13915000.0,0.42,94524000.0,0.28198611011670366,405488000.0,153399000.0,274762000.0,93294000.0,252089000.0,0.0,354926000.0,551110210.0,624537210.0,7.117292256298427,2.945119729028662,0.2594429428244486,0.6857997770520017,0.03635968687089143,7.117292256298427,0.059361534299441326,1.6440842998973773,15.130414287283111,3.5926584267172537,0.47144739732044805,0.0,0.007789730478773021,0.8266779781399203,2.865789868587476,0.022456891449315394,532.9885976789168,0.28198611011670366,-0.32231831676778105,1.0650688072870234,0.40676114086191867,0.4699868948474805,-0.035715378729915835,-0.35909346846846846,-0.2856776180698152,0.8055829778713086,0.17453867414658242,0.4337813587148898,Staffing & Employment Services,Industrials,KFRC
2019Q4,2019,Q4,2020-02-21,2019-12-31,14208000.0,336230000.0,19480000.0,0.61976,98025000.0,0.29154150432739495,381125000.0,167263000.0,245235000.0,84964000.0,213862000.0,0.0,350545000.0,910122500.0000001,960976500.0000001,7.296095965103599,2.8863400969822512,0.18546408658576582,0.42259794455438443,0.060343116823577084,7.296095965103599,0.08494407011712093,2.7068450168039737,16.014261331644146,5.4412661497163155,0.27322635135135137,0.0,0.00426535988287291,0.8822040013119056,2.7983616590556,0.0372791079042309,52.07842183566034,0.29154150432739495,-0.028627404882253793,1.0237643810198396,0.3440288751273792,0.5289097127780802,-0.04655143904835086,-0.04899598393574297,-0.12097829520328506,0.7977000300867677,0.20567642556269936,0.6061647809096022,Staffing & Employment Services,Industrials,KFRC
2019Q3,2019,Q3,2019-10-31,2019-09-30,14940000.0,345558000.0,22161000.0,0.638025,102811000.0,0.29752168955718,409307000.0,187925000.0,277319000.0,96666000.0,221382000.0,0.0,340436000.0,885944360.0,916168360.0,8.025495387769046,2.8688370264622516,0.17479300378444543,0.3807050685113742,0.05925069967946054,8.025495387769046,0.0794998004523081,2.5638079859242153,14.82503949129853,4.714350725023281,0.2705488621151272,0.0,0.004562363261728987,0.8442513809927512,2.786584735067138,0.036500719508828335,42.93198100407056,0.29752168955718,-0.7905722471176913,-0.692390130265154,0.4741356438796606,0.43541536958968124,0.01766871894363827,-0.8004247986214083,0.03232869054828341,0.9177540401052361,0.18914922610809823,0.6868534844033986,Staffing & Employment Services,Industrials,KFRC
2019Q2,2019,Q2,2019-08-01,2019-06-30,74859000.0,338861000.0,21467000.0,3.046516,101026000.0,0.29813404316224057,426185000.0,214856000.0,299767000.0,89810000.0,211329000.0,0.0,329760000.0,859774280.0,866567280.0,8.743936187530522,3.337790891882864,0.1685652944143975,0.334363480656812,0.05397001246138871,8.743936187530522,0.3484147522061288,2.5372476620207105,2.8713123338543127,4.001630301225007,0.057147437181901975,0.0,0.004975724558776054,0.7951030655701162,3.2410087963478453,0.17564907258584886,109.48354514198395,0.29813404316224057,1.9053923761149678,8.245435662142343,0.36807292516861245,0.9149616437454751,0.08424916287455997,1.787525600446844,0.8327499359685819,6.341476280100895,0.07756875476348803,0.7452407589584884,Staffing & Employment Services,Industrials,KFRC
2019Q1,2019,Q1,2019-05-02,2019-03-31,26855000.0,326738000.0,11713000.0,1.048573,93176000.0,0.2851703811616647,424612000.0,178572000.0,255536000.0,105139000.0,246040000.0,0.0,259356000.0,914568810.0,1003762810.0,6.9724727656085275,2.4304587260673967,0.210669976354884,0.5009351970073695,0.03033634935764619,6.9724727656085275,0.15038751875993997,2.799089209091076,8.513952802085273,5.1215689469793695,0.1640662818841929,0.0,0.004817570806946718,0.7694978003447853,2.100952072970068,0.06324597514907727,88.85347420577091,0.2851703811616647,0.6690245202982865,4.532149022645701,0.3776376731469184,0.4242328495092875,-0.1255677765681895,0.6419051112741502,-0.47480046632589007,6.668371467097561,0.05692364219088822,0.5307246295441816,Staffing & Employment Services,Industrials,KFRC
2018Q4,2018,Q4,2019-02-22,2018-12-31,16356000.0,357984000.0,22302000.0,0.628255,106556000.0,0.29765576115133635,379908000.0,168331000.0,248462000.0,90358000.0,211577000.0,0.0,237308000.0,804971280.0,878018280.0,6.465813935622648,2.7497509905044377,0.19257030649525675,0.4346139451437941,0.07044273610086157,6.465813935622648,0.09716570328697625,2.2486236256369,12.303914159941307,4.78207389013313,0.2731107850330154,0.0,0.005549266304258706,0.9422912915758552,2.6043737134509395,0.04305252850690167,36.785234200063975,0.29765576115133635,-0.01835156250000001,3.50943532689796,0.4929555247675197,0.3524778801440745,0.020837125530508427,0.011065092415157322,-0.01592904734589419,0.4480333148722796,0.15099492145558915,0.2702219216493172,Staffing & Employment Services,Industrials,KFRC
2018Q3,2018,Q3,2018-11-01,2018-09-30,16177000.0,355452000.0,22663000.0,0.64,104381000.0,0.29365709012749963,391652000.0,163947000.0,252004000.0,94840000.0,227705000.0,0.0,225658000.0,908580200.0,989166200.0,6.629478366356651,2.6571488823281317,0.20694902617629937,0.4943792811091389,0.06921743013498559,6.629478366356651,0.0986721318474873,2.5561262842802965,14.041234468690117,5.541914155184298,0.27576188415651853,0.0,0.0049098582601734,0.9075710069143015,2.513538591311683,0.041304525446059254,35.592909468406,0.29365709012749963,0.027218068765829637,1.4030476692549498,0.5821809587030378,0.3314418338890765,-0.028860377920229247,-0.005838249754178957,-0.0188327993765694,0.3575978918573827,0.18289736393036005,0.3117658768390839,Staffing & Employment Services,Industrials,KFRC
2018Q2,2018,Q2,2018-08-02,2018-06-30,16272000.0,358624000.0,23098000.0,0.623042,107483000.0,0.29970944498973856,394220000.0,150306000.0,254490000.0,91774000.0,243914000.0,0.0,214143000.0,895813099.9999999,998054099.9999999,5.755102040816326,2.7730076056399415,0.26054994673025217,0.6833659334956689,0.06800926141756163,5.755102040816326,0.10825915133128418,2.497917317301686,13.763106870698131,5.959929078014184,0.18252212389380532,0.0,0.003315423719523638,0.9097052407285272,2.620589709503781,0.041276444624828774,33.98122676579925,0.29970944498973856,0.6838972972972973,2.005812226804807,0.6224733601998935,0.20249224195681031,0.07281311135066076,0.7735149863760218,0.6998822490432735,0.5120052313805242,0.14515155653810952,0.17130402662388788,Staffing & Employment Services,Industrials,KFRC
2018Q1,2018,Q1,2018-05-02,2018-03-31,9175000.0,346293000.0,13588000.0,0.37,100188000.0,0.2893156950905736,389264000.0,134494000.0,250872000.0,81852000.0,254770000.0,0.0,200999000.0,670948200.0,796089200.0,5.422270601515884,3.064946488784636,0.32214127173332235,0.9323687302035778,0.03916228875151223,5.422270601515884,0.06821865659434621,1.9375159186007225,18.28196730245232,4.9886849971002425,0.32403269754768393,0.0,0.00443104251565173,0.8896096222614986,2.9184137223281046,0.023570122076534177,76.40908780321148,0.2893156950905736,0.5864780615810754,3.1115809484822545,0.8075677195413369,0.11232781132107401,-0.023765675699377358,0.494299674267101,-0.2662274543687223,0.8080022222974881,0.26280329784190126,0.11990156333562067,Staffing & Employment Services,Industrials,KFRC
2017Q4,2017,Q4,2018-02-23,2017-12-31,6140000.0,342586000.0,18518000.0,0.233221,102627000.0,0.29956565650668737,384304000.0,134277000.0,245445000.0,83719000.0,250027000.0,0.0,195143000.0,664756750.0,783497750.0,5.100353249515706,2.9317717602933624,0.3099629460010825,0.8871213983035069,0.025082736622225352,5.100353249515706,0.04572637160496586,1.9404083938047674,27.066642915309448,4.950637488177424,0.49169381107491855,0.0,0.0045415108609277,0.8914453141263167,2.787419821068097,0.015976934926516508,28.569569795427196,0.29956565650668737,-0.38555229448680317,0.35397542868960036,0.7133998580767297,0.06694035158492426,-0.01674730538922156,-0.39201901178334486,-0.08975619347227684,-0.2384413742261169,0.19247620227718215,0.06878797360679735,Staffing & Employment Services,Industrials,KFRC
2017Q3,2017,Q3,2017-11-01,2017-09-30,10099000.0,341053000.0,20344000.0,0.379562,104375000.0,0.30603747804593423,406198000.0,142279000.0,259124000.0,87984000.0,263919000.0,0.0,192158000.0,537461400.0,665631400.0,5.34742736873755,2.9451263866157484,0.31726645626024746,0.9057766782167431,0.03992139412137376,5.34742736873755,0.07098025710048567,1.5758882050590377,13.30481730864442,3.7775174129702904,0.3015150014852956,0.0,0.005665523142685224,0.839622548609299,2.8009524458992545,0.024862259292266334,-554.0839175257732,0.30603747804593423,-0.08988850257762851,0.48269899670906385,0.7177496372438468,-0.10675952671775342,0.004388032987230439,-0.0937724335965542,0.050826446280991734,-0.817002633313291,0.2804280202570663,-0.043575622191700504,Staffing & Employment Services,Industrials,KFRC
2017Q2,2017,Q2,2017-08-02,2017-06-30,11144000.0,340309000.0,19360000.0,0.41705,103919000.0,0.3053665933019697,389860000.0,135087000.0,241577000.0,81030000.0,254773000.0,0.0,185221000.0,523731600.00000006,647583600.0,5.055461996182777,2.9813279032457114,0.3267429333606936,0.9429774885814327,0.04565835379457023,5.055461996182777,0.08249498471355497,1.5389883899632395,11.749183417085428,3.876994825556864,0.27306173725771715,0.0,0.005810227987007085,0.8729005283948084,2.846563001357522,0.02858462012004309,37.462918454935625,0.3053665933019697,0.8132608695652173,1.4616259881391054,0.7055866603499057,-0.14210511833806141,0.06984094301744995,0.8881735005083022,0.8602863457288363,0.26564603364921274,0.26342333643324745,0.10716908340534007,Staffing & Employment Services,Industrials,KFRC
2017Q1,2017,Q1,2017-05-03,2017-03-31,5902000.0,333992000.0,10407000.0,0.23,97135000.0,0.29083031928908476,388993000.0,125207000.0,241979000.0,82578000.0,263786000.0,0.0,177199000.0,599046250.0,732008250.0,4.964001110097927,2.930308314563201,0.3488494651574707,1.0838052185580678,0.025527830683861386,4.964001110097927,0.04713793957206865,1.7935946070564563,25.37471407997289,4.784446955841127,0.5145713317519485,0.0,0.0050697254176952115,0.8586067101464551,2.8006248637651674,0.015172509531019838,-46.855396949550254,0.29083031928908476,-0.33285376154453056,1.109896173628778,0.8135541166201616,-0.26994900901778246,-0.025218770070648683,-0.36118627557094923,-0.327626308308567,0.23451882023995815,0.42988537736525084,0.013972185144133276,Staffing & Employment Services,Industrials,KFRC
2016Q4,2016,Q4,2017-02-24,2016-12-31,9239000.0,325998000.0,15478000.0,0.344752,99648000.0,0.30567058693611615,365421000.0,121736000.0,223505000.0,83353000.0,243685000.0,0.0,174967000.0,619056900.0,733105900.0,4.54255755811784,2.6814271831847685,0.3161586225203259,0.9490290464611947,0.040814097297609375,4.54255755811784,0.07589373726752974,1.8989591960686876,16.751187899123284,5.085241013340343,0.3301223076090486,0.0,0.004926849212083736,0.8921162166377958,2.4955910405144386,0.02528316653941618,87.1788339670469,0.30567058693611615,0.03624351506188874,0.7883779988104023,0.5656888405398821,-0.28381863915447314,-0.054393623078383,0.02427937915742794,0.005914083317085852,2.377038823089145,0.32074964108681825,-0.04981666998061694,Staffing & Employment Services,Industrials,KFRC
2016Q3,2016,Q3,2016-11-02,2016-09-30,9020000.0,336460000.0,15387000.0,0.332694,105380000.0,0.31320216370445225,368572000.0,128990000.0,227753000.0,91447000.0,239582000.0,0.0,168909000.0,555524880.0,659587880.0,4.757671879610505,2.4905464367338457,0.2848507211616726,0.8139235599658888,0.040286511100246725,4.757671879610505,0.06992790138770447,1.6510874398145396,15.397031042128601,4.306728273509574,0.343569844789357,0.0,0.005578508022898993,0.9128745536828625,2.3083753430949074,0.024472830274681744,74.55709032344652,0.31320216370445225,-0.1885512195121951,0.47388252112058715,0.606780420176406,-0.21456956223522505,-0.008486855723452702,-0.16973490427098675,-0.16569972347232012,0.22217528911021564,0.36606445920466324,-0.04448539954850586,Staffing & Employment Services,Industrials,KFRC
2016Q2,2016,Q2,2016-08-03,2016-06-30,10864000.0,335047000.0,18443000.0,0.41,106282000.0,0.31721519667389947,369849000.0,131166000.0,234410000.0,97179000.0,238683000.0,0.0,163004000.0,442180200.0,540816200.0,5.010160427807486,2.412146657199601,0.2695126930179614,0.7599454126831648,0.04896825262165391,5.010160427807486,0.08282634219233642,1.3197557357624452,10.175354381443299,3.37114953570285,0.29013254786450665,0.0,0.007128315560036383,0.9059021384402823,2.239846057275749,0.02937414999094225,41.275105012601514,0.31721519667389947,1.9285714285714282,1.417731469622752,0.8464636600074733,-0.23192772928288102,0.09355997077858605,1.9764383561643835,0.9843985366903378,1.0020011144668262,0.5121595095282107,0.04684139441304363,Staffing & Employment Services,Industrials,KFRC
2016Q1,2016,Q1,2016-05-04,2016-03-31,3650000.0,322201000.0,9294000.0,0.14,97189000.0,0.30164090117659476,360091000.0,121587000.0,225709000.0,89193000.0,238504000.0,0.0,155456000.0,522648939.99999994,628728940.0,4.555014423257034,2.5305685423744015,0.2971471100360742,0.8800282924983757,0.016981743050096972,4.555014423257034,0.030019656706720292,1.6221207879553445,35.79787260273972,4.298559385460616,0.8619178082191781,0.0,0.006019336803782669,0.894776598137693,2.3704887154821566,0.01013632665076328,296.6225539160045,0.30164090117659476,-0.6744186046511628,0.21413226855835224,0.9769760753122535,-0.2281052179248695,-0.061111916147418247,-0.6933030837744727,-0.5440541601255887,0.5199173508468078,0.5627952563355373,-0.0655816361247352,Staffing & Employment Services,Industrials,KFRC
2015Q4,2015,Q4,2016-02-26,2015-12-31,11901000.0,327699000.0,20384000.0,0.43,103515000.0,0.31588439391026524,351822000.0,139627000.0,214534000.0,87746000.0,212195000.0,0.0,155096000.0,693430400.0,775756400.0,5.090302588406854,2.444943359241447,0.23825400344492384,0.6003351787261776,0.054023520843517914,5.090302588406854,0.08523423120170168,2.1160589443361135,14.56664145870095,4.966305943692839,0.275943198050584,0.0,0.0047358754389770046,0.9314340774596245,2.290201262735623,0.03382676467077102,48.06476744992029,0.31588439391026524,-0.10416666666666664,1.941855236778733,0.9861545831945125,-0.1381359257386835,-0.05742071188570492,-0.12137320044296789,-0.11661971830985915,1.5188449386316683,0.5730401124661937,0.06483785880206507,Staffing & Employment Services,Industrials,KFRC
2015Q3,2015,Q3,2015-11-04,2015-09-30,13545000.0,341575000.0,23075000.0,0.48,109821000.0,0.32151357681329135,372557000.0,142069000.0,233863000.0,109046000.0,230488000.0,0.0,146633000.0,738757080.0,818900080.0,5.0538579203870375,2.144627038130697,0.21846053087178607,0.5728835988146604,0.061856570076039584,5.0538579203870375,0.09534099627645722,2.1627961062724146,13.635235880398673,5.1999878932068215,0.22591362126245848,0.0,0.004142092282892233,0.9168395708576137,2.0132604588889094,0.03635685277689052,29.519582833852795,0.32151357681329135,0.17073170731707318,1.955269453556919,0.8505061174741696,-0.1934862026727574,0.035675889775363546,0.1683774691624256,0.1301856296223735,0.882232401740145,0.628334718993226,-0.15579770805311363,Staffing & Employment Services,Industrials,KFRC
2015Q2,2015,Q2,2015-08-05,2015-06-30,11593000.0,337353000.0,20417000.0,0.41,106038000.0,0.3143235720447128,372412000.0,138234000.0,233665000.0,100800000.0,234178000.0,0.0,136275000.0,643424580.0,735918580.0,4.913414374066965,2.318105158730159,0.25279797643470137,0.6810553120071763,0.05243333742308479,4.913414374066965,0.08386504043867644,1.907273923753457,13.875282066764427,4.654604366508964,0.2664538945915639,0.0,0.004800873476111217,0.9058596393241893,2.171904761904762,0.031129501734637983,51.97290630048465,0.3143235720447128,1.0499999999999998,2.1641749532149013,0.9243022431924995,-0.18922248448816653,0.11925269157694743,1.0039757994814174,1.0435391852667402,1.4561064424637398,0.6058543642336608,-0.16621012161123774,Staffing & Employment Services,Industrials,KFRC
2015Q1,2015,Q1,2015-04-30,2015-03-31,5785000.0,312611000.0,9991000.0,0.2,94740000.0,0.3030603529626277,360038000.0,136905000.0,221161000.0,90360000.0,223133000.0,0.0,127908000.0,630837560.0,723700560.0,4.841738576884991,2.447554227534307,0.2632805426093912,0.6923852306343815,0.026153900547827406,4.841738576884991,0.04225557868595011,2.017963411396272,27.261778738115815,4.607848946349658,0.537942955920484,0.0,0.004933124146888147,0.8682722379304407,2.281252766710934,0.016067748404335096,62.96412416408823,0.3030603529626277,-0.33333333333333326,1.9828806334604683,0.9258311486175068,-0.17807564562179906,-0.03697981255971863,-0.35326998323085523,-0.3228736021687564,0.8447775699952424,0.5141799028675339,-0.2879300451925184,Staffing & Employment Services,Industrials,KFRC
2014Q4,2014,Q4,2015-02-27,2014-12-31,8945000.0,318739000.0,14755000.0,0.3,98378000.0,0.30864751411029084,363922000.0,139388000.0,224409000.0,94183000.0,224534000.0,0.0,125378000.0,704813170.0,797470170.0,4.772090793933376,2.382691143836998,0.2580085842570661,0.6736232674261773,0.03983197341707994,4.772090793933376,0.06417338651820817,2.211254882521436,19.69852347680268,5.056483843659426,0.3542761319172722,0.0,0.004496226993034196,0.8758442743225197,2.2218340889544823,0.024579442847643178,-23.09726921186302,0.30864751411029084,-0.8543689320388349,2.422308555099604,0.9182448550577044,-0.16898582544458018,0.0008851268173077901,-0.8624227137100495,0.08820709491850431,0.5886074547116246,0.40451902465758094,-0.24763034146479898,Staffing & Employment Services,Industrials,KFRC
2014Q3,2014,Q3,2014-10-30,2014-09-30,65018000.0,313810000.0,13559000.0,2.06,98291000.0,0.31321818935024376,354623000.0,175263000.0,219154000.0,131794000.0,179360000.0,0.0,119696000.0,613460790.0,625780790.0,5.591061345583309,1.6628526336555534,0.037890943339828495,0.07666763663751049,0.04306117186115599,5.591061345583309,0.3709739077843013,1.9548796724132438,2.358811367621274,3.5002298830899847,0.04749453997354579,0.0,0.005033736548997696,0.8849115821590816,1.5446530191055738,0.18334400194008849,-60.630637477762406,0.31321818935024376,5.251593245851492,34.169965525600084,0.6895027225214888,-0.026759511930358214,-0.047521682252047094,5.074745398486406,-0.2537699504678041,8.188730393975735,0.29615052801368663,-0.07698767982488121,Staffing & Employment Services,Industrials,KFRC
2014Q2,2014,Q2,2014-08-08,2014-06-30,10703000.0,327417000.0,18170000.0,0.329516,103195000.0,0.3151791140960915,366095000.0,148312000.0,223734000.0,96537000.0,217783000.0,0.0,57857000.0,703213650.0,784534650.0,4.566115575259382,2.3175984337611486,0.2256709324082547,0.5570486541884676,0.047680642331114305,4.566115575259382,0.07216543502885808,2.147761570107844,16.425620153228067,4.741448095905928,0.3001027749229188,0.0,0.004567601894530916,0.8943498272306368,2.1419870101619067,0.029235580928447535,163.12077244258873,0.3151791140960915,0.7342947368421051,2.231396257119212,0.7092797144431929,-0.18504990357110196,0.13277862545143196,0.7127540406465035,0.7262017860535817,0.9198357854102427,0.4543753554548708,-0.3000011059963134,Staffing & Employment Services,Industrials,KFRC
2014Q1,2014,Q1,2014-04-30,2014-03-31,6249000.0,305312000.0,10526000.0,0.19,91099000.0,0.2983800178178388,352294000.0,161403000.0,210095000.0,91971000.0,190891000.0,0.0,50462000.0,702899080.0,764432080.0,4.895598895932543,2.284361374781181,0.17698002236768154,0.3862939350569692,0.028931470830093498,4.895598895932543,0.03871675247671976,2.3022320773503826,28.120462473995836,4.354931940546334,0.5292046727476396,0.0,0.004704800581045006,0.8666397951710787,2.108642941796871,0.01773802562632347,148.63588073588497,0.2983800178178388,1.7589162675699102,1.2871523908806648,0.5270751729801801,-0.10950271257037603,-0.05220720580126304,1.7589264027204274,2.2852684144818975,0.6829657349039883,0.5167360727514296,-0.17038962080804332,Staffing & Employment Services,Industrials,KFRC
2013Q4,2013,Q4,2014-02-27,2013-12-31,-8234000.0,302919000.0,3204000.0,-0.250357,96117000.0,0.31730264526160457,347768000.0,157233000.0,202886000.0,89973000.0,190535000.0,0.0,47612000.0,672908940.0,736039940.0,4.780716957037307,2.2549653785024395,0.1840479860136643,0.407077394694498,0.010226002343819936,4.780716957037307,-0.05236814154789389,2.221415427886663,-20.43080337624484,4.279692812577513,0.0,0.0,0.0,0.8710375882772423,2.0860702655241017,-0.0236767040095696,-124.40542429284525,0.31730264526160457,-1.9272481481481478,0.9114798470850535,0.4579967411472566,-0.11412636381963918,-0.01228008878658336,-1.917028622341018,-0.7933036578285272,-2.697554961758256,0.5312270195313464,-0.19055338598802174,Staffing & Employment Services,Industrials,KFRC
2013Q3,2013,Q3,2013-10-30,2013-09-30,8979000.0,299652000.0,15501000.0,0.27,97312000.0,0.32475004338365837,362302000.0,164238000.0,205474000.0,102894000.0,198064000.0,0.0,59224000.0,583504650.0,637804650.0,4.979172351068668,1.9969483157424146,0.15209134920591108,0.335507008122359,0.04204565013228981,4.979172351068668,0.05467066087020056,1.9472743382323496,16.246370698296026,3.552799291272422,0.0,0.0,0.0,0.8270779625837009,1.8165976636149823,0.02478319192276057,182.91681818181817,0.32475004338365837,0.3025921583952066,0.35379530206215,0.42101110261999247,-0.3930426033775677,0.04808986827791959,0.29231433506044907,0.3045783538124895,0.6695746952299576,0.3835072380668499,-0.20540480882777423,Staffing & Employment Services,Industrials,KFRC
2013Q2,2013,Q2,2013-07-31,2013-06-30,6948000.0,283689000.0,11882000.0,0.207279,92847000.0,0.3272844558654019,345169000.0,160426000.0,190104000.0,95490000.0,184743000.0,0.0,50245000.0,497101600.0,547745600.0,4.785978520286396,1.9908262645303174,0.149804878190104,0.32231683143630085,0.03332788825854238,4.785978520286396,0.04330968795581763,1.7522766127696174,17.88649971214738,3.0986348846197,0.0,0.0,0.0,0.821884352302785,1.790491150905854,0.020129270009763334,102.0952146231259,0.3272844558654019,1.3039959984438392,-0.05099465064603742,0.3213076941936979,-0.3988891384190865,0.11412834789286742,1.2456367162249515,1.2649637819290889,0.5916659861849843,0.358184216208132,-0.21025106401540405,Staffing & Employment Services,Industrials,KFRC
2013Q1,2013,Q1,2013-05-10,2013-03-31,3094000.0,265627000.0,5246000.0,0.089965,83336000.0,0.3137331671855647,340981000.0,167646000.0,185794000.0,95807000.0,173335000.0,0.0,43297000.0,556446380.0,596517380.0,4.874705591579192,1.9392528729633534,0.12017678404368572,0.24443171921787576,0.01559135219591726,4.874705591579192,0.018455555157892226,2.0948411870781207,44.96173076923077,3.319174808823354,0.0,0.0,0.0,0.7790082145339476,1.7490475643742107,0.009073819362369165,-53.8670261374637,0.3137331671855647,-0.47079411764705886,-0.4913032034638712,0.18517401398670538,-0.35891101908389195,-0.059200722510724765,-0.49444444444444446,-0.4652940576903476,0.31167423959765506,0.34542451675223595,-0.1724792277570119,Staffing & Employment Services,Industrials,KFRC
2012Q4,2012,Q4,2013-02-22,2012-12-31,6120000.0,269839000.0,9811000.0,0.17,88580000.0,0.32826982015201656,325149000.0,169846000.0,171559000.0,98874000.0,155303000.0,0.0,40203000.0,509500200.0,530263200.0,4.780354629890233,1.7351275360559903,0.06810416147673835,0.1303769296892479,0.03139250963753948,4.780354629890233,0.036032641333914255,1.888163682788626,20.812916666666666,2.999777445450585,0.0,0.0,0.0,0.8298933719617775,1.56462770799199,0.018822140003506085,18.98994409243384,0.32826982015201656,-0.34615384615384615,-0.29886047528262577,0.17371783716459074,-0.3790716061697361,-0.002050426984520403,-0.33966335779024603,-0.37652516522623286,0.9249157296142863,0.3350423306119578,-0.16754675709636704,Staffing & Employment Services,Industrials,KFRC
2012Q3,2012,Q3,2012-11-06,2012-09-30,9268000.0,270161000.0,15736000.0,0.26,88762000.0,0.328552233668072,352722000.0,216737000.0,187630000.0,89431000.0,135985000.0,0.0,69312000.0,416708040.0,412476040.0,5.986548447685339,2.0980420659502856,0.003362421397020883,0.005472069835791766,0.043354375572006415,5.986548447685339,0.04276150357345539,1.5424433578495786,11.24050604229607,1.9226437571803614,0.0,0.0,0.0,0.765931810320876,1.9529134192841409,0.026275650512301473,22.568676343154245,0.328552233668072,1.288888888888889,-0.03716695739142427,0.1806633549447379,-0.17620735084869207,-0.011184635608136711,1.2794343775439443,0.016865912762520193,3.340740158273695,0.259372483226448,0.04208324197343937,Staffing & Employment Services,Industrials,KFRC
2012Q2,2012,Q2,2012-08-08,2012-06-30,-33167000.0,274129000.0,15475000.0,-0.9,89766000.0,0.3274589700469487,369467000.0,216339000.0,202435000.0,96999000.0,153128000.0,0.0,60044000.0,494143520.00000006,505532520.00000006,5.892868816735672,2.0869802781471973,0.033023247001762,0.056397598213914275,0.044855939976633986,5.892868816735672,-0.1533103139054909,1.8025948367374487,-3.7246624657038625,2.284116687236236,0.0,0.0,0.0,0.7419580097816585,1.8590397839152981,-0.08976985765981806,148.65930204572805,0.3274589700469487,-9.115199769167653,-4.518512219215794,0.18337932449815547,-0.15689848475511325,0.11062171357871946,-9.137144259077527,1.5128927482434045,-9.859561552109648,0.2661589879440374,0.051746047879827915,Staffing & Employment Services,Industrials,KFRC
2012Q1,2012,Q1,2012-05-07,2012-03-31,4076000.0,268350000.0,-30172000.0,0.110903,80825000.0,0.30119247251723497,409409000.0,249903000.0,197001000.0,113728000.0,159506000.0,0.0,93211000.0,547619700.0,548052700.0,6.799526569259652,1.732211944288126,0.003163096072631525,0.005182010620120607,-0.06966473275689124,6.799526569259652,0.01631032840742208,2.040692006707658,33.58805814524043,2.1913290356658384,0.0,0.0,0.0,0.6554570124252276,1.5593609313449635,0.009955814356792351,361.7038969616909,0.30119247251723497,-0.42469753577981656,-0.4830896363655741,0.18628075949742437,0.022847092565185176,-0.09291389836595439,-0.42470007057163023,-3.6082295988934994,0.3382329929737005,0.2040128496695976,0.23681700532330732,Staffing & Employment Services,Industrials,KFRC
2011Q4,2011,Q4,2012-03-08,2011-12-31,7085000.0,285551000.0,11568000.0,0.19277337904388758,89104000.0,0.3120423321928482,409672000.0,233115000.0,186239000.0,83164000.0,176557000.0,0.0,89135000.0,453164490.0,503360490.0,6.342747530813811,2.239418498388726,0.12481936768927337,0.21935525384466895,0.025737320172202274,6.342747530813811,0.030392724620895265,1.586982675599105,15.990278405081156,1.94395251270832,0.0,0.0,0.0,0.6970234724364858,2.115735173873311,0.01729432326348884,29.890145109161665,0.3120423321928482,-0.12375736798232917,-0.14615244439264355,0.3103978779130986,-0.007317936315164427,-0.03187813729111889,-0.16114136869524034,-0.16367842683632158,1.068159912093949,0.22990508887576022,0.17532011808918055,Staffing & Employment Services,Industrials,KFRC
2011Q3,2011,Q3,2011-11-02,2011-09-30,8446000.0,288991000.0,13832000.0,0.22,92038000.0,0.3184805063133454,420397000.0,226650000.0,198625000.0,97859000.0,193747000.0,0.0,82050000.0,367060770.0,427174770.0,6.057407060961595,2.029706005579456,0.14543158014923988,0.26975071696448266,0.030000740414992313,6.057407060961595,0.03726450474299581,1.2701460253087467,10.86492925645276,1.619504831237591,0.0,0.0,0.0,0.6874240301429363,1.920232170776321,0.020090533471932483,227.84653631284917,0.3184805063133454,0.29411764705882343,0.03984195869924444,0.3179491974075082,-0.02594795795119791,0.062205705844335706,0.24480471628592484,0.22689373780379635,0.12259636774570934,0.20812572710543834,-0.2616065962821127,Staffing & Employment Services,Industrials,KFRC
2011Q2,2011,Q2,2011-08-04,2011-06-30,6785000.0,273989000.0,11274000.0,0.17,86648000.0,0.31624627266058125,404923000.0,257862000.0,181393000.0,109424000.0,147061000.0,0.0,73604000.0,517065480.0,536867480.0,6.523032556727632,1.6577076326948383,0.050594804444301755,0.07944947297391627,0.025122369258476482,6.523032556727632,0.02631252375301518,1.8871760545131373,19.05178629329403,2.005202317518673,0.0,0.0,0.0,0.6766446954112263,1.5557007603450796,0.016756272180142893,39.20727024567789,0.31624627266058125,0.5094473646824834,-0.17852039309136314,0.18383248387707662,0.08392774582832493,0.10361341433902665,0.4018595041322314,0.41740005028916266,-0.21417668135904974,0.0820835730824545,-0.18071806973754315,Staffing & Employment Services,Industrials,KFRC
2011Q1,2011,Q1,2011-05-04,2011-03-31,4840000.0,262388000.0,7954000.0,0.112624,78513000.0,0.29922481211030993,402798000.0,253599000.0,176793000.0,112032000.0,149199000.0,0.0,66819000.0,786442500.0,813176500.0,5.90108202443281,1.5780580548414738,0.06748295671775928,0.10718496524039921,0.01795079047641885,5.90108202443281,0.019085248758867347,2.9972502553470433,40.622029958677686,3.1011261874061016,0.0,0.0,0.0,0.6514133635221625,1.4745519137389318,0.012015948440657601,-150.8039309683605,0.29922481211030993,-0.2363495739981067,-0.272920364929524,0.07399585788366589,0.03177375830067499,-0.04727638971471563,-0.2363521615651625,-0.2386331004116014,-0.3631854556559041,-0.06312253844648696,-0.22392879112922423,Staffing & Employment Services,Industrials,KFRC
2010Q4,2010,Q4,2011-03-04,2010-12-31,6338000.0,258495000.0,10447000.0,0.14748109365910414,82409000.0,0.31880307162614363,391044000.0,253817000.0,165201000.0,100323000.0,137227000.0,0.0,61979000.0,695335500.0,707208500.0,5.906154741128563,1.6466911874644896,0.033060218287456145,0.050934334579638085,0.024381313826407566,5.906154741128563,0.02497074664029596,2.6899379098241747,27.427244398863994,2.7395150837020372,0.0,0.0,0.0,0.6610381440451714,1.5473719884772186,0.0162078947637606,55.09353458521512,0.31880307162614363,-0.07824316463059915,-0.1593362674414068,0.15521893799134825,0.09609006484205278,-0.012652009824477325,-0.016449410304158908,-0.042262559589292266,-0.39967755006097083,-0.07041211484788598,-0.2328395148361273,Staffing & Employment Services,Industrials,KFRC
2010Q3,2010,Q3,2010-11-02,2010-09-30,6444000.0,259519000.0,10908000.0,0.16,83465000.0,0.3216142170708118,392949000.0,247663000.0,168401000.0,91639000.0,145286000.0,0.0,55641000.0,542255560.0,564102560.0,6.266300635073248,1.8376564563122688,0.0567529119554955,0.09004574764902307,0.024747867722539795,6.266300635073248,0.02601922774092214,2.089463815751448,21.037226877715707,2.1894895886749333,0.0,0.0,0.0,0.6604393954431745,1.714793919619376,0.016399074689081788,39.74023891535361,0.3216142170708118,0.23076923076923075,-0.06588948226218244,0.21827098180389884,0.1899507849411553,0.06467249186810384,0.2527216174183515,0.20717131474103587,-0.3867646998879637,0.03891314605523033,-0.13771141323655023,Staffing & Employment Services,Industrials,KFRC
2010Q2,2010,Q2,2010-08-04,2010-06-30,5144000.0,246137000.0,9036000.0,0.13,78395000.0,0.31850148494537595,386067000.0,239375000.0,158164000.0,78711000.0,146692000.0,0.0,49197000.0,503625000.0,542882000.0,6.060126582278481,2.009426890777655,0.1027464144824603,0.1657107049608355,0.019000131188312733,6.060126582278481,0.02148929503916449,2.0461165936043746,24.47633164852255,2.103916449086162,0.0,0.0,0.0,0.6375499589449499,1.8529811589231493,0.013324112135976398,-28.296718732441846,0.31850148494537595,0.8953752843062928,-0.1069663794431629,0.22054933851559358,0.2153767863333796,0.1504145571942182,0.8995568685376661,1.136675336959092,-0.49281689072180734,-0.012455107033234158,-0.13296866721613554,Staffing & Employment Services,Industrials,KFRC
2010Q1,2010,Q1,2010-05-05,2010-03-31,2708000.0,226656000.0,4229000.0,0.068588,68145000.0,0.30065385429902586,360328000.0,232578000.0,157140000.0,76832000.0,127750000.0,0.0,44053000.0,600521220.0,620252220.0,5.890735018489438,2.0452415660141607,0.05793055216358429,0.08975053530428502,0.011721042486078555,5.890735018489438,0.01164340565315722,2.649483005082592,55.43955132939439,2.5820207414286824,0.0,0.0,0.0,0.629026886614418,1.8759501249479384,0.007515374880664284,-34.07212595744681,0.30065385429902586,-0.2335150251910558,-0.15009864921898045,0.13544091789608562,0.16565122742818078,-0.024004239412211227,-0.23351259552787998,-0.324116988972351,-0.6803141789067804,-0.06728973281022063,-0.11386166001997187,Staffing & Employment Services,Industrials,KFRC
2009Q4,2009,Q4,2010-03-05,2009-12-31,3533000.0,224602000.0,6257000.0,0.08948381540955372,69821000.0,0.3108654419818167,339825000.0,226725000.0,137137000.0,79213000.0,113100000.0,0.0,41345000.0,493525000.0,498304000.0,5.742490248720936,1.7312436090035725,0.02233796807180166,0.03348108942551549,0.015702829800965972,5.742490248720936,0.015582754438196053,2.1973312793296587,34.922516275120294,2.1767559819164184,0.0,0.0,0.0,0.6609343044213933,1.5931980861727242,0.010396527624512616,48.21934538348803,0.3108654419818167,0.49139692349256203,-0.8085529070083158,0.14100953410945033,0.28298011032125214,-0.03450135516344931,0.5550176056338029,0.4357503441945847,-0.6036509945884564,-0.04054023940311621,-0.10126218281638884,Staffing & Employment Services,Industrials,KFRC
2009Q3,2009,Q3,2009-11-04,2009-09-30,2272000.0,228273000.0,4358000.0,0.06,72316000.0,0.31679611693016696,345938000.0,221318000.0,142566000.0,84986000.0,124620000.0,0.0,37812000.0,463070500.0,477218500.0,5.74478909798832,1.6775233567881769,0.04233995687088438,0.06618078963301674,0.010269507124590257,5.74478909798832,0.010265771423923946,2.0285820048801217,50.954060299295776,2.0923309446136327,0.0,0.0,0.0,0.6598667969404922,1.5474195749888218,0.006567650850730478,33.914640398418044,0.31679611693016696,-0.4000000000000001,-0.6400076364819942,0.1580702146125793,0.38294858370308316,0.00970385780706776,-0.4184796519068339,-0.34485868911605533,-0.7283242315413677,0.011102571983709206,-0.07621800950142617,Staffing & Employment Services,Industrials,KFRC
2009Q2,2009,Q2,2009-08-05,2009-06-30,3907000.0,225952000.0,6652000.0,0.1,71621000.0,0.3169744016428268,343902000.0,214671000.0,140737000.0,80602000.0,129231000.0,0.0,35540000.0,316856780.0,343018780.0,5.602938873518818,1.7460732984293195,0.07743194282091992,0.12404563261921732,0.016889699117496496,5.602938873518818,0.018199943168849077,1.402318988103668,20.27494113130279,1.4760111053658853,0.0,0.0,0.0,0.6570243848538246,1.5957172278603509,0.011360794644986072,16.722439307578636,0.3169744016428268,0.25000000000000006,12.172820853143255,0.25666372161604056,0.2452938275694839,-0.00830783290178757,0.2360012654223347,0.1526598509790331,-0.5119428813927236,0.007287909046888165,-0.06896357631643635,Staffing & Employment Services,Industrials,KFRC
2009Q1,2009,Q1,2009-05-08,2009-03-31,3161000.0,231309000.0,5771000.0,0.08,72221000.0,0.31222736685559144,349143000.0,209695000.0,145424000.0,74113000.0,139448000.0,0.0,31633000.0,268145290.0,313255290.0,5.497601132580027,1.962192867648051,0.13177981514737513,0.21941391067979685,0.013157604765052719,5.497601132580027,0.015074274541596128,1.1592514342286724,21.20731493198355,1.2787395502992442,0.0,0.0,0.0,0.6625050480748575,1.7848150796756304,0.009053596950246746,-67.23803660982949,0.31222736685559144,1.028286026808061,1.3914148259861936,0.43400182443585644,0.8112388597001696,-0.10512359829006877,1.0293016184949666,1.0490472709965835,-0.4649896888160817,0.06672434236406533,-0.038772794766339394,Staffing & Employment Services,Industrials,KFRC
2008Q4,2008,Q4,2009-03-11,2008-12-31,-107878000.0,240954000.0,-117662000.0,-2.828251579582099,80705000.0,0.33493944902346506,350815000.0,205843000.0,145746000.0,85444000.0,144972000.0,0.0,28472000.0,292938240.0,334511240.0,5.396612746768739,1.7057487945320913,0.12038538831007796,0.20517093124371488,-0.43333476664961734,5.396612746768739,-0.5240790311062314,1.215743419905874,-0.678864643393463,1.4231148982476935,0.0,0.0,0.0,0.6868406425038838,1.563304620570198,-0.3075068055812893,12.747530026109661,0.33493944902346506,-15.141257897910496,-30.589489002831407,0.5469006898120259,0.8178623321810565,-0.06771633532408423,-14.669285352255448,-10.866007043434513,-17.121446285189332,0.21324170446002505,0.0015270298188816236,Staffing & Employment Services,Industrials,KFRC
2008Q3,2008,Q3,2008-10-29,2008-09-30,7892000.0,250918000.0,11926000.0,0.2,86567000.0,0.3450011557560637,448031000.0,321979000.0,157153000.0,84189000.0,126052000.0,0.0,136350000.0,400732290.00000006,416588290.00000006,8.203495630461923,1.8666690422739314,0.03744606958000674,0.052105882681789804,0.021366765336334654,8.203495630461923,0.024510915308141215,1.5970647382810323,12.69425652559554,1.2445913863947649,0.0,0.0,0.0,0.5600460682408137,1.685398329948093,0.017614852543685593,15.863674834725469,0.3450011557560637,-0.09090909090909087,3.552110558151751,0.5937471306725922,1.855832366789503,-0.052504268639726806,-0.0928735632183908,0.3255529620984773,0.15199637684340114,0.18611791149617452,0.5578180226610521,Staffing & Employment Services,Industrials,KFRC
2008Q2,2008,Q2,2008-07-30,2008-06-30,8700000.0,255133000.0,8997000.0,0.22,91364000.0,0.3581034205688798,461918000.0,317138000.0,169189000.0,81853000.0,144780000.0,0.0,128458000.0,338173680.0,373707680.0,7.961889937738501,2.0669859382062965,0.08137808009213757,0.11852884233362132,0.015362016750291809,7.961889937738501,0.02743285257521962,1.3254799653514049,9.717634482758621,1.0663297365815514,0.0,0.0,0.0,0.5523339640369069,1.8789781681795414,0.01883451175316831,16.71396629269016,0.3581034205688798,0.22222222222222227,8.817955529843417,0.6036339733607903,1.8241290878149448,0.012478113433365101,0.21203677904708831,-0.29357726130653267,0.497790543886369,0.254613784480195,0.59678120156204,Staffing & Employment Services,Industrials,KFRC
2008Q1,2008,Q1,2008-04-30,2008-03-31,7178000.0,264504000.0,12736000.0,0.18,90238000.0,0.34115930193872307,473040000.0,308615000.0,178883000.0,84009000.0,164425000.0,0.0,119758000.0,358789080.0,416336080.0,7.603789390691601,2.1293313811615424,0.12341662438694402,0.18917097354308768,0.021110239782782467,7.603789390691601,0.02325875281499603,1.3564599401143271,12.496136806910004,1.1625782285371742,0.0,0.0,0.0,0.5591577879249112,1.963813400945137,0.01517419245729748,29.054099927119605,0.34115930193872307,-0.26730919667034403,17.769314647821002,0.6099624260780458,1.6681264519836612,-0.03495994952249564,-0.2801123257446595,-0.26669737448180564,1.1914698807023814,0.28896687763371137,0.5046282694002213,Staffing & Employment Services,Industrials,KFRC
2007Q4,2007,Q4,2008-02-27,2007-12-31,9971000.0,262623000.0,17368000.0,0.2456697957474068,93507000.0,0.3560503078557476,476136000.0,312468000.0,180914000.0,85566000.0,163668000.0,0.0,112580000.0,395723250.0,451499250.0,7.698721265429818,2.1143211088516467,0.11941756136902061,0.18196743346518685,0.028983620681297607,7.698721265429818,0.03191046763188551,1.5068110942301323,9.921854628422425,1.2664440838741886,0.0,0.0,0.0,0.5515713997681335,1.966166467989622,0.020941495707108893,74.59439208294062,0.3560503078557476,-0.05511617020228157,1.1674187266063072,0.6013218657987613,1.7493505570624663,-0.02877114991119374,-0.09551886792452831,-0.09959044014723417,-0.4743991635086182,0.2978383555521723,0.7200388386647685,Staffing & Employment Services,Industrials,KFRC
2007Q3,2007,Q3,2007-10-31,2007-09-30,11024000.0,262060000.0,19289000.0,0.26,96277000.0,0.3673853316034496,476075000.0,301314000.0,180560000.0,93715000.0,174761000.0,0.0,102609000.0,551457900.0,608594900.0,7.267057376456117,1.9266926319159152,0.12222653993593446,0.19311747877629318,0.03246370073298504,7.267057376456117,0.03658641815514712,2.1043192398687323,12.505848603047896,1.8301768255042914,0.0,0.0,0.0,0.5504594864254582,1.7910579949847942,0.023156015333718426,47.94452269170579,0.3673853316034496,0.040000000000000036,66.9590898375777,0.5540960397510699,0.6941215930417969,0.022939288977666335,0.04226151082537582,0.02765050612679808,0.6229535546068016,0.2352731672573114,0.7494056848802814,Staffing & Employment Services,Industrials,KFRC
2007Q2,2007,Q2,2007-08-01,2007-06-30,10577000.0,259924000.0,18770000.0,0.25,94118000.0,0.3620981517674397,464768000.0,287919000.0,169786000.0,86220000.0,176849000.0,0.0,91585000.0,658264140.0,726959140.0,6.989512781297793,1.969218278821619,0.15064935623795098,0.24318297854604942,0.031669124045450955,6.989512781297793,0.036736026451884035,2.5325254305104568,15.558857426491445,2.2862823919227284,0.0,0.0,0.0,0.5592553704213715,1.8055555555555556,0.02275759088405398,46.53687804878049,0.3620981517674397,0.19047619047619052,12.563227963609119,0.5517555029969301,0.6243966878621618,0.06418968577922005,0.20261512222853895,0.16874221668742218,32.168967419231386,0.3445697698175676,0.553469941534768,Staffing & Employment Services,Industrials,KFRC
2007Q1,2007,Q1,2007-05-08,2007-03-31,8795000.0,252308000.0,16060000.0,0.21,88441000.0,0.35052792618545586,457208000.0,272507000.0,164462000.0,89775000.0,184701000.0,0.0,81008000.0,564473610.0,649698610.0,6.647647159271095,1.8319353940406573,0.1876410736470053,0.31482127064625864,0.027120149950785634,6.647647159271095,0.03227440029063473,2.237240238121661,16.04529874928937,2.071409578469544,0.0,0.0,0.0,0.5518451120715298,1.6858925090504038,0.0192363213242113,88.1852226214654,0.35052792618545586,-0.06985089141004862,5.276870292362178,0.4881021373309707,0.5355937112462018,0.03115344704963332,-0.04970286331712588,0.028564109132829512,5.191151203701749,0.4554367583285129,1.1901328543267102,Staffing & Employment Services,Industrials,KFRC
