Quarters,Year,Quarter,FillingDate,Date,NetIncome,Revenue,OperatingIncome,EPSDiluted,GrossProfit,GrossProfitRatio,TotalAssets,CommonStockEquity,CurrentAssets,CurrentLiability,TotalLiability,Inventory,RetainedEarnings,MarketCap,EnterpriseValue,bookValuePerShare,currentRatio,debtToAssets,debtToEquity,roic,shareholdersEquityPerShare,roe,priceToSalesRatio,peRatio,pbRatio,payoutRatio,inventoryTurnover,dividendYield,assetTurnover,quickRatio,returnOnAssets,priceToFreeCashFlowsRatio,grossProfitMargin,epsdilutedGrowth,fiveYNetIncomeGrowthPerShare,fiveYRevenueGrowthPerShare,fiveYShareholdersEquityGrowthPerShare,grossProfitGrowth,netIncomeGrowth,operatingIncomeGrowth,threeYNetIncomeGrowthPerShare,threeYRevenueGrowthPerShare,threeYShareholdersEquityGrowthPerShare,Industry,Sector,Symbol
2023Q1,2023,Q1,2023-05-09,2023-03-31,6040000.0,47075000.0,7874000.0,0.27,30883000.0,0.6560382369,314866000.0,274165000.0,164768000.0,23904000.0,40701000.0,53779000.0,100714000.0,1138053170.0,1137881170.0,12.399484419519696,6.892904953145917,0.05241912432590372,0.06020097386610253,0.019312326651352976,12.399484419519696,0.022030529060966936,24.175319596388743,47.10484975165563,4.150979045465322,0.5130794701986755,0.3010840662712211,0.0027230713658132513,0.14950804469202772,4.449882864792503,0.01918276346128194,7637.9407382550335,0.6560382368560808,0.08000000000000007,0.36711216018211124,0.579368350388725,1.1071583507675886,0.18534582021954402,0.07339612582192998,0.42903811252268603,0.7357391703890067,0.40546277232339506,0.6802015774036566,Medical Instruments & Supplies,Healthcare,LMAT
2022Q4,2022,Q4,2023-03-01,2022-12-31,5627000.0,40954000.0,5510000.0,0.25,26054000.0,0.6361771744,310476000.0,268201000.0,161733000.0,25329000.0,42275000.0,50271000.0,97773000.0,1013498460.0000001,1010960460.0000001,12.178222767107115,6.3852895890086465,0.053453407026630075,0.06187896391139481,0.013192044929494846,12.178222767107115,0.020980533256773837,24.747239830053232,45.02836591434157,3.7788765142560994,0.4887151235116403,0.2963935469753934,0.002713373634529252,0.13190713613934732,4.134825693868688,0.018123784125020935,359.77936102236424,0.6361771743907799,0.0,0.14894024933529082,0.3697610194577657,1.137207646766434,0.03925009972078181,0.031341642228739,0.34850709740577585,0.11075427233765488,0.2360770629542373,0.6485785796745405,Medical Instruments & Supplies,Healthcare,LMAT
2022Q3,2022,Q3,2022-11-08,2022-09-30,5456000.0,39028000.0,4086000.0,0.25,25070000.0,0.6423593318,302048000.0,261247000.0,153142000.0,23439000.0,40801000.0,47711000.0,94896000.0,1114149120.0,1113961120.0,11.883506186317321,6.533640513673792,0.05537199385528128,0.06401987391242771,0.012304476760090466,11.883506186317321,0.020884450347755188,28.547430562672954,51.05155425219941,4.264734599823156,0.5040322580645161,0.2925530800025151,0.0024682512875834786,0.12921125119186355,4.259268740133964,0.01806335416887382,161.8932170880558,0.642359331761812,0.5625,-0.058666444948314814,0.36776518388803103,1.1416807771633302,-0.09852571017619562,0.5522048364153628,-0.29356846473029047,-0.048689310519884205,0.21226150727551935,0.6592452811230746,Medical Instruments & Supplies,Healthcare,LMAT
2022Q2,2022,Q2,2022-08-05,2022-06-30,3515000.0,42108000.0,5784000.0,0.16,27810000.0,0.6604445711,299425000.0,258033000.0,148486000.0,23405000.0,41392000.0,47192000.0,92190000.0,1000186899.9999999,996612899.9999999,11.75120684943984,6.344199957274086,0.05749018952993237,0.06671239725151434,0.012529946037062055,11.75120684943984,0.013622288621997962,23.752894936829104,71.13704836415361,3.8761976181341145,0.7809388335704125,0.3029750805221224,0.0027444870553693518,0.14062953995157385,4.154026917325358,0.011739166736244469,120.86850755287007,0.6604445711028784,-0.40740740740740744,-0.34973361768840844,0.40110702333925136,1.2490942832344294,0.07118095678299052,-0.41785359390526666,0.021366766731414445,-0.318697759264226,0.2800450519516656,0.6814657204750434,Medical Instruments & Supplies,Healthcare,LMAT
2022Q1,2022,Q1,2022-05-10,2022-03-31,6038000.0,39561000.0,5663000.0,0.27,25962000.0,0.6562523698,292453000.0,257787000.0,141411000.0,18267000.0,34666000.0,46664000.0,91420000.0,1019319450.0,1019336450.0,11.75231365397766,7.741336836919034,0.053263259395526806,0.06042585545430918,0.014799863618167198,11.75231365397766,0.023422437904161188,25.765765526655038,42.20434953627029,3.9541150251952195,0.45428949983438227,0.29142379564546544,0.002691011144739757,0.13527301822857007,5.051075710297257,0.02064605252809853,244.14837125748502,0.6562523697580951,-0.03571428571428574,0.5932013256427865,0.3920233276249676,1.3898945151308453,0.0002311604253351826,-0.022186234817813764,-0.3283121812359151,0.5389297792672252,0.24378802169947972,0.7343069259747029,Medical Instruments & Supplies,Healthcare,LMAT
2021Q4,2021,Q4,2022-02-28,2021-12-31,6175000.0,39503000.0,8431000.0,0.28,25956000.0,0.6570640205,292802000.0,254151000.0,139883000.0,21813000.0,38651000.0,46104000.0,88125000.0,1098027800.0,1100109800.0,11.626303751143642,6.412827213129785,0.05442927302409137,0.0627068160266928,0.023025559008815737,11.626303751143642,0.02429657959244701,27.796061058653773,44.45456680161943,4.320375682173196,0.38963562753036435,0.29383567586326564,0.0021912013520969144,0.13491369594469982,4.107183789483336,0.0210893368214698,246.7478202247191,0.6570640204541427,-0.06666666666666654,1.0215171034492967,0.4421495346232214,1.4694269167429093,0.043834955360733535,-0.05058425584255843,-0.07075939601013997,-0.08125035590498558,0.24737563616334404,0.7493688202665244,Medical Instruments & Supplies,Healthcare,LMAT
2021Q3,2021,Q3,2021-11-04,2021-09-30,6504000.0,38368000.0,9073000.0,0.3,24866000.0,0.6480921601334445,289473000.0,249048000.0,134016000.0,22114000.0,40425000.0,38798000.0,84356000.0,1146319280.0,1145440280.0,11.534271952575027,6.0602333363480145,0.056965589191392635,0.06621213581317657,0.024808792070147953,11.534271952575027,0.026115447624554304,29.876962051709757,44.06208794587946,4.602804599916483,0.36915744157441577,0.34800762925924017,0.0020945298939750883,0.1325443132865587,3.915166862620964,0.022468416743530485,93.49313106598157,0.6480921601334445,-0.25000000000000006,0.7280423762468489,0.41782838629515123,1.4646539814223074,-0.07081200254101118,-0.21629111941197735,-0.18305420493426977,0.3617862382451441,0.434137893681569,0.7946413228164275,Medical Instruments & Supplies,Healthcare,LMAT
2021Q2,2021,Q2,2021-08-05,2021-06-30,8299000.0,40670000.0,11106000.0,0.4,26761000.0,0.6580034423407918,246505000.0,185833000.0,90020000.0,21480000.0,60672000.0,39150000.0,80253000.0,1257683220.0,1275613220.0,9.016204939110184,4.190875232774674,0.16012251272793657,0.21240038098723046,0.03637957245470965,9.016204939110184,0.044658376068836,30.924101794934842,37.886589348114235,6.767814220294566,0.2731654416194722,0.35527458492975733,0.0018025206697120438,0.16498651142978843,1.9784450651769088,0.03366665990547859,148.06724982340475,0.6580034423407918,0.4285714285714285,1.8529499987842544,0.6223592094164309,1.0032625288972874,0.12445901088281021,0.3997301399898803,0.39786028949024543,-0.11105244549329933,0.410902121534278,0.44266447544895593,Medical Instruments & Supplies,Healthcare,LMAT
2021Q1,2021,Q1,2021-05-10,2021-03-31,5929000.0,35883000.0,7945000.0,0.28,23799000.0,0.6632388596271215,247369000.0,177525000.0,90657000.0,22300000.0,69844000.0,39237000.0,74221000.0,1002233880.0,1011791880.0,8.640367954833058,4.065336322869955,0.13373947422676244,0.18635685114772568,0.02771698150873848,8.640367954833058,0.03339811294183918,27.930604464509656,42.25981953111824,5.6455929024081115,0.3815145893067971,0.3079746157963147,0.002256958226157751,0.1450585966713695,1.9670403587443945,0.023968241776455415,199.84723429710868,0.6632388596271215,-0.1764705882352941,1.4428697661864343,0.5807729467326949,0.9650449843696537,-0.0247110892549791,-0.15697426418313665,-0.1676270298585647,0.4442080413130567,0.29557616014855687,0.46833713997572796,Medical Instruments & Supplies,Healthcare,LMAT
2020Q4,2020,Q4,2021-03-12,2020-12-31,7033000.0,37548000.0,9545000.0,0.34,24402000.0,0.6498881431767338,252810000.0,172572000.0,94263000.0,25145000.0,80238000.0,39165000.0,70554000.0,825390000.0,838612000.0,8.467713444553484,3.748777092861404,0.15816621177959733,0.23170618640335627,0.03277983204859387,8.467713444553484,0.040754004125814154,21.982262703739213,29.339897625479882,4.782873235519088,0.275273709654486,0.335656836461126,0.0023455578574976678,0.14852260590957636,1.8504672897196262,0.027819310944978443,63.800726598129394,0.6498881431767338,-0.081081081081081,1.4790788264089028,0.6347956899752241,0.9760244961065119,0.07478858350951374,-0.06388925861839478,-0.047215012976642046,0.5517917733007498,0.35708667200977484,0.48603472529724245,Medical Instruments & Supplies,Healthcare,LMAT
2020Q3,2020,Q3,2020-11-06,2020-09-30,7513000.0,36416000.0,10018000.0,0.37,22704000.0,0.6234622144112478,261569000.0,160983000.0,102252000.0,44446000.0,100586000.0,39521000.0,65457000.0,658862620.0,690868620.0,7.948207761429841,2.300589479368222,0.23429764230470737,0.38069237124416866,0.033543100127808416,7.948207761429841,0.04666952411124156,18.092668607205624,21.924085584986024,4.0927465633017155,0.2562225475841874,0.34695478353280534,0.0029217016439633497,0.1392213909140609,1.2149799757008504,0.028722822658648388,48.73604704489977,0.6234622144112478,1.176470588235294,2.167699117007504,0.6883395333924078,0.9140367678260604,0.33325503552762936,1.1465714285714286,1.05623973727422,0.40694939441641725,0.3852348161986316,0.4324496077726978,Medical Instruments & Supplies,Healthcare,LMAT
2020Q2,2020,Q2,2020-08-06,2020-06-30,3500000.0,24851000.0,4872000.0,0.17,17029000.0,0.6852440545652086,255717000.0,152629000.0,91869000.0,44357000.0,103088000.0,40472000.0,59869000.0,532752000.0,578533000.0,7.563379583746284,2.071127443244584,0.25714754983047666,0.4308290036624757,0.015176463771799811,7.563379583746284,0.02293142194471562,21.437849583517767,38.053714285714285,3.4905031153974666,0.5477142857142857,0.19326942083415694,0.003598297143886837,0.09718165002717848,0.9636810424510224,0.013687005556924255,105.78872120730739,0.6852440545652086,0.06250000000000006,0.7257528872855113,0.08818662394782088,0.8878652428544862,-0.16862764243519016,0.10270951480781348,0.11922811853893867,-0.29546003070808324,-0.10024931905322874,0.4475750449875402,Medical Instruments & Supplies,Healthcare,LMAT
2020Q1,2020,Q1,2020-05-08,2020-03-31,3174000.0,30551000.0,4353000.0,0.16,20483000.0,0.6704526856731368,184557000.0,148835000.0,89722000.0,16594000.0,35722000.0,35372000.0,58286000.0,502586560.00000006,507060560.00000006,7.37976001586672,5.406894058093287,0.009227501530692414,0.011442201095172506,0.019451758184750242,7.37976001586672,0.021325629052306245,16.450740073974668,39.586212980466286,3.3768035744280582,0.6039697542533081,0.284631912246975,0.003814268332205302,0.1655369343888338,2.848077618416295,0.017197938848160732,1541.676564417178,0.6704526856731368,-0.30434782608695654,1.0028049265642673,0.3929006845479972,0.8927698705438188,0.028882861161342175,-0.31194450466074136,-0.1166801948051948,-0.08912395893136979,0.16917491439693155,0.5007128386955931,Medical Instruments & Supplies,Healthcare,LMAT
2019Q4,2019,Q4,2020-03-12,2019-12-31,4613000.0,30170000.0,4928000.0,0.23,19908000.0,0.6598607888631091,188341000.0,148141000.0,92092000.0,20851000.0,40200000.0,34629000.0,57029000.0,720941300.0,724867300.0,7.387104816994116,4.41667066327754,0.0093288237823947,0.011860322260549071,0.02645864681851636,7.387104816994116,0.031139252468931625,23.895966191581042,39.07117385649252,4.866588587899367,0.36874051593323215,0.2963412168991308,0.0023594153920714488,0.16018816933115998,2.362140904512973,0.024492808257362976,171.8982594182165,0.6598607888631091,-0.07999999999999996,1.0855075169693187,0.39893971411816864,0.8813523212574192,-0.012793811365664981,-0.11014660493827161,-0.16545300592718035,0.6461638481759627,0.2006175091252243,0.5690210631295501,Medical Instruments & Supplies,Healthcare,LMAT
2019Q3,2019,Q3,2019-11-08,2019-09-30,5184000.0,29100000.0,5905000.0,0.25,20166000.0,0.6929896907216495,170014000.0,142316000.0,99695000.0,19323000.0,27698000.0,32284000.0,54117000.0,679190780.0,673892780.0,7.16199486689145,5.15939553899498,0.009799193007634665,0.011706343629669188,0.034555175344583834,7.16199486689145,0.036425981618370386,23.339889347079037,32.75418499228395,4.772413361814554,0.326195987654321,0.27673150786767436,0.0024897275548999647,0.17116237486324656,3.0934119960668633,0.030491606573576295,180.63584574468086,0.6929896907216495,0.08695652173913039,3.8456027458477626,0.451642966857964,0.851134357645866,-0.0073344819099187795,0.12110726643598616,-0.0016906170752324597,0.4966215583857472,0.16847827689146327,0.5303817385430526,Medical Instruments & Supplies,Healthcare,LMAT
2019Q2,2019,Q2,2019-08-06,2019-06-30,4624000.0,29483000.0,5915000.0,0.23,20315000.0,0.6890411423532204,162661000.0,137537000.0,98159000.0,17422000.0,25124000.0,28700000.0,50624000.0,551630400.0,545216400.0,6.9886686991869915,5.634198140282401,0.01043888823995918,0.012345768774947832,0.03075334113485043,6.9886686991869915,0.03362004406087089,18.71011769494285,29.82430795847751,4.010778190595985,0.0,0.3194425087108014,0.0,0.18125426500513336,3.6615199173458843,0.02842721980068978,158.2870588235294,0.6890411423532204,0.3529411764705882,1.9763364779874215,0.3291782528495125,0.661307684080079,0.043721742704480066,0.31625391403358954,0.3337091319052988,0.6647928049719297,0.2317384190189215,0.5527750563021623,Medical Instruments & Supplies,Healthcare,LMAT
2019Q1,2019,Q1,2019-05-06,2019-03-31,3513000.0,28479000.0,4435000.0,0.17,19464000.0,0.6834509638681133,160252000.0,133088000.0,95418000.0,19385000.0,27164000.0,27404000.0,47672000.0,602162400.0,594097400.0,6.776374745417515,4.922259478978591,0.008973366947058383,0.010804880981005049,0.0244449248621085,6.776374745417515,0.026396068766530417,21.14408511534815,42.852433817250215,4.524543159413321,0.0,0.3289665742227412,0.0,0.17771385068517084,3.2456538560742842,0.021921723285824826,-589.7770812928502,0.6834509638681133,-0.4333333333333333,14.467934413648573,0.34896105912148645,0.8780954687758267,0.012800499531689042,-0.41692946058091285,-0.3834283331016266,0.5141985094583388,0.31247574315766535,0.5411243219385736,Medical Instruments & Supplies,Healthcare,LMAT
2018Q4,2018,Q4,2019-03-11,2018-12-31,6025000.0,28389000.0,7193000.0,0.3,19218000.0,0.6769523406953397,153088000.0,130235000.0,94017000.0,19758000.0,22853000.0,25571000.0,45831000.0,463249440.0,436931440.0,6.645999183506838,4.758426966292135,0.0,0.0,0.04589247627257638,6.645999183506838,0.04626252543479095,16.31792032125119,19.221968464730292,3.557027220025339,0.22771784232365144,0.3586484689687537,0.0029616873363084908,0.18544235994983277,3.224364814252455,0.03935644857859532,87.72002272296913,0.6769523406953397,0.42857142857142855,5.369712084919667,0.24971395566190563,0.8159527135019656,0.11376412634019124,0.3966156699119147,0.559288965965749,1.2087345203143014,0.28547465571123615,0.5509094956632529,Medical Instruments & Supplies,Healthcare,LMAT
2018Q3,2018,Q3,2018-11-02,2018-09-30,4314000.0,24165000.0,4613000.0,0.21,17255000.0,0.7140492447755018,144327000.0,125347000.0,86810000.0,14639000.0,18980000.0,22451000.0,41178000.0,726096689.9999999,705992689.9999999,6.427062503204636,5.93004986679418,0.0,0.0,0.03356514366857561,6.427062503204636,0.034416459907297345,30.047452513966476,42.07792593880389,5.7926930042202835,0.3173388966156699,0.30778139058393833,0.0018854238269561594,0.16743228917666134,4.005806407541499,0.029890457087031534,192.39445945945943,0.7140492447755018,-0.5116279069767442,3.7058762537546244,0.242198485300904,0.7797644377645851,-0.09145956192080876,-0.5070277682550566,-0.6002946018542588,0.8889482512324183,0.16349289030839495,0.5477242555165506,Medical Instruments & Supplies,Healthcare,LMAT
2018Q2,2018,Q2,2018-08-06,2018-06-30,8751000.0,27020000.0,11541000.0,0.43,18992000.0,0.7028867505551444,137100000.0,120744000.0,92364000.0,13115000.0,16356000.0,20470000.0,38234000.0,646833599.9999999,627195599.9999999,6.249689440993789,7.0426229508196725,0.0,0.0,0.07243799149352993,6.249689440993789,0.07247565096402306,23.93906735751295,18.478848131642096,5.357066189624328,0.0,0.3921836834391793,0.0,0.19708242159008024,5.197560045749142,0.06382932166301969,158.8101153940584,0.7028867505551444,1.263157894736842,6.7699575208378455,0.3370884929298876,0.7606872951756901,0.028039406733788026,1.271217233324682,1.3737145207733443,3.506945308572975,0.23583046894404727,0.5599602457665895,Medical Instruments & Supplies,Healthcare,LMAT
2018Q1,2018,Q1,2018-05-04,2018-03-31,3853000.0,25994000.0,4862000.0,0.19,18474000.0,0.7107024698007233,129410000.0,113470000.0,84008000.0,12642000.0,15940000.0,20497000.0,30836000.0,698623089.9999999,675842089.9999999,5.88445781258103,6.6451510836892895,0.0,0.0,0.03358311947046864,5.88445781258103,0.03395611174759849,26.87632107409402,45.329813781468985,6.156896889045562,0.0,0.366882958481729,0.0,0.20086546634726837,4.738490745135263,0.029773587821652115,210.17541817087843,0.7107024698007233,-0.09523809523809519,2.594513853565206,0.33374198739544175,0.6790199004400371,0.012163050624589087,-0.10060690943043885,-0.23093957608351787,1.5428396169211145,0.2395272180768645,0.5092529334548369,Medical Instruments & Supplies,Healthcare,LMAT
2017Q4,2017,Q4,2018-03-09,2017-12-31,4284000.0,26153000.0,6322000.0,0.21,18252000.0,0.6978931671318778,126323000.0,109770000.0,80311000.0,13189000.0,16553000.0,19223000.0,28333000.0,613365760.0,594269760.0,5.698193521594685,6.089241034195163,0.0,0.0,0.03899005241047049,5.698193521594685,0.03902705657283411,23.452979008144382,35.79398692810457,5.587735811241687,0.24743230625583568,0.4110180512927223,0.0017281695019950249,0.20703276521298575,4.2960042459625445,0.03391306412925595,119.49459575297097,0.6978931671318778,-0.16000000000000003,3.82808439394949,0.3899886963842122,0.6327035362699638,0.03840245775729647,-0.1503371677905593,0.2511379378586978,1.0161939542166336,0.2624080175399846,0.4512193713786161,Medical Instruments & Supplies,Healthcare,LMAT
2017Q3,2017,Q3,2017-11-03,2017-09-30,5042000.0,24822000.0,5053000.0,0.25,17577000.0,0.7081218274111675,121269000.0,106113000.0,75642000.0,12110000.0,15156000.0,19092000.0,25109000.0,715620080.0,678106080.0,5.5486822840409955,6.246242774566474,0.0,0.0,0.04732805797264697,5.5486822840409955,0.047515384542892954,28.830073322053018,35.482947243157476,6.743943531895244,0.20904403014676715,0.37947831552482714,0.0014728485539421978,0.2046854513519531,4.216928158546656,0.0415769899974437,122.07780279767998,0.7081218274111675,0.08695652173913039,5.016577370896551,0.4392075355691029,0.6173768534955547,0.003482530258049783,0.0885146804835924,-0.08724710982658959,3.896960980899143,0.28660307467893686,0.4341474137508483,Medical Instruments & Supplies,Healthcare,LMAT
2017Q2,2017,Q2,2017-08-03,2017-06-30,4632000.0,25753000.0,5536000.0,0.23,17516000.0,0.6801537684929911,112054000.0,98311000.0,68089000.0,9397000.0,13743000.0,18125000.0,21122000.0,587435520.0,557315520.0,5.2248618197278915,7.245823135043099,0.0,0.0,0.047719171091726076,5.2248618197278915,0.04711578561910671,22.810372383799944,31.705284974093264,5.975277639328254,0.0,0.45445517241379313,0.0,0.2298266907026969,4.7579014579121,0.041337212415442554,125.7622607578677,0.6801537684929911,0.43750000000000006,3.5413627526253224,0.4487318239129787,0.5281612476032495,0.00939318849766611,0.43895619757688725,0.3202957309802051,2.118390811513285,0.21433125191737398,0.2420252644656554,Medical Instruments & Supplies,Healthcare,LMAT
2017Q1,2017,Q1,2017-05-04,2017-03-31,3219000.0,24139000.0,4193000.0,0.16,17353000.0,0.7188781639670243,106522000.0,91618000.0,62504000.0,10765000.0,14904000.0,17888000.0,17526000.0,458881530.0,433071530.0,4.917503086254093,5.806223873664654,0.0,0.0,0.034753745424109896,4.917503086254093,0.03513501713637058,19.009964373006337,35.63851584342963,5.008639459494859,0.0,0.3793604651162791,0.0,0.2266104654437581,3.7064561077566185,0.03021910966748653,584.5624585987262,0.7188781639670243,0.23076923076923075,5.845711490376367,0.4227068961759243,0.44503501135860773,0.07156971717920217,0.23950712360415866,0.07265285239191609,14.009156470554375,0.20531141524546304,0.36290282207760666,Medical Instruments & Supplies,Healthcare,LMAT
2016Q4,2016,Q4,2017-03-09,2016-12-31,2597000.0,23288000.0,3909000.0,0.13,16194000.0,0.6953795946410168,101924000.0,87500000.0,59027000.0,10482000.0,14424000.0,16961000.0,15335000.0,470943900.0,446655900.0,4.708097928436912,5.631272657889716,0.0,0.0,0.030260594679186233,4.708097928436912,0.02968,20.22259962212298,45.33537735849057,5.382216,0.32190989603388526,0.4182536407051471,0.0017751583575028789,0.22848396844707822,3.5755580995993133,0.025479769239825752,148.0490097453631,0.6953795946410168,-0.23529411764705885,5.176669605826066,0.42899118686917487,0.3823846129149541,-0.048475233562488985,-0.19572623103127904,-0.26852544910179643,1.8949399938403435,0.0809300305139647,0.28644060471681465,Medical Instruments & Supplies,Healthcare,LMAT
2016Q3,2016,Q3,2016-11-04,2016-09-30,3229000.0,23216000.0,5344000.0,0.17,17019000.0,0.7330720192970366,101306000.0,86690000.0,68235000.0,12064000.0,14616000.0,17430000.0,13568000.0,367516160.0,332866160.0,4.679874757071906,5.656084217506631,0.0,0.0,0.03750735196896483,4.679874757071906,0.03724766409043719,15.830296347346657,28.45433261071539,4.239429692005999,0.258284298544441,0.3555364314400459,0.0022692879681807734,0.22916707796181865,3.8814655172413794,0.03187372909798038,63.54013831258644,0.7330720192970366,0.21428571428571425,1.2243034727289093,0.33306524679845556,0.37707170408967416,0.10750309103923993,0.2428791377983064,0.41263547449114457,2.7084724364029307,0.2564876937602941,0.29593802171299044,Medical Instruments & Supplies,Healthcare,LMAT
2016Q2,2016,Q2,2016-08-05,2016-06-30,2598000.0,22389000.0,3783000.0,0.14,15367000.0,0.6863638393854125,95529000.0,82850000.0,62422000.0,10136000.0,12679000.0,16961000.0,11272000.0,262682160.0,233367160.0,4.500760538896132,6.1584451460142065,0.0,0.0,0.03092462035803489,4.500760538896132,0.03135787567893784,11.732643708964224,25.277344110854504,3.1705752564876284,0.6362586605080831,0.41400860798301986,0.006292776030165124,0.2343686210470119,4.158741120757695,0.027195930031718118,57.732342857142854,0.6863638393854125,0.2727272727272728,3.20683517847229,0.24507771352432908,0.31858884813126204,0.07042351629980496,0.1994459833795014,0.14636363636363636,1.4210325241287471,0.162813377212825,0.2679721087392808,Medical Instruments & Supplies,Healthcare,LMAT
2016Q1,2016,Q1,2016-05-06,2016-03-31,2166000.0,20258000.0,3300000.0,0.11,14356000.0,0.7086583078290059,93384000.0,80624000.0,59742000.0,10164000.0,12760000.0,17897000.0,9502000.0,284574720.0,258633720.0,4.397033158813263,5.87780401416765,0.0,0.0,0.02715344052987008,4.397033158813263,0.026865449493947213,14.047522953894758,32.84565096952909,3.529652708870808,0.0,0.32977594010169303,0.0,0.2169322367857449,3.832939787485242,0.02319455152916988,528.9492936802974,0.7086583078290059,-0.15384615384615388,27.54458953697644,0.17043831848872654,0.2999449015684787,-0.0032632090536693745,-0.14387351778656127,0.06830689543541599,1.1250522167762056,0.0931135469076864,0.25461111485205773,Medical Instruments & Supplies,Healthcare,LMAT
2015Q4,2015,Q4,2016-03-10,2015-12-31,2530000.0,20483000.0,3089000.0,0.13,14403000.0,0.7031684811795147,90704000.0,77884000.0,58184000.0,10368000.0,12820000.0,15205000.0,8161000.0,313518750.0,286067750.0,4.285226960110041,5.611882716049383,0.0,0.0,0.032007565006708136,4.285226960110041,0.032484207282625445,15.306290582434213,30.980113636363637,4.02545773201171,0.2865612648221344,0.3998684643209471,0.0023124613759145183,0.22582245545951668,3.802276234567901,0.02789292644205327,98.00523601125352,0.7031684811795147,0.18181818181818185,0.09611101617281632,0.20773775544527837,0.26577727362865355,0.06562592482983132,0.20936902485659656,-0.0698584763625414,2.0221635405540686,0.1538659819538942,0.22784619107373238,Medical Instruments & Supplies,Healthcare,LMAT
2015Q3,2015,Q3,2015-11-06,2015-09-30,2092000.0,19025000.0,3321000.0,0.11,13516000.0,0.7104336399474376,86612000.0,74186000.0,53977000.0,8833000.0,12426000.0,15920000.0,6356000.0,217774350.0,194145350.0,4.152588860901203,6.110834371108344,0.0,0.0,0.029834398401778532,4.152588860901203,0.02819939072062114,11.446746386333771,26.024659416826005,2.935518157064675,0.34177820267686426,0.3460427135678392,0.0032832149424392725,0.21965778414076573,3.958790897769727,0.024153696947305223,63.30649709302325,0.7104336399474376,0.09999999999999995,0.20589560501092105,0.21824537215341705,0.2645563973683938,0.0293983244478294,0.1839275608375778,0.1886184681460272,1.6722929090687275,0.18082906108340546,0.21043173169643603,Medical Instruments & Supplies,Healthcare,LMAT
2015Q2,2015,Q2,2015-08-06,2015-06-30,1767000.0,19897000.0,2794000.0,0.1,13130000.0,0.6598984771573604,83237000.0,70439000.0,50309000.0,9239000.0,12798000.0,15781000.0,4979000.0,212038920.0,192608920.0,4.00631327494028,5.445286286394632,0.0,0.0,0.02481904560742027,4.00631327494028,0.025085535001916553,10.656828667638337,29.999847198641767,3.010248867814705,0.398981324278438,0.4288067929788987,0.0033248613037644217,0.23904033062219926,3.4280766316700944,0.021228540192462488,61.782902097902095,0.6598984771573604,0.25000000000000006,0.03846094777907832,0.24796893820104488,0.27194764141046807,0.0009910802775024777,0.2907231555880205,0.2100476396708532,0.8540149043649011,0.19786203615149736,0.17176164724697818,Medical Instruments & Supplies,Healthcare,LMAT
2015Q1,2015,Q1,2015-05-07,2015-03-31,1369000.0,18947000.0,2309000.0,0.08,13117000.0,0.6922995724916874,79573000.0,67927000.0,47797000.0,8388000.0,11646000.0,16456000.0,3917000.0,145996360.0,128971360.0,3.8989209046033753,5.6982594182165,0.0,0.0,0.02000668969638022,3.8989209046033753,0.02015398884096162,7.705513273869214,26.66113221329438,2.149312644456549,0.5113221329437546,0.35427807486631013,0.004794640085547338,0.23810840360423763,3.4456366237482117,0.01720432810124037,-158.17590465872155,0.6922995724916874,-0.2727272727272727,0.20661954764434307,0.23419054944570053,0.2583326185180888,0.022528843155597132,-0.28549060542797494,-0.1569916027747353,2.1134308179224286,0.19419369377953127,0.14571910069945865,Medical Instruments & Supplies,Healthcare,LMAT
2014Q4,2014,Q4,2015-03-18,2014-12-31,1916000.0,18681000.0,2739000.0,0.11,12828000.0,0.6866870081901397,81492000.0,68207000.0,48588000.0,10041000.0,13285000.0,16714000.0,3248000.0,132888150.0,114196150.0,3.9264866731909502,4.838960262922019,0.0,0.0,0.02857078911032775,3.9264866731909502,0.028090958406028706,7.113545848723302,17.339268006263048,1.9483066254196786,0.3173277661795407,0.3501854732559531,0.004575276275574609,0.22923722573994992,2.9374564286425655,0.023511510332302556,58.38670913884007,0.6866870081901397,1.2,0.36269832618234277,0.2411900556001605,0.2768228084186364,0.06873281679580105,1.051391862955032,0.4789416846652268,3.8754608288413714,0.226408702266525,0.15288909498891096,Medical Instruments & Supplies,Healthcare,LMAT
2014Q3,2014,Q3,2014-11-06,2014-09-30,934000.0,17501000.0,1852000.0,0.05,12003000.0,0.6858465230558254,83500000.0,67119000.0,49434000.0,12581000.0,16381000.0,16925000.0,1332000.0,119354240.0,101000240.0,3.868976250864653,3.9292584055321518,0.0,0.0,0.013571173929281609,3.868976250864653,0.013915582770899448,6.81985257985258,31.94706638115632,1.7782481860575992,0.6498929336188437,0.32484490398818316,0.005085701186652439,0.20959281437125749,2.3006120340195535,0.011185628742514971,44.71871112776321,0.6858465230558254,-0.375,-0.34240931124726254,0.1863795468204215,0.2823597714468087,-0.030138978668390434,-0.26572327044025157,-0.06464646464646465,-0.3129976384194998,0.07303091608982501,0.13846160323191825,Medical Instruments & Supplies,Healthcare,LMAT
2014Q2,2014,Q2,2014-08-07,2014-06-30,1272000.0,18161000.0,1980000.0,0.08,12376000.0,0.6814602720114531,80536000.0,67783000.0,53002000.0,9012000.0,12753000.0,14995000.0,398000.0,133254510.0,109742510.0,4.206727487122199,5.881269418553041,0.0,0.0,0.018578109555493265,4.206727487122199,0.018765767227770975,7.337399372281262,26.189958726415092,1.9658986766593394,0.0,0.38579526508836276,0.0,0.22550163901857553,3.8709498446515758,0.01579417900069534,88.0730403172505,0.6814602720114531,9.0,0.3373280933139433,0.39839221405396047,0.4443027042178056,0.10263720598717035,7.144927536231884,9.571428571428571,1.3530635694655055,0.1538031495206713,0.23244591746421533,Medical Instruments & Supplies,Healthcare,LMAT
2014Q1,2014,Q1,2014-05-08,2014-03-31,-207000.0,16754000.0,-231000.0,-0.01,11224000.0,0.6699295690581354,68718000.0,56236000.0,40335000.0,8709000.0,12482000.0,14186000.0,-874000.0,125779020.0,113275020.0,3.6081098421660465,4.631415776782639,0.0,0.0,-0.00311462134849289,3.6081098421660465,-0.0036809161391279607,7.50740241136445,-151.90702898550725,2.23662813855893,0.0,0.3898209502326237,0.0,0.24380802700893506,2.6407165001722355,-0.0030123111848423994,-58.91288992974239,0.6699295690581354,-1.2,0.8894226016846182,0.4834878770346986,0.284387049395669,-0.061224489795918366,-1.2774798927613942,-1.197098976109215,-4.209265326254331,0.13878150261738062,0.06670653238573714,Medical Instruments & Supplies,Healthcare,LMAT
2013Q4,2013,Q4,2014-03-21,2013-12-31,746000.0,17916000.0,1172000.0,0.05,11956000.0,0.6673364590310337,70492000.0,56562000.0,41725000.0,10220000.0,13930000.0,13255000.0,-667000.0,123794550.0,109083550.0,3.6597864768683275,4.082681017612525,0.0,0.0,0.014077947509475715,3.6597864768683275,0.013189066864679466,6.909720361687877,41.48610924932976,2.18865227537923,0.6219839142091153,0.44964164466239154,0.003748145617072803,0.25415650002837203,2.475636007827789,0.010582761164387448,119.26257225433525,0.6673364590310337,0.0,1.4228956689810783,0.4990341604794921,0.2528616773243611,0.11571481896229936,0.03467406380027739,0.5103092783505154,-0.6199171630929029,0.24229730198395422,0.08103365163054256,Medical Instruments & Supplies,Healthcare,LMAT
2013Q3,2013,Q3,2013-11-07,2013-09-30,721000.0,15300000.0,776000.0,0.05,10716000.0,0.7003921568627451,66596000.0,55392000.0,39038000.0,9288000.0,11204000.0,13082000.0,-1413000.0,102771300.0,89145300.0,3.6111871699589284,4.203057708871662,0.0,0.0,0.01286708835141868,3.6111871699589284,0.01301632004621606,6.717078431372549,35.634986130374486,1.8553455372616985,0.6380027739251041,0.350405136829231,0.004475957781987773,0.2297435281398282,2.465439276485788,0.010826476064628505,51.643869346733666,0.7003921568627451,-0.1666666666666666,6.394442463079502,0.29487782226643344,0.2462336513303768,-0.04636468808400819,-0.1889763779527559,-0.4637180373185902,-0.5159510638562124,0.14105744446166887,0.09968744579139148,Medical Instruments & Supplies,Healthcare,LMAT
2013Q2,2013,Q2,2013-08-09,2013-06-30,889000.0,15951000.0,1447000.0,0.06,11237000.0,0.7044699391887655,63675000.0,54131000.0,38835000.0,7456000.0,9544000.0,11654000.0,-2134000.0,101870000.0,86960000.0,3.5495737704918033,5.208556866952789,0.0,0.0,0.017283096058215677,3.5495737704918033,0.01642312168627958,6.386433452448123,28.647356580427445,1.881916092442408,0.0,0.40449631027973226,0.0,0.25050647820965843,3.3025751072961373,0.013961523360816647,206.63286004056795,0.7044699391887655,0.1999999999999999,1.9784256629961405,0.27611448514243725,0.20740354864160582,0.0027663751561663396,0.0508274231678487,0.28851291184327693,-0.397643206648512,0.15345995891797262,0.12693932689445317,Medical Instruments & Supplies,Healthcare,LMAT
2013Q1,2013,Q1,2013-05-08,2013-03-31,846000.0,15382000.0,1123000.0,0.05,11206000.0,0.7285138473540502,63246000.0,53338000.0,38728000.0,7874000.0,9908000.0,11265000.0,-3024000.0,93140280.0,77838280.0,3.5046980747749523,4.918465836931674,0.0,0.0,0.01664675602567018,3.5046980747749523,0.01586111215268664,6.055147575087765,27.523723404255318,1.746227455097679,0.0,0.3707057256990679,0.0,0.2432090566992379,3.131699263398527,0.01337634000569206,-90.42745631067962,0.7285138473540502,0.25000000000000006,1.3361754576628955,0.3228727825651733,0.16400386290531432,0.073577313661621,0.21203438395415472,0.2075268817204301,-0.14641030378607484,0.14700803662831016,0.13110165952327604,Medical Instruments & Supplies,Healthcare,LMAT
2012Q4,2012,Q4,2013-03-27,2012-12-31,698000.0,14801000.0,930000.0,0.04,10438000.0,0.705222620093237,63060000.0,52888000.0,39131000.0,8394000.0,10172000.0,10859000.0,-3869000.0,86983960.0,70535960.0,3.4900356341559986,4.661782225399095,0.0,0.0,0.014355393854474336,3.4900356341559986,0.013197700801694147,5.876897506925208,31.15471346704871,1.6446823476024808,0.5415472779369628,0.4017865365134911,0.0043456287802946655,0.2347129717729147,3.0374076721467715,0.011068823342848082,0.0,0.705222620093237,0.0,1.6062931044334197,0.3639049395466867,0.11382893309230883,0.04223664503245132,0.05279034690799397,-0.07092907092907093,-0.4309411554377422,0.12726692062784387,0.13489678452487391,Medical Instruments & Supplies,Healthcare,LMAT
2012Q3,2012,Q3,2012-11-09,2012-09-30,663000.0,13645000.0,1001000.0,0.04,10015000.0,0.7339684866251374,61192000.0,51906000.0,42191000.0,8195000.0,9286000.0,10130000.0,-4567000.0,93049500.0,72410500.0,3.4306675479180435,5.148383160463697,0.0,0.0,0.012119301332722677,3.4306675479180435,0.012773089816206219,6.81931110296812,35.08653846153846,1.792654028436019,0.5731523378582202,0.3583415597235933,0.004083847844426891,0.2229866649235194,3.5525320317266624,0.010834749640475878,57.50896168108776,0.7339684866251374,-0.20000000000000004,1.4987220553333445,0.3700234794765034,0.06790398774703674,-0.05026078710289237,-0.1953883495145631,-0.3120274914089347,-0.464779434267477,0.06058336615905569,0.13708375740868994,Medical Instruments & Supplies,Healthcare,LMAT
2012Q2,2012,Q2,2012-08-10,2012-06-30,824000.0,14361000.0,1455000.0,0.05,10545000.0,0.7342803425945268,59999000.0,51973000.0,40668000.0,6936000.0,8026000.0,9127000.0,-5230000.0,91206000.0,71044000.0,3.4190513781988026,5.8633217993079585,0.0,0.0,0.016245163049178026,3.4190513781988026,0.015854385931156564,6.350950490912889,27.671723300970875,1.7548727223750795,0.0,0.4181001424345349,0.0,0.23935398923315387,4.175749711649366,0.0137335622260371,53.36805149210064,0.7342803425945268,1.5,2.6722230481590734,0.4084555564261006,0.04123439666391758,0.06838905775075987,1.1347150259067358,0.7037470725995316,-0.0817047953815272,0.1721364437050256,0.17386856327370648,Medical Instruments & Supplies,Healthcare,LMAT
2012Q1,2012,Q1,2012-05-03,2012-03-31,386000.0,13928000.0,854000.0,0.02,9870000.0,0.7086444572085009,59389000.0,52046000.0,39618000.0,6286000.0,7343000.0,8297000.0,-6054000.0,90081660.0,70459660.0,3.4030338694913036,6.302577155583837,0.0,0.0,0.009553099245249401,3.4030338694913036,0.007416516158782615,6.4676665709362435,58.343044041450774,1.7308085155439419,0.0,0.48909244305170546,0.0,0.23452154439374295,4.503977091950366,0.006499520113152267,1286.8808571428572,0.7086444572085009,-0.11595375722543352,1.6154379981717113,0.41334312383353916,0.03996281112288536,0.03643809723826525,0.11560693641618497,0.026442307692307692,1.210134283166019,0.25680481157032187,0.21138568996711693,Medical Instruments & Supplies,Healthcare,LMAT
2011Q4,2011,Q4,2012-03-27,2011-12-31,346000.0,13411000.0,832000.0,0.022623250948084216,9523000.0,0.7100887331295206,59687000.0,52088000.0,39687000.0,6539000.0,7599000.0,8003000.0,-6440000.0,90540480.0,70408480.0,3.4057800444618804,6.0692766478054745,0.0,0.0,0.007049294913787969,3.4057800444618804,0.006642604822607894,6.751210200581612,65.41942196531792,1.7382214713561666,0.8901734104046243,0.4858178183181307,0.0034017933194080705,0.2246887932045504,4.384921241780089,0.005796907199222611,-96.62804695837781,0.7100887331295206,-0.7172093631489472,1.2852073639552992,-0.1491552073964136,-0.42920150224279374,-0.06481390552882255,-0.71499176276771,-0.5821195379206429,0.13558568300624005,0.13391255013871342,0.16590717138055228,Medical Instruments & Supplies,Healthcare,LMAT
2011Q3,2011,Q3,2011-11-14,2011-09-30,1214000.0,14564000.0,1991000.0,0.08,10183000.0,0.699189783026641,63024000.0,52645000.0,42892000.0,9861000.0,10379000.0,7250000.0,-6786000.0,96354020.0,73267020.0,3.3984248918727005,4.349660277862286,0.0,0.0,0.02359337012432847,3.3984248918727005,0.02306011966948428,6.615903597912661,19.84226112026359,1.8302596637857345,0.2553542009884679,0.6042758620689656,0.0032173021945529623,0.2310865701954811,3.23902241152013,0.01926250317339426,56.54578638497652,0.699189783026641,1.6666666666666667,1.999520791206286,-0.06457501878026334,1.5199769880654797,-0.018032786885245903,1.3391136801541426,1.2196209587513935,9.9938901905091,0.2204939349430709,0.17280862565169272,Medical Instruments & Supplies,Healthcare,LMAT
2011Q2,2011,Q2,2011-08-12,2011-06-30,519000.0,15112000.0,897000.0,0.03,10370000.0,0.686209634727369,61691000.0,52804000.0,41616000.0,8362000.0,8887000.0,7811000.0,-8000000.0,109372900.0,87967900.0,3.4133160956690367,4.976799808658216,0.0,0.0,0.009752692877249175,3.4133160956690367,0.009828800848420574,7.237486765484383,52.68444123314066,2.071299522763427,0.5953757225433526,0.6070925617718602,0.0028251971009271948,0.24496279846330907,3.643984692657259,0.00841289653271952,37.00030446549391,0.686209634727369,6.517812499999999,1.2614959999525568,-0.0525811336125599,1.5931801438615876,0.021574229139986207,7.109375,30.9,1.563083708313031,0.19179949818424524,0.16105488518281877,Medical Instruments & Supplies,Healthcare,LMAT
2011Q1,2011,Q1,2011-05-11,2011-03-31,64000.0,14598000.0,-30000.0,0.003990522509041028,10151000.0,0.6953692286614604,61052000.0,52310000.0,41070000.0,8217000.0,8742000.0,9118000.0,-8829000.0,105316650.0,86213650.0,3.382476559974135,4.998174516246805,0.0,0.0,-0.00031105307667134326,3.382476559974135,0.0012234754349072835,7.214457459926018,411.3931640625,2.0133177212770024,4.84375,0.48771660451853477,0.0029435041847609093,0.2391076459411649,3.465254959230863,0.0010482867064142043,-39.92291508718726,0.6953692286614604,-0.968577682992709,-0.9042502599592803,-0.05719643111156524,0.5354137062925172,-0.01894268870203924,-0.9674134419551935,0.9768339768339769,1.025027173734864,0.2354774588417453,0.12341083254351186,Medical Instruments & Supplies,Healthcare,LMAT
2010Q4,2010,Q4,2011-03-30,2010-12-31,1964000.0,14431000.0,-1295000.0,0.12699644358228257,10347000.0,0.7169981290277874,63274000.0,52356000.0,42911000.0,10389000.0,10918000.0,8375000.0,-8583000.0,104698050.0,82084050.0,3.38545101842871,4.130426412551738,0.0,0.0,0.03731073535440167,3.38545101842871,0.037512415004966,7.255079343080868,13.327144857433808,1.9997335548934219,0.0,0.4876417910447761,0.0,0.22807156177892973,2.9924920589084607,0.031039605525176216,-276.2481530343008,0.7169981290277874,0.41107159535869525,16.34585570879957,-0.33651849381547183,0.022794869615924418,-0.0049047893825735715,0.2946605141727093,-1.6373031496062993,2.6716526775779914,0.30306724722833284,0.08045123063754123,Medical Instruments & Supplies,Healthcare,LMAT
2010Q3,2010,Q3,2010-11-10,2010-09-30,1517000.0,13656000.0,2032000.0,0.09,10398000.0,0.7614235500878734,61438000.0,51300000.0,44156000.0,7812000.0,10138000.0,6910000.0,-10547000.0,110135100.0,83007100.0,3.283830495455127,5.652329749103942,0.0025391451544646637,0.0030409356725146198,0.029010365846313228,3.283830495455127,0.029571150097465887,8.064960456942003,18.150148319050757,2.1468830409356725,0.0,0.4714905933429812,0.0,0.22227286044467592,4.581157194060419,0.024691558970018554,53.30837366892546,0.7614235500878734,0.0,13.947552596765245,-0.3740089145709326,0.0,-0.02421171171171171,0.003970880211780278,0.01195219123505976,2.1051797572903572,0.32794556491754945,0.022196302089960866,Medical Instruments & Supplies,Healthcare,LMAT
2010Q2,2010,Q2,2010-08-12,2010-06-30,1511000.0,14158000.0,2008000.0,0.09,10656000.0,0.7526486791919763,58049000.0,49177000.0,41194000.0,6702000.0,8872000.0,6140000.0,-12064000.0,87432800.0,62303800.0,3.149747005700378,6.146523425843032,0.002360075108959672,0.002785855176200256,0.031342789242632035,3.149747005700378,0.03072574577546414,6.175505014832604,14.46604897418928,1.7779205726254141,0.0,0.5703583061889251,0.0,0.2438973970266499,5.044911966577141,0.02602973350100777,38.163596682671326,0.7526486791919763,0.5,163.46508678665217,0.023260454201469532,0.0,0.03275828648962977,0.47992164544564153,0.5811023622047244,5.556198649549637,0.35190499459183294,-0.04077928046458314,Medical Instruments & Supplies,Healthcare,LMAT
2010Q1,2010,Q1,2010-05-13,2010-03-31,1021000.0,13815000.0,1270000.0,0.06,10318000.0,0.7468693449149475,56951000.0,48578000.0,39838000.0,6232000.0,8373000.0,6252000.0,-13575000.0,70551000.0,47474000.0,3.098481949228218,6.392490372272143,0.00261628417411459,0.0030672320803655975,0.020485691968479772,3.098481949228218,0.021017744658075672,5.106840390879479,17.274975514201763,1.4523240973280085,0.0,0.5593410108765196,0.0,0.24257695211673191,5.159178433889602,0.01792769222665098,136.72674418604652,0.7468693449149475,-0.25872340425531914,9.85001963535765,-0.0018250149884339948,0.0,0.014253415904846162,-0.1954294720252167,0.03336045565500407,2.588009769748137,0.36754040645239305,-0.05310786735878847,Medical Instruments & Supplies,Healthcare,LMAT
2009Q4,2009,Q4,2010-03-29,2009-12-31,1269000.0,13584000.0,1229000.0,0.0809414466130884,10173000.0,0.7488957597173145,56906000.0,48213000.0,39550000.0,6548000.0,8693000.0,6498000.0,-14596000.0,78390000.0,56194000.0,3.0752009184845006,6.040012217470983,0.0033036938108459567,0.0038993632422790535,0.0245598288132527,3.0752009184845006,0.02632070188538361,5.770759717314488,15.443262411347519,1.6259100242673137,0.0,0.5249307479224377,0.0,0.23870945067303975,4.853084911423335,0.022299933223210205,42.39588967009194,0.7488957597173145,0.011768082663604976,1.9773137310450741,0.12484577172900256,0.7639898875557147,0.04413425023093503,-0.012451361867704281,-0.04949729311678268,2.02041464669349,-0.15928793240078545,-0.4846055700435353,Medical Instruments & Supplies,Healthcare,LMAT
2009Q3,2009,Q3,2009-11-13,2009-09-30,1285000.0,13346000.0,1293000.0,0.08,9743000.0,0.7300314701034017,56319000.0,47353000.0,38593000.0,6895000.0,8966000.0,6495000.0,-15865000.0,64192550.0,47486550.0,3.0170755017521502,5.597244379985497,0.0033203714554590814,0.003949063417312525,0.023889009823292316,3.0170755017521502,0.02713661225265559,4.809871871721864,12.488822957198442,1.3556173843262307,0.0,0.5547344110854503,0.0,0.2369715371366679,4.432632342277012,0.022816456258101175,22.08965932553338,0.7300314701034017,0.3333333333333334,1.9986062440267602,0.1037721140667749,0.0,0.06807717605788205,0.3891891891891892,0.3021148036253776,2.133678597361299,-0.15394704230900372,1.2372013734521354,Medical Instruments & Supplies,Healthcare,LMAT
2009Q2,2009,Q2,2009-08-14,2009-06-30,925000.0,12630000.0,993000.0,0.06,9122000.0,0.7222486144101345,53703000.0,45641000.0,35986000.0,6212000.0,8062000.0,7000000.0,-17152000.0,49517200.0,35923200.0,2.912635609444799,5.792981326464907,0.0012662234884457107,0.0014898884774654367,0.018038651585337313,2.912635609444799,0.020266865318463664,3.9206017418844024,13.383027027027028,1.0849280252404636,0.0,0.5011428571428571,0.0,0.23518239204513713,4.440598840952994,0.017224363629592388,20.04744939271255,0.7222486144101345,1.5,1.1619735162731335,0.046222296833698266,0.0,0.10355673844664892,1.491759702286018,1.6340996168582376,1.4601090144786684,-0.21829164881852586,1.2128008707719764,Medical Instruments & Supplies,Healthcare,LMAT
2009Q1,2009,Q1,2009-05-14,2009-03-31,-1881000.0,11348000.0,-1566000.0,-0.12,8266000.0,0.7284102925625661,50890000.0,43995000.0,33042000.0,5121000.0,6895000.0,7165000.0,-18075000.0,39591008.0,28748008.0,2.809207585722495,6.452255418863503,0.0015523678522303007,0.0017956585975679054,-0.039924789247409415,2.809207585722495,-0.04275485850664848,3.4888093056045117,-5.261962785752259,0.899897897488351,0.0,0.43014654570830424,0.0,0.22299076439379054,4.7701620777191955,-0.03696207506386323,-11.610266275659823,0.7284102925625661,-7.023461538461538,-5.398928867888385,-0.059433611857150626,0.0,-0.01887240356083086,-7.028846153846154,-5.411267605633803,-3.7789252179195354,-0.27626825842494673,0.2751886833392315,Medical Instruments & Supplies,Healthcare,LMAT
2008Q4,2008,Q4,2009-03-31,2008-12-31,312000.0,12111000.0,355000.0,0.01992209948279165,8425000.0,0.6956485839319627,54399000.0,45748000.0,37116000.0,6933000.0,8651000.0,6959000.0,-16194000.0,36145588.0,25687588.0,2.9211416895472833,5.353526611856339,0.0014338498869464512,0.001704992567981114,0.00918999442261263,2.9211416895472833,0.006819970271924456,2.9845254727107586,28.962810897435894,0.7901020372475298,0.0,0.5296738037074292,0.0,0.22263276898472398,4.110486081061589,0.005735399547785805,14.942367920628358,0.6956485839319627,2.992209948279165,-0.26719446188190193,0.003960166532611402,0.67561877648574,0.03973836850549179,3.2941176470588234,1.088235294117647,1.7210672464300787,-0.4501517665310298,-0.11747985210051867,Medical Instruments & Supplies,Healthcare,LMAT
2008Q3,2008,Q3,2008-11-13,2008-09-30,-136000.0,12023000.0,170000.0,-0.01,8103000.0,0.6739582466938369,53571000.0,45227000.0,35960000.0,6484000.0,8344000.0,8103000.0,-16506000.0,50023640.0,42900640.0,2.897680676576115,5.54595928439235,0.000746672640047787,0.0008844274437835807,0.008656734636261758,2.897680676576115,-0.0030070533088641742,4.160662064376612,-91.95522058823529,1.1060570013487518,0.0,0.4837714426755523,0.0,0.2244311287823636,4.0023133867982725,-0.002538686976162476,39.14212832550861,0.6739582466938369,0.8333333333333333,-1.3191312147616607,-0.00010313206714526301,0.0,-0.08811613774476705,0.8531317494600432,1.1956271576524742,-0.16179736887066468,-0.44837128575941776,0.0,Medical Instruments & Supplies,Healthcare,LMAT
2008Q2,2008,Q2,2008-08-13,2008-06-30,-926000.0,12739000.0,-869000.0,-0.06,8886000.0,0.6975429782557501,56028000.0,45691000.0,37524000.0,8485000.0,10337000.0,9658000.0,-16369000.0,46781420.0,43801420.0,2.9398404323767853,4.422392457277549,0.0008031698436496038,0.0009848766715545732,-0.023427861446239134,2.9398404323767853,-0.020266573285767437,3.6722992385587565,-12.629973002159826,1.0238650937821452,0.0,0.39894388072064607,0.0,0.22736845862782895,2.995757218621096,-0.01652745056043407,51.86410199556541,0.6975429782557501,0.6470588235294118,-3.1821355037961654,0.06394223739479983,0.0,0.04676640358110496,0.6388455538221529,0.6639597834493426,-102.25108737614208,-0.07509085179464009,0.0,Medical Instruments & Supplies,Healthcare,LMAT
2008Q1,2008,Q1,2008-05-15,2008-03-31,-2564000.0,11847000.0,-2586000.0,-0.17,8489000.0,0.7165527137671984,56785000.0,46687000.0,37911000.0,8327000.0,10098000.0,10266000.0,-15445000.0,50394500.0,57353500.0,3.0108990068360635,4.552780112885793,0.0007924627982741922,0.0009638657442114508,-0.06239383972878979,3.0108990068360635,-0.05491892818129244,4.253777327593483,-4.913660296411856,1.0794118277036433,0.0,0.32709916228326513,0.0,0.20862903935898564,2.9984388134982587,-0.04515276921722286,-10.59598402018503,0.7165527137671984,-1.2377079796264856,-7.056139558880433,-0.008259095589147251,0.0,0.04249048262311188,-1.1765704584040746,-0.9635535307517085,-28.54949760118158,-0.13452393543881588,0.0,Medical Instruments & Supplies,Healthcare,LMAT
2007Q4,2007,Q4,2008-03-31,2007-12-31,-1178000.0,11104000.0,-1317000.0,-0.07597059202889204,8143000.0,0.7333393371757925,61151000.0,48586000.0,42060000.0,10339000.0,12565000.0,9589000.0,-12880000.0,96137200.0,89750200.0,3.1333677286211787,4.068091691652964,0.004971300551094831,0.006256946445478122,-0.029796237025342894,3.1333677286211787,-0.02424566747622772,8.657889048991354,-20.402631578947368,1.9787016836125635,0.0,0.308791323391386,0.0,0.18158329381367436,2.8928329625689138,-0.01926378963549247,-92.70703953712632,0.7333393371757925,0.15588231079008835,-3.794468053980501,-0.07031539184861248,0.7973554033682682,0.07413270017148134,0.12998522895125553,0.14536015574302402,-3.794468053980501,-0.07031539184861248,0.7973554033682682,Medical Instruments & Supplies,Healthcare,LMAT
2007Q3,2007,Q3,2007-11-13,2007-09-30,-1354000.0,10144000.0,-1541000.0,-0.09,7581000.0,0.7473383280757098,57095000.0,49505000.0,41100000.0,6740000.0,7590000.0,8146000.0,-11702000.0,108948700.0,101196700.0,3.2125243348475014,6.097922848664688,0.0,0.0,-0.04385800276010338,3.2125243348475014,-0.02735077264922735,10.74021096214511,-20.116081979320533,2.200761539238461,0.0,0.3146329486864719,0.0,0.17766879761800508,4.726706231454006,-0.023714861196251862,579.5143617021276,0.7473383280757098,-9.999999999999998,-4.218056456846203,-0.14553118121979278,0.0,-0.004203336398266123,-6.964757709251101,-2.447427293064877,-4.218056456846203,-0.14553118121979278,0.0,Medical Instruments & Supplies,Healthcare,LMAT
2007Q2,2007,Q2,2007-08-14,2007-06-30,227000.0,10315000.0,-447000.0,0.01,7613000.0,0.7380513814832768,56228000.0,50496000.0,42692000.0,4873000.0,5732000.0,7335000.0,-10348000.0,92268000.0,79794000.0,3.2836519703472495,8.760927560024626,0.0,0.0,0.02679261723700887,3.2836519703472495,0.004495405576679341,8.94503150751333,101.61674008810571,1.8272338403041823,0.0,0.36837082481254263,0.0,0.18344952692608665,6.979889185306792,0.004037134523724835,-340.47232472324725,0.7380513814832768,1.25,-0.45936565223045905,-0.12931914909173242,0.0,0.032971506105834464,1.3608903020667726,0.5424769703172978,-0.45936565223045905,-0.12931914909173242,0.0,Medical Instruments & Supplies,Healthcare,LMAT
2007Q1,2007,Q1,2007-05-14,2007-03-31,-629000.0,9883000.0,-977000.0,-0.04,7370000.0,0.745724982292826,55964000.0,50190000.0,42731000.0,4908000.0,5774000.0,7109000.0,-10575000.0,97856440.0,84621440.0,3.272264962837397,8.70639771801141,0.00010721177900078621,0.00011954572624028691,-0.020370497069126296,3.272264962837397,-0.012532376967523412,9.901491449964587,-38.893656597774246,1.9497198645148437,0.0,0.353495568997046,0.0,0.17659566864412837,6.9900162999185005,-0.011239368165249088,-46.62050500238209,0.745724982292826,0.49572700296735905,-2.5019640761507365,-0.16360836778763818,0.0,0.11751326762699014,0.06676557863501484,-1.25635103926097,-2.5019640761507365,-0.16360836778763818,0.0,Medical Instruments & Supplies,Healthcare,LMAT
