Quarters,Year,Quarter,FillingDate,Date,NetIncome,Revenue,OperatingIncome,EPSDiluted,GrossProfit,GrossProfitRatio,TotalAssets,CommonStockEquity,CurrentAssets,CurrentLiability,TotalLiability,Inventory,RetainedEarnings,MarketCap,EnterpriseValue,bookValuePerShare,currentRatio,debtToAssets,debtToEquity,roic,shareholdersEquityPerShare,roe,priceToSalesRatio,peRatio,pbRatio,payoutRatio,inventoryTurnover,dividendYield,assetTurnover,quickRatio,returnOnAssets,priceToFreeCashFlowsRatio,grossProfitMargin,epsdilutedGrowth,fiveYNetIncomeGrowthPerShare,fiveYRevenueGrowthPerShare,fiveYShareholdersEquityGrowthPerShare,grossProfitGrowth,netIncomeGrowth,operatingIncomeGrowth,threeYNetIncomeGrowthPerShare,threeYRevenueGrowthPerShare,threeYShareholdersEquityGrowthPerShare,Industry,Sector,Symbol
2023Q1,2023,Q1,2023-04-28,2023-03-31,289763000.0,442892000.0,172481000.0,0.47,306131000.0,0.6912091435,17961229000.0,9653102000.0,1083823000.0,208375000.0,8082389000.0,0.0,21390000.0,12040030170.0,18975601170.0,15.658190170465328,5.201310137972405,0.40446831338768635,0.7525817089677495,0.009081128694492657,15.658190170465328,0.03001760470364863,27.185025175437804,10.3878257144632,1.247270584108611,0.5138061105110038,0.0,0.01236558363208819,0.024658223554746728,5.201310137972405,0.01613269336970204,34.87508485573511,0.6912091435383796,5.699999999999999,0.38114321009241886,0.00032808056394772057,0.22216972766774368,0.030001951455853357,5.499285736467812,0.1925589949595868,1.2417828012298546,0.06551306395947967,0.3990529242309622,REIT—Retail,Real Estate,KIM
2022Q4,2022,Q4,2023-02-24,2022-12-31,-64402000.0,439834000.0,144631000.0,-0.1,297214000.0,0.6757413024,17826122000.0,9515508000.0,1051787000.0,5326000.0,8086280000.0,0.0,-119548000.0,13043830080.0,20165566080.0,15.450865137304824,197.48159969958692,0.40791625907193946,0.7641804305140619,0.08285190031923154,15.450865137304824,-0.006768109490318331,29.65625686054284,-50.63441383807956,1.3707970273368484,-2.3067296046706622,0.0,0.01138913946968558,0.024673566129526096,197.48159969958692,-0.0036127880197386734,83.95982234580775,0.675741302400451,-3.6525198938992043,-1.521946827388108,-0.03997557934544733,0.21371166897358043,-0.018010011068342886,-3.7666466191253543,0.002134101979587453,-1.4037571507757387,0.01887288658553723,0.34175242573971987,REIT—Retail,Real Estate,KIM
2022Q3,2022,Q3,2022-10-28,2022-09-30,23278000.0,433403000.0,144323000.0,0.0377,302665000.0,0.6983454199,17915569000.0,9703064000.0,1392512000.0,5326000.0,8062451000.0,0.0,78790000.0,11337467120.0,18538980120.0,15.756024370282804,261.4555013143072,0.8009429675384577,1.478847197132782,0.006250822643547357,15.756024370282804,0.002399036015839945,26.15918007028101,121.76161096314115,1.1684419601890703,6.1162041412492485,0.0,0.012557743144308232,0.024191416973694778,261.4555013143072,0.0012993168120979022,43.03901754972041,0.6983454198517315,1.1300000000000001,-0.867676633244452,0.011304774235520579,0.28049363696698787,0.018151909549936254,1.1305977266861906,0.08348973739133046,-0.8110608060466532,0.04449764001715419,0.3494292128277364,REIT—Retail,Real Estate,KIM
2022Q2,2022,Q2,2022-07-29,2022-06-30,-178242000.0,427198000.0,133202000.0,-0.29,297269000.0,0.6958576585,18197569000.0,9781053000.0,1630644000.0,5326000.0,8212562000.0,0.0,163210000.0,12171242340.0,19398983340.0,15.887566150457571,306.1667292527225,0.8079440171376737,1.5031732268499107,0.005416509534153422,15.887566150457571,-0.018223191306702868,28.490869198825838,-17.071232285319958,1.244369327106192,-0.7296316244207314,0.0,0.010685104804182216,0.0234755532456011,306.1667292527225,-0.009794824792256593,49.120768820979734,0.6958576585096372,-1.852941176470588,-1.8552467086279307,-0.010776446544607729,0.28662814351959337,-0.007876407156850639,-1.8610059125864666,-0.07051944064532335,-2.202763428356265,0.02231691397177919,0.2595555887979398,REIT—Retail,Real Estate,KIM
2022Q1,2022,Q1,2022-04-29,2022-03-31,207016000.0,427249000.0,143308000.0,0.34,299629000.0,0.7012983061,18543581000.0,10011030000.0,1958878000.0,5366000.0,8314939000.0,0.0,412659000.0,15184744900.0,22426489900.0,16.284267047515563,365.053671263511,0.8005725539204105,1.4829125474601514,0.005741353308888866,16.284267047515563,0.020678791293203595,35.54073830482927,18.33764648626193,1.516801457991835,0.5978185261042624,0.0,0.008150153381898435,0.02304026390587665,365.053671263511,0.011163755263883498,78.05020226058977,0.7012983061399792,4.448717948717949,0.8579864917395577,0.0022211692615500657,0.3229718041239311,-0.1867962166343244,4.3827712629033515,0.026245497447061436,0.21589986111396314,-0.011837282612171214,0.28398904576535666,REIT—Retail,Real Estate,KIM
2021Q4,2021,Q4,2022-03-01,2021-12-31,38459000.0,424654000.0,139643000.0,0.0624,368455000.0,0.8676593179,18459199000.0,9899389000.0,1801079000.0,5366000.0,8335537000.0,0.0,299115000.0,15138797500.0,22403615500.0,16.11884555890255,335.6464778233321,0.41169072395828227,0.7676717219618302,0.007825781433768534,16.11884555890255,0.003884987245172404,35.64972306866296,98.4086787227957,1.5292658466093207,2.89076679060818,0.0,0.0073437801119937045,0.02300500688030938,335.6464778233321,0.0020834598511018814,75.09137918206393,0.8676593179388397,-0.9314285714285714,-0.6615135928239788,-0.01509129135403421,0.29746835290683965,0.17217300014315937,-0.9242543905431728,0.8312154949709535,-0.7021974706572781,0.020038395900727812,0.2670047402068702,REIT—Retail,Real Estate,KIM
2021Q3,2021,Q3,2021-11-05,2021-09-30,507739000.0,368607000.0,76257000.0,0.91,314335000.0,0.8527645975252776,18590521000.0,9914310000.0,1967678000.0,5366000.0,8419313000.0,0.0,328609000.0,11346971500.0,18505196500.0,18.130118023121852,366.69362653745804,0.41105335348051836,0.7707743655382977,0.00431015428183119,18.130118023121852,0.05121274198607871,30.78338582826696,5.587010009079468,1.1445044082745042,0.21834840341198922,0.0,0.009770360311559785,0.01982768530263353,365.0967200894521,0.02731171439466382,91.80471929384542,0.8527645975252776,2.64,9.957052789554435,-0.006733410603217999,0.4365811263444871,0.2755601004751876,3.3509173329220117,-0.3524866475897732,2.8863809588302725,-0.0017372137729105006,0.4132272354080555,REIT—Retail,Real Estate,KIM
2021Q2,2021,Q2,2021-07-30,2021-06-30,116697000.0,289016000.0,117769000.0,0.25,246429000.0,0.8526482962880948,11558922000.0,5707269000.0,1222319000.0,5366000.0,5770923000.0,0.0,-68265000.0,8986579350.0,14066514350.0,13.241585481577037,227.78960119269473,0.45938513989453345,0.9303919265063553,0.010459333231760803,13.241585481577037,0.020447082483758868,31.093708825808953,19.25195024293684,1.5745848583622044,0.6859902139729385,0.0,0.008908061330365931,0.025003715744426686,226.40700708162504,0.010095837656833397,61.84844700619408,0.8526482962880948,-0.16666666666666663,-0.44394781449279425,-0.038991495647615025,0.04093218919266399,0.27145193662062667,-0.15401400588653202,0.1273212849867902,-0.3112254266197358,-0.03844640831935294,0.029556328667597137,REIT—Retail,Real Estate,KIM
2021Q1,2021,Q1,2021-04-30,2021-03-31,137942000.0,282308000.0,104468000.0,0.3,193817000.0,0.6865444833302634,11699703000.0,5663313000.0,1222496000.0,5366000.0,5971236000.0,0.0,-104909000.0,8072325000.0,13255787000.0,13.154465256292331,227.82258665672754,0.46473948954088834,0.960094206341765,0.0092297491576203,13.154465256292331,0.024357120999669274,28.594035592331778,14.629925983384322,1.4253715095739896,0.5802366211886155,0.0,0.009915235077874094,0.024129501407001527,225.9599329109206,0.011790213819957651,54.406352993509515,0.6865444833302634,-0.33333333333333337,-0.06043738187088115,-0.08959446200534524,0.04733282510327397,0.08992498284840238,-0.3145194152081656,0.3009389554432019,-0.058500124240170946,-0.08694744712645246,0.026746325397312535,REIT—Retail,Real Estate,KIM
2020Q4,2020,Q4,2021-02-23,2020-12-31,201234000.0,269441000.0,80302000.0,0.45,177826000.0,0.6599812203784873,11614498000.0,5608044000.0,1219390000.0,151823000.0,5944244000.0,0.0,-162812000.0,6455846030.0,16562346030.0,13.038839533786094,8.031655282796414,0.4611030110814949,0.9549639767448329,0.0072413547014492,13.038839533786094,0.03588309934800797,23.960147230748106,8.020322149835515,1.1511760660223065,0.37545345219992643,0.0,0.011703191130783521,0.023198678065982706,8.031655282796414,0.01732610397797649,52.075453372159615,0.6599812203784873,5.5,-0.4920681237432162,-0.1428469430275911,0.06368229283933177,0.023294087859222688,6.241287701203313,0.10180840262341867,1.3352585593810624,-0.15789960857693963,0.024239843620221274,REIT—Retail,Real Estate,KIM
2020Q3,2020,Q3,2020-11-05,2020-09-30,-38394000.0,259792000.0,72882000.0,-0.1,173778000.0,0.6689120527190984,11524192000.0,5474958000.0,1121632000.0,5366000.0,5986765000.0,0.0,-288491000.0,4841732440.0,9963026440.0,12.73263812983437,209.02571748043235,0.4648810085774343,0.9785240361661222,0.006716994207694419,12.73263812983437,-0.0070126565354473955,18.636957412083515,-31.526621607542843,0.8843414762268496,-1.291972704068344,0.0,0.010245093179911445,0.022543185674101924,209.02571748043235,-0.0033316001677167477,21.189664719140463,0.6689120527190984,-1.0584795321637428,-1.4736440602249865,-0.13791250101324912,0.06323440567596977,0.0965918054407431,-1.0513362205556143,0.13665003119151592,-1.3125748960499515,-0.13180801115918067,0.034782742390713856,REIT—Retail,Real Estate,KIM
2020Q2,2020,Q2,2020-08-07,2020-06-30,747893000.0,238916000.0,64120000.0,1.71,158471000.0,0.6632917008488339,11559970000.0,5556511000.0,1085388000.0,5366000.0,5941596000.0,0.0,-200492000.0,5520776280.0,10759831280.0,12.92311037823833,202.2713380544167,0.4628366682612498,0.9629024400383622,0.0058301414099442795,12.92311037823833,0.13459759190614398,23.107603844028862,1.8454432251672366,0.9935688564280715,0.1704267856498189,0.0,0.02308751406242457,0.020667527683895372,202.2713380544167,0.06469679419583269,67.1643626365605,0.6632917008488339,8.0,4.633486816045524,-0.22277038533861657,0.06874496418597283,-0.2264009099385401,7.300699223085461,-0.4439240989350262,4.138234832834064,-0.20785700092294768,0.04655661899306707,REIT—Retail,Real Estate,KIM
2020Q1,2020,Q1,2020-05-08,2020-03-31,90100000.0,289744000.0,115308000.0,0.19,204849000.0,0.7069999723894196,11305134000.0,4809591000.0,672011000.0,126473000.0,6432665000.0,0.0,-942031000.0,4155537450.0,9503822450.0,11.191992739711683,5.313474022123299,0.5049506710844825,1.1869065373750076,0.010861096979322377,11.191992739711683,0.018733401655151135,14.342100095256502,11.530348085460599,0.8640105676345452,1.4123751387347392,0.0,0.030622994385479548,0.02562941757258251,5.313474022123299,0.00796983034433736,26.766919271621717,0.7069999723894196,-0.13636363636363635,-0.7227153797029133,-0.023729103762805192,-0.08370163171314514,-0.0025514551572017744,-0.17655982964567396,-0.15597001815307138,0.15683987773671468,-0.027685440742554804,-0.09073642778062205,REIT—Retail,Real Estate,KIM
2019Q4,2019,Q4,2020-02-25,2019-12-31,109419000.0,296130000.0,136616000.0,0.22,205373000.0,0.6935231148482086,10997867000.0,4864892000.0,342636000.0,296356000.0,6068960000.0,0.0,-904679000.0,8749291570.0,18772870570.0,11.515436708666002,1.1561635330480908,0.48334527049654263,1.0926793441663247,0.013260779441814592,11.515436708666002,0.0224915578804216,29.545441427751324,19.990338903663897,1.798455458004001,1.190698142004588,0.0,0.014890919905644428,0.026926130312359662,1.1561635330480908,0.009949111041259182,86.48194180035387,0.6935231148482086,0.5714285714285713,1.0106232467006084,0.1782399827667311,-0.011822514100884678,0.012897148324603714,0.302762233599238,0.37346684360799454,0.3999665282916945,-0.0015534277215901594,-0.07307786746899714,REIT—Retail,Real Estate,KIM
2019Q3,2019,Q3,2019-10-25,2019-09-30,83990000.0,282871000.0,99468000.0,0.14,202758000.0,0.7167860968427304,11085131000.0,4901881000.0,332746000.0,126203000.0,6110662000.0,0.0,-883741000.0,8765904240.0,14028843240.0,11.67606586585299,2.636593424878965,0.4792571237994391,1.0837937518271048,0.010266557090544021,11.67606586585299,0.01713423887687196,30.989052394907926,26.092106917490177,1.7882735709006399,1.6198833194427908,0.0,0.01552081750781252,0.025518056575064382,2.636593424878965,0.007576816187377488,51.89074906766116,0.7167860968427304,-0.3,-0.5794216728959001,0.05248034640663992,0.014184125455549625,0.005110867657775112,-0.16863808684807033,-0.07385474860335195,2.929957862565665,-0.0071438964225641844,-0.07482037174564217,REIT—Retail,Real Estate,KIM
2019Q2,2019,Q2,2019-07-26,2019-06-30,101027000.0,284873000.0,107400000.0,0.2,201727000.0,0.7081295875706016,11040903000.0,5293902000.0,296360000.0,130460000.0,5673442000.0,0.0,-835934000.0,7533561150.0,12418305150.0,12.61362840334813,2.2716541468649396,0.44430260821963563,0.9266325670554536,0.010489663067054544,12.61362840334813,0.019083655118662946,26.445332305974944,18.64244496520732,1.4230639611386835,1.3135597414552544,0.0,0.01761517526143662,0.025801603365231993,2.2716541468649396,0.009150247946205125,47.59912523456603,0.7081295875706016,-0.1666666666666666,0.09961224104959081,0.06646250160123668,0.11479416140347942,-0.048794058705646584,-0.13034458418338798,-0.19912306212388983,-0.5056371736139623,-0.027232341476181986,-0.008432045707248858,REIT—Retail,Real Estate,KIM
2019Q1,2019,Q1,2019-05-03,2019-03-31,116169000.0,295010000.0,134103000.0,0.24,212075000.0,0.7188739364767296,11070200000.0,5319877000.0,327323000.0,130444000.0,5673342000.0,0.0,-804241000.0,7625855520.0,12448069520.0,12.682559170751244,2.5092990095366594,0.4398072302216762,0.9152004830186863,0.012948767651843386,12.682559170751244,0.02183678306848072,25.849481441307073,16.411124138109134,1.433464630855187,1.1407604438361354,0.0,0.01737785349492171,0.026649021697891635,2.5092990095366594,0.010493848349623313,49.117311314070776,0.7188739364767296,0.4117647058823528,0.29995088485666777,0.16334972849023202,0.12170282901998045,0.042675581995624275,0.31769149623983395,-0.5406062765275955,-0.18787639357312752,-0.023547513085050816,0.009760584489634608,REIT—Retail,Real Estate,KIM
2018Q4,2018,Q4,2019-02-15,2018-12-31,88161000.0,284201000.0,291913000.0,0.17,203395000.0,0.7156730623748685,10999100000.0,5333804000.0,352859000.0,305165000.0,5588047000.0,0.0,-787707000.0,6142129700.0,10882722700.0,12.722008882358834,1.1562892205855848,0.44311552763407913,0.9137703597657507,0.028298824701400188,12.722008882358834,0.016528728839679898,21.61192149218335,17.41736623903994,1.1515476946659458,1.5032043647417792,0.0,0.021576229495772453,0.025838568610159013,1.1562892205855848,0.008015292160267659,50.50885818839686,0.7156730623748685,-0.1052631578947368,0.3930255621124189,0.20220658385060838,0.12087231854063492,0.0007084835990966834,-0.11978074642065537,1.8561239066199635,-0.7717179678300928,-0.07250535264878652,0.037835885812182,REIT—Retail,Real Estate,KIM
2018Q3,2018,Q3,2018-10-26,2018-09-30,100158000.0,283080000.0,102206000.0,0.19,203251000.0,0.7179984456690688,11109521000.0,5378250000.0,371074000.0,130263000.0,5653424000.0,0.0,-743346000.0,6841833600.0,11594947600.0,12.828876750232569,2.8486523418008183,0.4399356191864618,0.908748012829452,0.010018045397212814,12.828876750232569,0.0186227862222842,24.169258160237387,17.07760138980411,1.272130079486822,1.323119471235448,0.0,0.01936922289369914,0.02548084656395177,2.8486523418008183,0.009015510209666105,41.630920320058415,0.7179984456690688,-0.4722222222222222,0.7482807896980018,0.14095658435700165,0.11439159012912416,-0.041549169582480595,-0.3943985585236961,0.21170375463846638,0.26731455022133427,-0.03651534194271336,0.07127077734684868,REIT—Retail,Real Estate,KIM
2018Q2,2018,Q2,2018-07-27,2018-06-30,165386000.0,293403000.0,84349000.0,0.36,212062000.0,0.7227669792060749,11291783000.0,5411210000.0,530286000.0,130262000.0,5802805000.0,0.0,-710981000.0,7148219689.999999,11924489690.0,12.861448288811616,4.070918610185626,0.44888535318115835,0.9367065776415996,0.008189308443117223,12.861448288811616,0.03056358928964132,24.36314451454143,10.805357905143119,1.3210020845614936,0.8130676115269733,0.0,0.01881167700932818,0.025983761820431724,4.070918610185626,0.014646579729702564,44.75833676670402,0.7227669792060749,0.2,2.1334213090731544,0.15498357391985393,0.11023669755034647,-0.02497988459504816,0.14779651606634742,-0.1884681252285016,0.27311363538492267,-0.024562905173974667,0.06364549156466334,REIT—Retail,Real Estate,KIM
2018Q1,2018,Q1,2018-04-27,2018-03-31,144090000.0,304078000.0,103938000.0,0.3,217495000.0,0.7152605581462651,11372502000.0,5424566000.0,435849000.0,132209000.0,5870100000.0,0.0,-743845000.0,6097017600.0,10987653600.0,12.811796770932727,3.2966666414540615,0.44821464968746544,0.9396736992415614,0.009869728785885304,12.811796770932727,0.02656249366308752,20.05083432540335,10.578488444722048,1.1239641291118958,0.9038864598514817,0.0,0.021361427593714014,0.026738003651263373,3.2966666414540615,0.012670035142662538,31.709222536002372,0.7152605581462651,0.764705882352941,1.0420905300960335,0.21094926063363129,0.08821204566690607,-0.057034467808367656,0.6972531096871466,0.3142401942189515,-0.5499294437497437,0.039888226788273404,0.048913160421767125,REIT—Retail,Real Estate,KIM
2017Q4,2017,Q4,2018-02-23,2017-12-31,84896000.0,315225000.0,79086000.0,0.17,230650000.0,0.7316995796653184,11763726000.0,5394244000.0,463373000.0,314594000.0,6241579000.0,0.0,-761337000.0,7690772099.999999,12944451100.0,12.730260021617335,1.472923831986624,0.4657475871165309,1.0156987707637994,0.00689321505614887,12.730260021617335,0.015738257297964273,24.397722579110155,22.647627980116848,1.4257367853586156,1.4722719562759141,0.0,0.016251944326890144,0.026796356868563583,1.472923831986624,0.007216761084030689,63.895418934075515,0.7316995796653184,-0.2916666666666666,-0.0788509159279135,0.2877113094341095,0.08556218647098864,0.045932133447608166,-0.2985540775014459,-0.20791226400921428,0.5553375761160896,0.25046482829419886,0.09242546863523418,REIT—Retail,Real Estate,KIM
2017Q3,2017,Q3,2017-10-27,2017-09-30,121030000.0,294845000.0,99845000.0,0.24,220521000.0,0.7479217894147773,11702241000.0,5213332000.0,375182000.0,123270000.0,6294097000.0,0.0,-715621000.0,8283100400.0,13691827400.0,12.304648703763146,3.0435791352316053,0.47437674544559455,1.0648220754020654,0.009399787618431138,12.304648703763146,0.023215479083242733,28.093067204802523,17.109601751631825,1.5888304063504877,1.0608031066677683,0.0,0.015500113942841981,0.02519560142369312,3.0435791352316053,0.01034246346490386,42.74442621089678,0.7479217894147773,-0.22580645161290325,1.1099543264851885,0.21789767819391248,-0.01564595650139316,0.0013258925936184608,-0.15609137055837563,0.5148457768809456,-0.3994731840212651,0.08702466950893246,0.0687828869790404,REIT—Retail,Real Estate,KIM
2017Q2,2017,Q2,2017-07-28,2017-06-30,143416000.0,297176000.0,65911000.0,0.31,220229000.0,0.7410726303604598,11558320000.0,5231323000.0,356988000.0,124679000.0,6132718000.0,0.0,-709671000.0,7773977500.000001,13035545500.0,12.348219048743067,2.8632568435742987,0.4663463202264689,1.0303665057577214,0.006507237551943462,12.348219048743067,0.027414862358909973,26.15950648773791,13.551447362916273,1.4860442568734524,0.881896022758967,0.0,0.016269406491078726,0.025711002983132496,2.8632568435742987,0.012408031617051613,54.37032283783974,0.7410726303604598,1.0666666666666667,0.9865159120545605,0.208426180926154,-0.001328973788531765,0.008808736360887928,0.8690263641458043,-0.28850243423254207,0.546423243217295,0.10213980418811759,0.09133724722824864,REIT—Retail,Real Estate,KIM
2017Q1,2017,Q1,2017-04-28,2017-03-31,76733000.0,293588000.0,92637000.0,0.15,218306000.0,0.7435794378516833,11248419000.0,5211335000.0,373795000.0,124680000.0,5888873000.0,0.0,-726610000.0,9352486290.0,14317617290.0,12.30885419988143,2.998034969521976,0.45560918383285687,0.9834107767011716,0.00905553019032891,12.30885419988143,0.014724250120170743,31.855819345477336,30.470873972085023,1.7946430789807217,1.6461626679525108,0.0,0.013506034233384586,0.026100379084385103,2.998034969521976,0.0068216697831046304,59.55025271884471,0.7435794378516833,-0.06250000000000006,0.37276162370959703,0.21770772492437845,-0.016987700903916773,0.014838643695900778,-0.019674728194907568,0.28990350474121723,-0.14928870183962722,0.1470310788030206,0.08865067311045131,REIT—Retail,Real Estate,KIM
2016Q4,2016,Q4,2017-02-27,2016-12-31,78273000.0,297026000.0,71817000.0,0.16,215114000.0,0.7242261620194865,11230600000.0,5256139000.0,355607000.0,270268000.0,5827726000.0,0.0,-676867000.0,10644868920.0,15576851920.0,12.423305372181135,1.3157569523583998,0.4511217566292095,0.9638953612147624,0.00712497592479342,12.423305372181135,0.014891729461492552,35.83817214654609,33.99917251159403,2.0252259158290906,1.5322397250648372,0.0,0.01126674277544791,0.026447919078232685,1.3157569523583998,0.006969618720282086,72.1343695873145,0.7242261620194865,2.230769230769231,0.6199786470772728,0.09359312993949057,0.07700072511457108,0.014425502817665229,2.7975198070961076,-0.05603312302839117,0.22559289543468994,0.24508684365087866,0.0945550522106789,REIT—Retail,Real Estate,KIM
2016Q3,2016,Q3,2016-10-28,2016-09-30,-43545000.0,285076000.0,76080000.0,-0.13,212055000.0,0.7438542704401633,11206102000.0,5301457000.0,373697000.0,118136000.0,5774140000.0,0.0,-628826000.0,12161113350.0,16998750350.0,12.62032313431237,3.1632779169770435,0.4461891387388764,0.9431446864512907,0.04586951298746293,12.62032313431237,-0.008213779721310576,42.65919737192889,-69.81922924560799,2.2939190773404365,-2.7248593409117006,0.0,0.009756836942893886,0.025439354380318864,3.1632779169770435,-0.0038858293454762413,53.17984314257103,0.7438542704401633,-1.282608695652174,-1.7665311575419207,0.27689226813698514,0.08009918506405468,-0.034999499422060015,-1.2140760733300886,0.41763094639163734,-1.7585625910003209,0.14669567165857375,0.09627539802615805,REIT—Retail,Real Estate,KIM
2016Q2,2016,Q2,2016-07-29,2016-06-30,203409000.0,291488000.0,53667000.0,0.46,219746000.0,0.753876660445713,11392432000.0,5314127000.0,541338000.0,116857000.0,5947747000.0,0.0,-465348000.0,13108932240.0,17966940240.0,12.720891542269502,4.632482435797598,0.4554617486415543,0.9764194570434617,0.005687370443188007,12.720891542269502,0.038277030262919946,44.97245938083214,16.111544031974987,2.4668082339770954,0.5822161261301122,0.0,0.009034145408016848,0.025586108391957046,4.632482435797598,0.017854747783440796,166.1651169334905,0.753876660445713,0.48387096774193555,4.114078768541332,0.29395153713139427,0.056916138671139774,-0.024906926282065506,0.4455594010503649,-0.4593235877854905,2.881328014939567,0.1556386845745914,0.09810344050222003,REIT—Retail,Real Estate,KIM
2016Q1,2016,Q1,2016-04-29,2016-03-31,140713000.0,297202000.0,99259000.0,0.31,225359000.0,0.7582687868856872,11249361000.0,5182619000.0,425721000.0,116631000.0,5932004000.0,0.0,-550103000.0,11875491400.0,16821669400.0,12.559966555994475,3.65015304678859,0.45891157728870113,0.9961106537061667,0.00710300872549432,12.559966555994475,0.027150944339145902,39.95764294991285,21.098781562471128,2.291407375305806,0.831692878412087,0.0,0.009854750094804498,0.026419456180666618,3.65015304678859,0.012508532706879972,86.71026753117789,0.7582687868856872,-0.6436781609195403,3.785488983937297,0.3067684451703733,0.04123299887641824,0.02370299035618081,-0.6289223920822994,0.20449719077262854,1.0463010588949624,0.214470109943865,0.06682201909542301,REIT—Retail,Real Estate,KIM
2015Q4,2015,Q4,2016-02-26,2015-12-31,379201000.0,300870000.0,82407000.0,0.87,220141000.0,0.7316814571077209,11344171000.0,5046300000.0,396175000.0,265241000.0,6162220000.0,0.0,-572335000.0,10892708820.0,16087049820.0,12.258208697806722,1.493641631572796,0.47392709436414526,1.065396429066841,-0.004872475662046519,12.258208697806722,0.07514436319679765,36.20403769069698,7.181355547585582,2.1585535580524344,0.30350130933199015,0.0,0.01056559960445174,0.0265219908973516,1.493641631572796,0.03342694675529838,-461.8881745325022,0.7316814571077209,4.8,9.094265843169323,0.12554252572320101,0.009397452985035602,0.028777987036353356,3.88837467127314,0.09895048475069013,3.2350586438837152,0.2650975095913012,0.04530840796747074,REIT—Retail,Real Estate,KIM
2015Q3,2015,Q3,2015-11-05,2015-09-30,77572000.0,288382000.0,74987000.0,0.15,213983000.0,0.7420123308666976,11413984000.0,4927714000.0,392067000.0,111480000.0,6324326000.0,0.0,-832746000.0,10052627410.0,15382489410.0,11.975381968324637,3.5169268030139937,0.48174116942865874,1.1158492558618458,0.00645389031793774,11.975381968324637,0.015741985025916682,34.85872006574613,32.397731816892694,2.040018436540757,1.46601866652916,0.0,0.011312664377362017,0.025265674106429447,3.5169268030139937,0.006796224701208622,56.52656284616985,0.7420123308666976,-0.4444444444444445,1.5223383039706055,0.3511031282256492,-0.016605803303134183,-0.019506048387096773,-0.3891968503937008,-0.18679781373357046,0.39243539538524735,0.226521679851014,-0.04198681760369815,REIT—Retail,Real Estate,KIM
2015Q2,2015,Q2,2015-08-03,2015-06-30,127000000.0,294061000.0,92212000.0,0.27,218240000.0,0.7421589398118078,11467304000.0,4973586000.0,370841000.0,111455000.0,6331790000.0,0.0,-796571000.0,9271085180.0,14687276180.0,12.091856159604392,3.32727109595801,0.48291839128011255,1.1134364621422048,0.009230087656423053,12.091856159604392,0.02553489574725359,31.52776185893403,18.250167677165354,1.8640645160252582,0.8946692913385826,0.0,0.012255631114803328,0.02564342935357779,3.32727109595801,0.011074965833294382,75.43293747203124,0.7421589398118078,-0.6197183098591549,4.08988723841273,0.27357959742401855,0.019978535434649194,0.03959452764757441,-0.5907740492746711,-0.01866632611795756,0.811877011272194,0.23161331100220228,-0.0220625053664898,REIT—Retail,Real Estate,KIM
2015Q1,2015,Q1,2015-05-07,2015-03-31,310342000.0,283456000.0,93966000.0,0.71,209928000.0,0.7406017159629713,11733888000.0,5013174000.0,578015000.0,111357000.0,6526956000.0,0.0,-809849000.0,11020126050.0,16625653050.0,12.214354108953227,5.190648095764074,0.4875835699130587,1.1412432522788956,0.006087720737206687,12.214354108953227,0.061905291936804906,38.87773075891849,8.877404645520105,2.1982333048882805,0.365403329230333,0.0,0.010290263422168388,0.02415703984902532,5.190648095764074,0.02644835198699698,50.891872402327515,0.7406017159629713,6.888888888888889,5.032346912795795,0.1694041302099499,0.025282856576476758,0.17864902952686276,4.8798052329436725,0.04928979810612828,4.7272032874826895,0.2127729654009576,-0.02453468701160966,REIT—Retail,Real Estate,KIM
2014Q4,2014,Q4,2015-02-27,2014-12-31,52781000.0,243761000.0,89552000.0,0.09,178109000.0,0.7306706158901547,10285728000.0,4774785000.0,523956000.0,240652000.0,5383963000.0,0.0,-1006578000.0,10300863600.0,14824074600.0,11.653206911700103,2.177235177767066,0.4491950399621689,0.9676452447597117,0.007519319980830826,11.653206911700103,0.011054110289782681,42.258046200991956,48.79058562740381,2.1573460585136295,2.0295939826831626,0.0,0.010399516405595352,0.023698954512505095,2.177235177767066,0.0051314792691387525,86.31671051970035,0.7306706158901547,-0.7954545454545454,0.001266172363563938,0.06173268666713677,-0.026138985744049974,-0.08564050700494376,-0.7289222836247098,-0.002717270257027039,0.12796660745718988,-0.07328360263982306,0.01023937815413082,REIT—Retail,Real Estate,KIM
2014Q3,2014,Q3,2014-11-03,2014-09-30,194708000.0,262046000.0,89796000.0,0.44,194791000.0,0.743346588003633,10293211000.0,4712475000.0,415195000.0,104858000.0,5457514000.0,0.0,-945949000.0,8968332660.0,13588582660.0,11.512767329707861,3.9595929733544413,0.45635098707293575,0.9967834312118367,0.008183328550678824,11.512767329707861,0.04131756667144123,34.22426848721217,11.515105516979272,1.903104559705887,0.5497976457053639,0.0,0.011936443936503132,0.025458139350296036,3.9595929733544413,0.018916157455627792,48.76532103008026,0.743346588003633,1.4444444444444446,3.465977081484902,0.17134061808816853,-0.04470005923033632,0.010138148478499864,1.175216730717669,10.553782810087494,2.517472820308741,0.20455482742175726,-0.014689998163263163,REIT—Retail,Real Estate,KIM
2014Q2,2014,Q2,2014-08-01,2014-06-30,89512000.0,260249000.0,7772000.0,0.18,192836000.0,0.740967304389258,10190372000.0,4626628000.0,452817000.0,104786000.0,5441653000.0,0.0,-1033535000.0,9396567960.0,14009774960.0,11.314760015847318,4.321350180367606,0.4642000311666738,1.0224230260137621,0.000819678152847581,11.314760015847318,0.019347135754160482,36.106067496897204,26.243877804093305,2.030975466365569,1.1946666368755028,0.0,0.011380431712431312,0.02553871438648167,4.321350180367606,0.008783977660481874,64.99037210203065,0.740967304389258,0.0,1.5986871212658522,0.23822939037821012,-0.06394878090746593,0.05609165690000767,0.028873563218390803,-0.9011133023729245,1.2991836030887742,0.18027047845443156,-0.05991239480323243,REIT—Retail,Real Estate,KIM
2014Q1,2014,Q1,2014-05-08,2014-03-31,87000000.0,246878000.0,78595000.0,0.18,182594000.0,0.7396122781292784,9833697000.0,4617211000.0,514226000.0,104670000.0,5091367000.0,0.0,-1015995000.0,8935069960.0,13109816960.0,11.306523298895357,4.912830801566829,0.44544244143377615,0.9486995504428972,0.006278884757212913,11.306523298895357,0.01884254369141891,36.192248641029174,25.6754883908046,1.9351660472090184,1.2271494252873563,0.0,0.011948647350042687,0.025105308817223063,4.912830801566829,0.008847130433243977,49.22550979819627,0.7396122781292784,0.6363636363636362,0.5030323308998512,-0.24081120455452718,-0.20637204129900705,0.09059524804988472,0.4121313444464283,-0.13965605946164877,1.9896580074098276,0.09683035707976809,-0.06267862188246381,REIT—Retail,Real Estate,KIM
2013Q4,2013,Q4,2014-02-26,2013-12-31,61609000.0,230130000.0,91353000.0,0.11,167426000.0,0.7275279190023031,9663630000.0,4632417000.0,406103000.0,228786000.0,4894104000.0,0.0,-996058000.0,8060745250.0,12196144250.0,11.350096413231766,1.7750343115400418,0.43683388126407985,0.9112739634622703,0.009035309801729662,11.350096413231766,0.013299536721327117,35.02692065354365,32.7092845606973,1.7400733245733275,1.6328783132334561,0.0,0.012480235620893738,0.023814032615073217,1.7750343115400418,0.006375347566080241,222.70943388406917,0.7275279190023031,0.09999999999999995,1.794213389154279,-0.2174464993397552,-0.22602505895383526,-0.0684634258975914,0.1048365403583021,9.465459961049376,0.6541975844632856,-0.13165118042294927,-0.0653807017741008,REIT—Retail,Real Estate,KIM
2013Q3,2013,Q3,2013-11-01,2013-09-30,55763000.0,241497000.0,8729000.0,0.1,179731000.0,0.7442369884512023,9953079000.0,4697587000.0,696220000.0,98334000.0,5112927000.0,0.0,-950905000.0,8234650800.0,12302228800.0,11.512000686173602,7.080155388777025,0.44013033554742204,0.9325323831149908,0.0015397172138101622,11.512000686173602,0.011870562482397878,34.098356501322996,36.918076502340256,1.7529533354039,1.803884296038592,0.0,0.012215454236383648,0.02426354698882627,7.080155388777025,0.00560258790269825,30.690465240223173,0.7442369884512023,0.11111111111111122,-0.6776153425480906,-0.20419989565339428,-0.3069918991045118,-0.014875715969196197,0.09042022722384091,-0.8217989547607382,0.8284225577715874,0.1409436198943931,-0.05465773892661489,REIT—Retail,Real Estate,KIM
2013Q2,2013,Q2,2013-08-02,2013-06-30,51139000.0,246128000.0,48984000.0,0.09,182445000.0,0.7412606448677111,9988471000.0,4722273000.0,461945000.0,98326000.0,5122190000.0,0.0,-906070000.0,8584898399.999999,12964231400.0,11.584420076538121,4.698096129202856,0.44699273792755667,0.9454713863429751,-0.12607614829879504,11.584420076538121,0.010829318847089103,34.87981213027368,41.9684506932087,1.817958936300379,1.9832221983222198,0.0,0.011813768232830806,0.024641208849682798,4.698096129202856,0.005119802620441106,74.23621317330058,0.7412606448677111,-0.30769230769230776,-0.6627033629698944,-0.16797415061626966,-0.23886054772756318,0.018398093207330213,-0.24540357090157888,-0.36494930899473643,1.0680285881223226,0.07559692673792816,-0.022824976780597254,REIT—Retail,Real Estate,KIM
2013Q1,2013,Q1,2013-05-06,2013-03-31,67770000.0,241178000.0,77134000.0,0.13,179149000.0,0.7428082163381403,10061835000.0,4787735000.0,480551000.0,99156000.0,5106047000.0,0.0,-856620000.0,9088895700.0,13449860700.0,11.773253955373258,4.846413731897212,0.44237189339717853,0.9296824072343185,0.003101411047506668,11.773253955373258,0.014154918766389534,37.68542611680999,33.52846281540505,1.8983706700558824,1.442290098863804,0.0,0.010754221769758014,0.02396958407686073,4.846413731897212,0.006735351951209695,60.639127998131904,0.7428082163381403,-0.07142857142857148,-0.571927858715806,-0.34241176970219517,-0.2326176271707617,0.06909310083487,-0.23320623210871114,0.3947777657227587,0.32951095483942244,0.004211841812932727,-0.011743450460690934,REIT—Retail,Real Estate,KIM
2012Q4,2012,Q4,2013-02-27,2012-12-31,88381000.0,234749000.0,55302000.0,0.14,167571000.0,0.7138305168499121,9740807000.0,4765160000.0,410233000.0,208399000.0,4808327000.0,0.0,-824008000.0,7850585400.0,11940568400.0,11.726882329055359,1.9684979294526366,0.4306950132571151,0.8804147184984344,0.013149583480087781,11.726882329055359,0.018547331044497982,33.44246578260184,22.206654710854142,1.6474967052522898,1.1046491893053938,0.0,0.012436015281102476,0.024099543292460265,1.9684979294526366,0.009073272881805379,15.836222102086595,0.7138305168499121,1.0,-0.3375003418372527,-0.18697911848569973,-0.2384009647133088,-0.021271749224649996,0.6086529185853916,-0.2630035848981169,0.6906133095054023,0.03102253742805559,-0.019981915229899786,REIT—Retail,Real Estate,KIM
2012Q3,2012,Q3,2012-11-06,2012-09-30,54941000.0,231878000.0,75037000.0,0.07,171213000.0,0.7383753525560856,10115976000.0,5072717000.0,702086000.0,94856000.0,4777738000.0,0.0,-813097000.0,8043154200.0,11874751200.0,12.500226707079667,7.401598212026651,0.4212273734140927,0.8400086186554464,0.005733480139328867,12.500226707079667,0.010830685015544924,34.68700868560191,36.59905262008336,1.5855712431819082,1.8344223803716715,0.0,0.012530531865222724,0.02292196027353169,7.401598212026651,0.005431112133915699,208.07538998835855,0.7383753525560856,-0.4166666666666666,-0.5620595117504049,-0.17001411851587392,-0.0950036957626679,-0.015309849029475197,-0.20504398657251996,0.35732503662970533,0.2710886502675005,0.04547054408371267,0.037236790329852984,REIT—Retail,Real Estate,KIM
2012Q2,2012,Q2,2012-08-03,2012-06-30,69112000.0,235419000.0,55283000.0,0.12,173875000.0,0.7385767503897307,10030071000.0,5014608000.0,645805000.0,98883000.0,4729923000.0,0.0,-771282000.0,7717806800.0,11560132800.0,12.364651346286616,6.5310012843461465,0.41790491812071917,0.8358810898080169,0.03017011939626915,12.364651346286616,0.013782134116963878,32.78327917457809,27.9177523440213,1.539064828197937,1.3333285102442411,0.0,0.011939790977923935,0.023471319395445955,6.5310012843461465,0.00689047963867853,-110.29062120410993,0.7385767503897307,0.3333333333333333,-0.6644619378521879,-0.14322906496787485,-0.10948444230937729,0.022282976158979333,0.2884895037100563,-0.18076199226448927,1.4660539964076245,0.12932169080074624,0.02290697726999046,REIT—Retail,Real Estate,KIM
2012Q1,2012,Q1,2012-05-10,2012-03-31,53638000.0,231356000.0,67481000.0,0.09,170085000.0,0.7351657186327565,9826565000.0,5087162000.0,517463000.0,92887000.0,4447917000.0,0.0,-742248000.0,7824798720.000001,11530699720.0,12.521566832073093,5.570887207036507,0.3982630756525805,0.7693008400361537,0.004720185793279251,12.521566832073093,0.010543796324945029,33.821464409827286,36.47040680114844,1.5381461647967964,1.7181475819381782,0.0,0.011777683145311628,0.023543934223200072,5.570887207036507,0.005458468956344358,534.480786885246,0.7351657186327565,-0.21192146043925256,-0.7841729760713527,-0.0956201626356971,-0.08649755196207325,-0.1308624689566364,0.15606612496497618,-0.03666005224913989,-0.0685589083255749,-0.2848750769737744,-0.12108565454005524,REIT—Retail,Real Estate,KIM
2011Q4,2011,Q4,2012-02-27,2011-12-31,46397000.0,260811000.0,70049000.0,0.11420181553245116,195694000.0,0.7503287821449248,9614516000.0,4686386000.0,451475000.0,282459000.0,4639299000.0,0.0,-702999000.0,6597857279.999999,10587772280.0,11.535094714870825,1.5983735692613796,0.4232409618955338,0.8683145178395463,0.005981991074524168,11.535094714870825,0.009900379524862016,25.297465521009464,35.55109856240705,1.4078774731744248,1.8986141345345604,0.0,0.013351304258584995,0.02712679452611031,1.0487504381166823,0.004825723936597536,-63.31430677107323,0.7503287821449248,0.1420181553245116,-0.7823612054578535,0.0917759114059385,-0.13883148473043339,0.2738172728929622,-0.1561266619377603,-0.022412950945502757,1.6008611835487734,-0.10904060984827015,-0.21340983134767946,REIT—Retail,Real Estate,KIM
2011Q3,2011,Q3,2011-11-04,2011-09-30,54981000.0,216078000.0,71655000.0,0.1,153628000.0,0.7109839965197753,9580551000.0,4750461000.0,449014000.0,88090000.0,4538655000.0,0.0,-657237000.0,6110656920.0,9955371920.0,11.684411310396396,5.097218753547509,0.41597430043428607,0.8389213173205716,0.00533731758619358,11.684411310396396,0.011573824098334877,28.279866159442424,27.785311834997543,1.2863292467825753,1.6022625998072062,0.0,0.0144164532804437,0.022553817624894435,5.097218753547509,0.0057388139784444545,117.85941173066908,0.7109839965197753,0.6666666666666669,-0.6435243322472476,-0.16713041142597862,-0.03467746681127745,-0.027695501379711905,0.4203673564287375,-0.06489794853056324,-0.680966730902785,-0.285342579064159,-0.29661299429690985,REIT—Retail,Real Estate,KIM
2011Q2,2011,Q2,2011-08-05,2011-06-30,38709000.0,219236000.0,76628000.0,0.06,158004000.0,0.7207028042839679,9704680000.0,4893286000.0,432556000.0,88093000.0,4497976000.0,0.0,-624129000.0,7578259760.0,11459459760.0,12.035857034280387,4.910219881261848,0.41014943305704055,0.8134347757314818,0.00690103461658962,12.035857034280387,0.007910635102873612,34.566675910890545,48.94378413288899,1.5487056673164006,2.275413986411429,0.0,0.011622589194540884,0.02259075002988249,4.910219881261848,0.003988694114592135,151.6319132418264,0.7207028042839679,1.0,-0.789381918993457,-0.14378564062302376,0.0006890287232082998,0.01605062118990663,0.3364982909229016,0.12319892118493764,-0.744008853617392,-0.2569109193644912,-0.2091994618483151,REIT—Retail,Real Estate,KIM
2011Q1,2011,Q1,2011-05-06,2011-03-31,28963000.0,224021000.0,68223000.0,0.03,155508000.0,0.6941670646948277,9895158000.0,4902719000.0,608312000.0,88074000.0,4680434000.0,0.0,-574739000.0,7454109600.0,11667496600.0,12.062589804153134,6.9068283488884346,0.41940644100882474,0.8464880406158297,0.005707454726484185,12.062589804153134,0.005907538245614322,33.27415554791738,64.34165659634706,1.520403188516413,3.0901840278976627,0.0,0.012006933732232754,0.022639456590789152,6.9068283488884346,0.0029269871183461647,106.79087119095715,0.6941670646948277,-0.6712448434845911,-0.8306007858948347,-0.1167779811914411,-0.03629150467445536,-0.2202845940173083,-0.21909461026180269,-0.01998161289395811,-0.8169540293722348,-0.38885787049790266,-0.21375867525968625,REIT—Retail,Real Estate,KIM
2010Q4,2010,Q4,2011-02-28,2010-12-31,37089000.0,263917000.0,69614000.0,0.0912533215234721,199442000.0,0.7556997086205133,9833875000.0,4935842000.0,626729000.0,273772000.0,4577529000.0,0.0,-515164000.0,7332177600.0,11459748600.0,12.144085227831907,2.289237029352892,0.4096791956375284,0.8162202112628403,0.003456318078332501,12.144085227831907,0.007514219458402437,27.782134534721145,49.422858529483136,1.485496821008452,2.0699398743562782,0.0,0.010470559251047055,0.026837538610161304,1.752118551203191,0.003771554956718486,201.66614225204907,0.7556997086205133,1.2813330380868024,-0.8061870206650278,0.10507526654425328,0.16329602012606895,0.33979578127099286,0.22272772228266244,-0.020100785450860054,-0.7220476508679675,-0.0861734062081881,-0.21130584119187876,REIT—Retail,Real Estate,KIM
2010Q3,2010,Q3,2010-11-08,2010-09-30,30333000.0,210520000.0,71042000.0,0.04,148860000.0,0.7071062131863955,9814508000.0,4942328000.0,632379000.0,77812000.0,4553861000.0,0.0,-464256000.0,6388141960.0,10504432960.0,12.1776008121147,8.127011257903666,0.4113784409773776,0.816918059667428,0.008075826542411043,12.1776008121147,0.006137391124182774,30.344584647539428,52.65010022088155,1.2925370311318878,2.5303794547192826,0.0,0.01201507425486205,0.021449878078452837,8.127011257903666,0.003090628689690813,86.5156418104499,0.7071062131863955,0.3333333333333334,-0.7994690082053654,-0.08943011345862857,0.1892266043130514,-0.09270433351618211,0.232497663646337,-0.08204982427124251,-0.7582386803740425,-0.24654480006464882,-0.1183612915436462,REIT—Retail,Real Estate,KIM
2010Q2,2010,Q2,2010-08-09,2010-06-30,24611000.0,227743000.0,77392000.0,0.03,164070000.0,0.7204173124969813,9883007000.0,4809637000.0,853366000.0,503866000.0,4845193000.0,0.0,-416777000.0,5452675200.0,9577654200.0,11.855010413970742,1.6936368002603868,0.43106941035253743,0.8857762030689634,0.010124785283485888,11.855010413970742,0.005117018186611588,23.942229618473455,55.38859859412457,1.1336978653482581,3.1177928568526267,0.0,0.014072358463603333,0.023043897469666872,0.9128061825961664,0.0024902339945727043,125.67532210109019,0.7204173124969813,-0.7000000000000001,-0.8350495041660077,-0.001310279986969714,0.16812363526935845,-0.044137352457965816,-0.5158745770713667,-0.5136616142573461,-0.8805565481639176,-0.1714609042107225,-0.14618933324021122,REIT—Retail,Real Estate,KIM
2010Q1,2010,Q1,2010-05-07,2010-03-31,50836000.0,239518000.0,159132000.0,0.1,171646000.0,0.7166309003916198,10262463000.0,4831547000.0,871329000.0,528950000.0,5152692000.0,0.0,-364633000.0,6343020960.0,10944834960.0,11.913155506899034,1.6472804612912373,0.4408752557743692,0.9364425100283615,0.01801858468651241,11.913155506899034,0.010521681771904526,26.48243956612864,31.19354866629947,1.3128343696128797,1.508891336847903,0.0,0.012092975962671263,0.02333923152755825,0.8821608847717175,0.0049535866779738934,62.25056146032681,0.7166309003916198,-0.22271498936312925,-0.672582096110401,0.013849455693576901,0.18333512286236542,0.055289481288386934,-0.025700979358721277,1.0859375,-0.7950904915050933,-0.062080089445019145,-0.13088378911706713,REIT—Retail,Real Estate,KIM
2009Q4,2009,Q4,2010-03-01,2009-12-31,52177000.0,227248000.0,76288000.0,0.12865293763746288,162653000.0,0.7157510737168203,10162205000.0,4852973000.0,834811000.0,509540000.0,5044227000.0,0.0,-338738000.0,5487280920.0,10009198920.0,11.965985639751063,1.6383620520469444,0.4363603174704702,0.9137456565284826,0.026639091281231795,11.965985639751063,0.010751553738296091,24.1466632049567,26.29166548479215,1.1307050173161894,0.6597734634034153,0.0,0.006273598983155396,0.022362075947100064,0.8738489618086902,0.005134417186033936,-22.70107405706626,0.7157510737168203,0.8378991091066125,-0.6153014994842793,0.018162685778436993,0.21285557860403473,0.10211949966798119,0.30091253615238855,0.19160900329579356,-0.7548211459583405,-0.047060854348611146,-0.10666272433491891,REIT—Retail,Real Estate,KIM
2009Q3,2009,Q3,2009-11-04,2009-09-30,40108000.0,205806000.0,64021000.0,0.07,147582000.0,0.7170927961283927,9288041000.0,4538089000.0,970775000.0,450497000.0,4422643000.0,0.0,-314208000.0,4910329360.0,8960345360.0,12.05146869414886,2.154897812860019,0.4276624101896191,0.8752904581642185,0.007784669901896654,12.05146869414886,0.008838081403868457,23.859019464932995,30.60691981649546,1.0820257954394459,0.8577590505634786,0.0,0.0070062510022749274,0.02215817092108013,1.3762000634854394,0.004318241058582752,75.33375308755619,0.7170927961283927,1.175,-0.6983371472409959,-0.014156720505160205,0.2118685571332822,0.0983336930393171,1.2978663359351212,-0.03850717128482391,-0.7192342348508411,-0.14351379262586525,-0.004352553206577199,REIT—Retail,Real Estate,KIM
2009Q2,2009,Q2,2009-08-06,2009-06-30,-134651000.0,189285000.0,66585000.0,-0.4,134369000.0,0.7098766410439284,9338347000.0,4451365000.0,868193000.0,419266000.0,4659289000.0,0.0,-319891000.0,3700952700.0000005,7896794700.0,12.087757363124366,2.0707450639927876,0.4431906417698978,0.9297525590464947,0.007568229916506708,12.087757363124366,-0.03024937294515278,19.55227672557255,-6.871379900632005,0.8314197330481774,-0.9736206934965206,0.0,0.03542304120774092,0.020269647294108902,1.282655879560947,-0.01441914720024861,185.93080633006784,0.7098766410439284,-5.0,-2.1314710824869136,-0.1328919013981535,0.23122036626286457,-0.14445710792896846,-4.504346241932126,-0.062103839761106575,-1.8088526062501207,-0.18386323289197073,0.005004142263803966,REIT—Retail,Real Estate,KIM
2009Q1,2009,Q1,2009-05-05,2009-03-31,38424000.0,215866000.0,70994000.0,0.1,157057000.0,0.7275671018131619,9392969000.0,3862019000.0,841326000.0,539354000.0,5306953000.0,0.0,-150836000.0,2065652460.0,6820262460.0,14.246629261148799,1.5598771864118928,0.49524873338770736,1.2045140119714584,0.009018865784209858,14.246629261148799,0.009949200146348322,9.569142245652396,13.43985829169269,0.5348633603304386,3.4118519675203,0.0,0.0634651774868266,0.022981657876226354,0.9490223489581981,0.004090719345501939,48.68262496759445,0.7275671018131619,1.5261397822331775,-0.5613975531881256,0.2571366738897223,0.4577689496164725,0.14046604169541002,1.7457640277157773,2.682643427741467,-0.6630506832842147,0.27602610586747445,0.1381965126589567,REIT—Retail,Real Estate,KIM
2008Q4,2008,Q4,2009-02-27,2008-12-31,-51523000.0,195323000.0,19278000.0,-0.19006355986911758,137713000.0,0.7050526563691936,9397147000.0,3975346000.0,828197000.0,519915000.0,5421801000.0,0.0,-58162000.0,4955397240.0,9634040240.0,14.664682034653593,1.5929469240164258,0.48489674578890807,1.1462262655879514,0.003510819721723986,14.664682034653593,-0.012960632860636534,25.370269963086784,-24.04458804805621,1.246532311904423,-2.5030374784077014,0.0,0.026024956982056195,0.02078535112837971,0.9464104709423656,-0.005482834311307464,-93.46102940344392,0.7050526563691936,-1.513685296943561,-1.4994189715606492,0.3043271963863666,0.5167177641642807,0.010018555597116181,-1.4744990053783247,0.11543134872417983,-1.4036760984285863,0.2262302864122196,0.4047469140145692,REIT—Retail,Real Estate,KIM
2008Q3,2008,Q3,2008-11-10,2008-09-30,108584000.0,190503000.0,17283000.0,0.37,136347000.0,0.7157210122675234,9756662000.0,4255304000.0,0.0,1105000000.0,4968666000.0,0.0,124458000.0,9462698160.0,12586336160.0,16.611639418497525,0.0,0.33287296413466,0.7632190320597542,0.0006593333655869566,16.611639418497525,0.025517330841697796,49.6721739815121,21.786584948058646,2.2237419841214634,1.0445645767332203,0.0,0.01198632758671867,0.01952542785637137,0.5271936651583711,0.011129216119201424,152.7794074624215,0.7157210122675234,0.15624999999999997,0.0009975552543918817,0.3362616081359365,0.7069438316639234,0.019950628366247756,0.1505711318795431,-0.4394278485939476,0.13732269962106877,0.30548977920823306,0.6222410179581251,REIT—Retail,Real Estate,KIM
2008Q2,2008,Q2,2008-08-11,2008-06-30,94374000.0,184135000.0,30831000.0,0.32,133680000.0,0.7259890840959079,9594246000.0,3861882000.0,0.0,992000000.0,5248703000.0,0.0,144838000.0,8759104800.0,13375921800.0,15.21983920548593,0.0,0.0,0.0,0.008278088248165012,15.21983920548593,0.024437308027536832,47.568929318163306,23.20317248394685,2.2680922928251044,1.1994723122894018,0.0,0.012923580957725268,0.019192232511027963,0.6181199596774194,0.009836520764633302,-108.26273453143153,0.7259890840959079,-0.058823529411764754,0.27237395722768987,0.28697997639431244,0.6314042472712498,-0.23076037794478138,-0.04156722556795678,-0.692768382975755,0.011342253552327096,0.2910507460872913,0.4996742541850294,REIT—Retail,Real Estate,KIM
2008Q1,2008,Q1,2008-05-08,2008-03-31,98467000.0,228115000.0,100351000.0,0.34,173782000.0,0.7618175043289569,9431593000.0,3880507000.0,983474000.0,548274000.0,5087344000.0,0.0,163905000.0,9907346440.0,14692950440.0,15.34209589929309,1.7937637020905606,0.4812622851728229,1.1697105558629324,0.009686150626349626,15.34209589929309,0.02537477705877093,43.43136768735068,25.15397656067515,2.5531061894747262,1.152040785237694,0.0,0.01144988728182599,0.02418626418676039,1.1814931950083352,0.010440123953609957,-635.0863102564102,0.7618175043289569,0.03562037115090501,0.1556083356292805,0.5312805002288642,0.6755804268845873,0.0,0.18579221811438,1.1134980307912639,0.016897966604154074,0.5482631566596103,0.5239321710727709,REIT—Retail,Real Estate,KIM
2007Q4,2007,Q4,2008-02-28,2007-12-31,83039000.0,179726000.0,47481000.0,0.32830563155314474,0.0,0.0,9097816000.0,3894574000.0,0.0,987000000.0,4755083000.0,0.0,180005000.0,9206724800.0,12463978800.0,15.397711637910584,0.0,0.3442326158277987,0.8041354458793183,0.08281263534612938,15.397711637910584,0.021321715802549907,51.22644915037335,27.71807463962716,2.3639876402399853,1.2521345391924277,0.0,0.011293484084589996,0.019754851054362938,0.5494944275582574,0.009127355400460946,-53.6391139697743,0.0,0.121358147222764,0.09835639240345724,0.35821649545384004,0.7004907045370622,0.0,0.06453432472277418,-0.054577675122456294,-0.01829925931995101,0.2911706201821387,0.5606905289721403,REIT—Retail,Real Estate,KIM
2007Q3,2007,Q3,2007-11-05,2007-09-30,78005000.0,173712000.0,50222000.0,0.292775,0.0,0.0,8898378000.0,3485257000.0,0.0,997000000.0,4976061000.0,0.0,209018000.0,11521250820.0,15307388820.0,13.812461607358705,0.0,0.4066125309578892,1.038142093968967,0.006962198468605366,13.812461607358705,0.022381419791998123,66.3238626001658,36.92471899237228,3.3057105458794,1.2011665918851355,0.0,0.008132537123256553,0.019521760033120644,0.5164603811434303,0.008766204357693054,-58.90661768540532,0.0,-0.40249999999999997,0.05811369640241095,0.28857861846226734,0.5053588089780551,0.0,-0.39069066254237556,-0.49951667713035763,-0.1244467258968018,0.24179233983084794,0.3889500394832035,REIT—Retail,Real Estate,KIM
2007Q2,2007,Q2,2007-08-08,2007-06-30,128022000.0,170785000.0,100347000.0,0.49,0.0,0.0,8625250000.0,3500003000.0,0.0,934000000.0,4704053000.0,0.0,234990000.0,9596457180.0,13129552180.0,13.88482350420908,0.0,0.3958200631865743,0.9754411639075737,0.0161397715388464,13.88482350420908,0.03657768293341463,56.19028123078725,18.73985951633313,2.7418425584206645,0.7311790161066066,0.0,0.009754328940797712,0.019800585490275645,0.6472633832976445,0.01484270021158807,-17.968100800811857,0.0,-0.16949152542372878,0.7390205967628969,0.22656854805946453,0.5233707184050488,0.0,-0.16741239822064982,-0.1326516500423531,0.5715851025580154,0.14294724993599384,0.41426378498458355,REIT—Retail,Real Estate,KIM
2007Q1,2007,Q1,2007-05-08,2007-03-31,153764000.0,158277000.0,115694000.0,0.59,0.0,0.0,7985231000.0,3445512000.0,0.0,910000000.0,4112441000.0,0.0,200666000.0,12251530100.0,15100575100.0,13.707206651681817,0.0,0.3442922314958703,0.797922921179784,0.039003250617027044,13.707206651681817,0.044627329697298976,77.40562494866595,19.919373357873102,3.555793768821586,0.6062667464426004,0.0,0.007609008771892092,0.019821217445055755,0.6922725274725274,0.01925604907359599,-81.22363942533994,0.0,0.12438570421307198,1.0941330217612226,0.1316643040012216,0.5076311152901807,0.0,0.16577077915677904,0.08897694863564913,0.8928692729627206,-0.00593784822881536,0.402573189525594,REIT—Retail,Real Estate,KIM
