Quarters,Year,Quarter,FillingDate,Date,NetIncome,Revenue,OperatingIncome,EPSDiluted,GrossProfit,GrossProfitRatio,TotalAssets,CommonStockEquity,CurrentAssets,CurrentLiability,TotalLiability,Inventory,RetainedEarnings,MarketCap,EnterpriseValue,bookValuePerShare,currentRatio,debtToAssets,debtToEquity,roic,shareholdersEquityPerShare,roe,priceToSalesRatio,peRatio,pbRatio,payoutRatio,inventoryTurnover,dividendYield,assetTurnover,quickRatio,returnOnAssets,priceToFreeCashFlowsRatio,grossProfitMargin,epsdilutedGrowth,fiveYNetIncomeGrowthPerShare,fiveYRevenueGrowthPerShare,fiveYShareholdersEquityGrowthPerShare,grossProfitGrowth,netIncomeGrowth,operatingIncomeGrowth,threeYNetIncomeGrowthPerShare,threeYRevenueGrowthPerShare,threeYShareholdersEquityGrowthPerShare,Industry,Sector,Symbol
2023Q1,2023,Q1,2023-05-03,2023-03-31,39287000.0,74651000.0,34295000.0,0.49,56270000.0,0.7537742294,3578369000.0,2599872000.0,25971000.0,85230000.0,978497000.0,0.0,78394000.0,5161274235.599999,5921161235.599999,32.54074934471595,0.30471664906722984,0.3752866180094898,0.5165308138246806,0.014646812249452806,32.54074934471595,0.015111128547866972,69.1387152965131,32.84339753353526,1.9852032083117936,0.7827780181739507,0.0,0.00595841232149234,0.020861738965433693,0.12969611639094217,0.010979024242608854,206.95594192229038,0.7537742294142075,-0.36363636363636365,4.04611767296469,0.3881113219322916,0.7404403584714022,-0.011489002881034362,-0.3327615489130435,-0.04886707158110769,2.7261595700913874,0.38886775438066795,0.41455600637798606,REIT—Industrial,Real Estate,TRNO
2022Q4,2022,Q4,2023-02-08,2022-12-31,58880000.0,76007000.0,36057000.0,0.77,56924000.0,0.7489310195,3164441000.0,2229851000.0,28083000.0,80445000.0,934590000.0,0.0,88272000.0,4293577345.0899997,5038002345.09,29.535190862467584,0.34909565541674437,0.42429073570971937,0.6021222942698862,0.008814703126703459,29.535190862467584,0.026405351747717673,56.489235795255695,18.23020272201936,1.9254996612284856,0.5167629076086957,0.0,0.007086631392536893,0.024019092155612952,42.577748772453226,0.01860676182618036,233.2578554403216,0.7489310195113608,2.666666666666667,5.99646683449206,0.602863999992823,0.5846356252065226,0.06080766292092954,2.640410535427229,0.09469305968789847,3.864326901032669,0.4998248487417416,0.30556728696347163,REIT—Industrial,Real Estate,TRNO
2022Q3,2022,Q3,2022-11-02,2022-09-30,16174000.0,70801000.0,32938000.0,0.21,53661000.0,0.7579130238,3108674000.0,2152093000.0,21195000.0,98241000.0,956581000.0,0.0,60145000.0,4000492343.6800003,4770954343.68,28.50634328801056,0.2157449537362201,0.25110867205760395,0.36272363694319903,0.008095475104173123,28.50634328801056,0.007515474470666463,56.5033310783746,61.83523469271671,1.8588845108831265,1.5881043650302955,0.0,0.006420709701039394,0.02277530548394589,0.10334788937409024,0.0052028614129368345,158.05350810635693,0.757913023827347,-0.8359375,-0.3109939117527697,0.47209462906604344,0.5080049052638176,0.08263895894280238,-0.8333144394175177,0.077919952874955,0.2999183226721084,0.42032248206655975,0.24415994966647314,REIT—Industrial,Real Estate,TRNO
2022Q2,2022,Q2,2022-08-03,2022-06-30,97033000.0,65369000.0,30557000.0,1.28,49565000.0,0.7582340253,3028882000.0,2129585000.0,10333000.0,95092000.0,899297000.0,0.0,68133000.0,4193719003.1499996,4919541003.15,28.29988655912696,0.10866318933243596,0.24202296424885486,0.34422622247996676,0.010119187594087066,28.29988655912696,0.045564276607883696,64.15455342976028,10.804878245416507,1.9692658443546511,0.2646522317149836,0.0,0.006123443173162331,0.02158189061178349,0.07610524544651495,0.032035912921005175,178.6233496528665,0.7582340253025134,5.736842105263158,4.536484094673815,0.33373225449908817,0.4880510620775363,0.051018893530397166,5.654756189561758,0.09594003299619826,12.000764565426868,0.3277064924106439,0.2567975683849412,REIT—Industrial,Real Estate,TRNO
2022Q1,2022,Q1,2022-05-04,2022-03-31,14581000.0,64035000.0,27882000.0,0.19,47159000.0,0.7364566253,2920341000.0,2054281000.0,140106000.0,69475000.0,866060000.0,0.0,-3214000.0,5568525122.45,6183111122.45,27.31773758848942,2.0166390788053254,0.2468424064176067,0.35090817663211604,0.007450713455422692,27.31773758848942,0.007097860516647917,86.96064843366908,95.47570678365682,2.7106929979150856,1.7569439681777657,0.0,0.004600500031277362,0.021927233840157708,1.529730118747751,0.004992910074542664,592.2072872966074,0.7364566252830483,-0.5,3.5441752097319945,0.29040548401230626,0.5058070303846585,0.040807768704480246,-0.4610010350436197,-0.25580526343885124,0.057539165782114675,0.2801548780848906,0.2592975292496853,REIT—Industrial,Real Estate,TRNO
2021Q4,2021,Q4,2022-02-09,2021-12-31,27052000.0,60675000.0,37466000.0,0.38,45310000.0,0.7467655542,2924215000.0,2057963000.0,204801000.0,70643000.0,866252000.0,0.0,2804000.0,6014376763.2300005,6530642763.2300005,29.18401543167303,2.8990982829155048,0.24644904700919734,0.35018608206269985,0.011307188122628794,29.18401543167303,0.013145037107081129,99.12446251718171,55.58162763594189,2.9224902309856886,0.8960150820641727,0.0,0.004030176517738228,0.02074915832112208,2.893478476282151,0.009251029763543379,289.1388280962454,0.7467655541821179,0.5833333333333334,11.098306430024106,0.3738480682293092,0.7128273209835061,0.05203278460145348,0.622406141297829,0.4384550410811641,0.02631142674778851,0.3416798111890038,0.4373820540871546,REIT—Industrial,Real Estate,TRNO
2021Q3,2021,Q3,2021-11-03,2021-09-30,16674000.0,57269000.0,26046000.0,0.24,43069000.0,0.7520473555,2471503000.0,1750472000.0,92004000.0,64597000.0,721031000.0,0.0,-3837000.0,4458776442.01,4986667442.01,24.823479266007965,1.4242766691951638,0.24140088035499047,0.3408355003679008,0.008662613078165404,24.823479266007965,0.009525430855220764,77.85671902792087,66.85223164822477,2.5471852403294655,1.2251409379872855,0.0,0.0045815259557599915,0.023171729914954583,1.0640122606312987,0.006746502027308888,209.77541482051282,0.7520473554628159,0.26315789473684204,56.49129864266875,0.37121613173401236,0.43296959940710156,0.07339746784966604,0.24786708576560396,0.2174441432177246,1.4145666000042099,0.25078729364937796,0.2415526236232296,REIT—Industrial,Real Estate,TRNO
2021Q2,2021,Q2,2021-08-04,2021-06-30,13362000.0,53295000.0,21394000.0,0.19,40124000.0,0.7528661225,2253984000.0,1701814000.0,42708000.0,55865000.0,552170000.0,0.0,-958000.0,4489317923.559999,4897516923.559999,24.458289911650652,0.7644858140159313,0.19882749833184263,0.2633390017945557,0.007651237271996992,24.458289911650652,0.007851621857617813,84.23525515639365,83.99412370079328,2.637960390242412,1.5035922766052987,0.0,0.004475290086844188,0.023644799608160485,0.7152063009039649,0.005928169853912007,218.20345696315735,0.7528661225255653,0.05555555555555561,29.733431669463087,0.3006616706067922,0.3576126113163028,0.07921138276984319,0.10320343461030383,0.04862268405058327,-0.2980264454043182,0.16624340446101318,0.21315471140002726,REIT—Industrial,Real Estate,TRNO
2021Q1,2021,Q1,2021-05-05,2021-03-31,12112000.0,50691000.0,20402000.0,0.18,37179000.0,0.7334438066,2171691000.0,1633717000.0,30405000.0,44079000.0,537974000.0,0.0,2092000.0,3963199238.36,4381826238.360001,23.814051581483206,0.6897842510038794,0.20629270002039884,0.2742237486663847,0.007301728429214932,23.814051581483206,0.007413768724938285,78.18348894991222,81.80315468873845,2.425878679330631,1.6405217965653898,0.0,0.005013626316758768,0.023341718504151832,0.6664624878059847,0.0055772207003666726,216.71036955161856,0.7334438065928863,0.28571428571428553,0.739827274990937,0.23822757201708594,0.3937934972336671,0.03698435277382646,0.29984975316591544,0.1521346284165349,0.811779110809391,0.09774231265378605,0.2736933631143732,REIT—Industrial,Real Estate,TRNO
2020Q4,2020,Q4,2021-02-10,2020-12-31,9318000.0,48879000.0,17708000.0,0.14,35853000.0,0.7335051863,2139820000.0,1588184000.0,107836000.0,54040000.0,551636000.0,0.0,5926000.0,4013965508.68,4365903508.68,23.150334909220096,1.9954848260547742,0.21455916852819396,0.28908363262695,0.0059642869798755506,23.150334909220096,0.005867078373790443,82.12045067779619,107.6938588935394,2.5273932420172978,2.1280317664734922,0.0,0.004940002587745405,0.022842575543737323,1.9833456698741674,0.004354571879877747,260.27528911165865,0.733505186276315,-0.5757575757575757,3.3036697959908343,0.2658505423348759,0.35776230129428693,0.026747615911108566,-0.5899128597834697,-0.33451087977751887,0.21850189467454378,0.1343783260370333,0.24207240113793707,REIT—Industrial,Real Estate,TRNO
2020Q3,2020,Q3,2020-11-04,2020-09-30,22722000.0,47147000.0,26609000.0,0.33,34919000.0,0.740640974,2136693000.0,1584497000.0,156014000.0,54483000.0,552196000.0,0.0,12283000.0,3729849316.3599997,4033608316.3599997,23.262885001659235,2.8635354147165173,0.21485679037653047,0.28973421849331366,0.010793343004871996,23.262885001659235,0.014340197551652039,79.11106361719727,41.0378632642373,2.3539642652273876,0.813484728457002,0.0,0.004955696177570717,0.022065406682195338,2.85087091386304,0.010634190311851071,158.06455550959868,0.7406409739750143,-0.26666666666666666,6.1459180973219505,0.22083771218459844,0.3470957430543488,0.03286204448651207,-0.25996612819176657,-0.23124259671221795,0.07286197437166783,0.08653088671639068,0.23062240353517013,REIT—Industrial,Real Estate,TRNO
2020Q2,2020,Q2,2020-08-05,2020-06-30,30704000.0,45742000.0,34613000.0,0.45,33808000.0,0.7391019195,2135406000.0,1589266000.0,160609000.0,46861000.0,546140000.0,0.0,9389000.0,3559622343.2,3870397343.2,23.5022016871579,3.4273489682251768,0.21496802013293959,0.28884025707464955,0.014746955206700746,23.5022016871579,0.019319610436515977,77.81956064885662,28.983376296248046,2.239790156713854,0.5962415320479416,0.0,0.005142961313008987,0.021420750901702066,3.164016986406607,0.01437853035909799,213.7526177385456,0.7391019194613265,2.4615384615384617,1.2880346703519445,0.19725473609340102,0.3542925889425617,0.018067935437244036,2.4693785310734464,1.0527220970228917,0.9495384102293546,0.03856624532258439,0.23578149716847008,REIT—Industrial,Real Estate,TRNO
2020Q1,2020,Q1,2020-05-06,2020-03-31,8850000.0,45116000.0,16862000.0,0.13,33208000.0,0.7360581612,2086409000.0,1542722000.0,112770000.0,43251000.0,543687000.0,0.0,-2837000.0,3470488618.5,3859763618.5,23.004214183104374,2.6073385586460427,0.21999905100102615,0.29753124671846254,0.005798838236412747,23.004214183104374,0.005736613595968684,76.92367715444631,98.03640165254237,2.2495878184792852,2.0517514124293785,0.0,0.0052321162798822755,0.021623756415928036,1.8646274074587872,0.004241737837595601,252.0875004358248,0.7360581611845022,-0.1875,2.8678891298340226,0.24281680332835578,0.33193618384840734,3.0114132562411538e-05,-0.17689732142857142,-0.10735839068290101,2.0927575728806924,0.01946946954141673,0.2680371986583869,REIT—Industrial,Real Estate,TRNO
2019Q4,2019,Q4,2020-02-06,2019-12-31,10752000.0,45015000.0,18890000.0,0.16,33207000.0,0.7376874375,2108464000.0,1517123000.0,128597000.0,57490000.0,591341000.0,0.0,2621000.0,3630768189.48,4012261189.48,22.622496103713992,2.236858584101583,0.23314365338938678,0.32401789439616957,0.006822272451110525,22.622496103713992,0.0070870984092917975,80.6568519266911,84.4207633342634,2.3931930301498294,1.6827566964285714,0.0,0.004983242954596692,0.021349664969380552,2.1906418507566534,0.005099446801083632,221.87534768271817,0.7376874375208264,0.0,6.570274258698598,0.5300175491300946,0.29404744115367637,0.02471764488057767,-0.007385524372230428,0.008219470538001709,5.220371365496495,0.07176216732999748,0.32772782710466497,REIT—Industrial,Real Estate,TRNO
2019Q3,2019,Q3,2019-10-30,2019-09-30,10832000.0,43397000.0,18736000.0,0.16,32406000.0,0.7467336452,2045251000.0,1505886000.0,79236000.0,53714000.0,539365000.0,0.0,5958000.0,3357860924.34,3745793924.34,22.912120982235738,1.4751461443943852,0.21634801792053884,0.29383764773694687,0.007045660222774244,22.912120982235738,0.007193107579192582,77.37541591215982,77.49863654772895,2.2298241197142414,1.451255539143279,0.0,0.004681551843333066,0.021218422579918062,1.3100681386603121,0.005296171472352293,165.20028162648825,0.7467336451828468,0.6210739614994936,1.7625428980050084,0.2277388588734309,0.3266247821583493,0.04464717449469714,0.7122984508378122,0.2982261640798226,39.67759458779586,0.11483793034250249,0.3226338046190167,REIT—Industrial,Real Estate,TRNO
2019Q2,2019,Q2,2019-07-31,2019-06-30,6326000.0,41730000.0,14432000.0,0.0987,31021000.0,0.7433740714,1967558000.0,1436178000.0,135937000.0,48310000.0,531380000.0,0.0,9268000.0,3108030830.85,3433536830.85,22.51745807838726,2.8138480645829023,0.2249966710002958,0.3082445212222997,0.004681693752820828,22.51745807838726,0.004404746486856086,74.47953105319914,122.82764902189376,2.164098622071916,2.3883970913689536,0.0,0.00486127738825162,0.02120903170325856,2.752245911819499,0.0032151529967604513,213.96329552870714,0.7433740714114546,-0.45166666666666666,1.6591666834066776,0.11944043742217973,0.12136497721658053,0.027627786795640506,-0.43858714944976923,-0.27096383107698524,15.840287489325444,0.11102378629559198,0.24988235777852816,REIT—Industrial,Real Estate,TRNO
2019Q1,2019,Q1,2019-05-01,2019-03-31,11268000.0,40880000.0,19796000.0,0.18,30187000.0,0.7384295499,1860206000.0,1333176000.0,78190000.0,46507000.0,527030000.0,0.0,14608000.0,2581192530.0,2964340530.0,21.6928382324119,1.681252284602318,0.2380908351010587,0.33221270109872963,0.008086039246686117,21.6928382324119,0.00845199733568561,63.140717465753426,57.26820487220447,1.9361228599974796,1.299520766773163,0.0,0.005672959234854132,0.0219760607158562,1.6247016578149527,0.006057393643499698,226.3806814593931,0.7384295499021526,-0.5135135135135135,22.73089815775966,0.04595363133337045,0.2352033797455562,0.036748291376172,-0.5094898136862267,-0.2792543508337581,0.8067977461372514,0.11468697826757936,0.26964270491407255,REIT—Industrial,Real Estate,TRNO
2018Q4,2018,Q4,2019-02-06,2018-12-31,22972000.0,39413000.0,27466000.0,0.37,29117000.0,0.7387663969,1796504000.0,1247797000.0,88971000.0,70584000.0,548707000.0,0.0,14185000.0,2161441459.05,2592534459.05,20.303589674498244,1.2604981298877933,0.2572201342162333,0.37033027006796776,0.01292059109978756,20.303589674498244,0.01841004586483218,54.84082559180981,23.522565068888213,1.7322060071069254,0.6175343896917987,0.0,0.00656321268411084,0.021938720982530514,1.211266009293891,0.012787057529512875,191.26107946641892,0.7387663968741278,2.7793667007150153,1.5098530143339435,0.21019474168232932,0.14977072052009063,0.024777390631049168,3.0188943317004897,0.8905561674008811,7.339700752730076,0.13938905199760515,0.19080128858102857,REIT—Industrial,Real Estate,TRNO
2018Q3,2018,Q3,2018-11-01,2018-09-30,5716000.0,37899000.0,14528000.0,0.0979,28413000.0,0.7497031584,1731248000.0,1167029000.0,64936000.0,68012000.0,564219000.0,0.0,5856000.0,2163748171.64,2642815171.64,19.99390021307794,0.9547726871728518,0.2787896361468721,0.41357498399782694,0.00497314611465193,19.99390021307794,0.004897907421323721,57.09248718013667,94.6355918317005,1.8540654702153931,2.249475157452764,0.0,0.005942466026559069,0.021891144422982727,0.8517908604363936,0.0033016644640167093,144.24987810933334,0.7497031583946806,-0.6374074074074075,0.7891686020280704,0.36490058836731715,0.10242868862066143,0.05526462395543175,-0.631487331571143,-0.4133182570770908,1.0977195150197188,0.14518418912825232,0.15779697411433155,REIT—Industrial,Real Estate,TRNO
2018Q2,2018,Q2,2018-08-02,2018-06-30,15511000.0,37238000.0,24763000.0,0.27,26925000.0,0.7230517214,1686642000.0,1143102000.0,87409000.0,48215000.0,543540000.0,0.0,9934000.0,2135849785.5300002,2574605785.53,20.16089925037248,1.8129005496214872,0.2765595781440282,0.4080624476205973,0.011850628521428907,20.16089925037248,0.013569217795087402,57.35672661072024,34.42475961462833,1.8684682430176835,0.7878279930371994,0.0,0.005721376139271737,0.02207818849524677,1.6986207611739086,0.009196379551795817,159.7494230014959,0.7230517213599011,1.772073921971253,5.348885737334054,0.15848217138006518,0.1255919423793303,-0.010619534063349747,1.8873790022338048,0.6797585130918464,0.3785432614252063,0.1624404662354551,0.16175313294653787,REIT—Industrial,Real Estate,TRNO
2018Q1,2018,Q1,2018-05-02,2018-03-31,5372000.0,37107000.0,14742000.0,0.0974,27214000.0,0.7333926213,1604056000.0,1030712000.0,11506000.0,77227000.0,573344000.0,0.0,2640000.0,1902452785.8,2396731785.8,18.6968482926332,0.1489893431053906,0.312803917070227,0.4868042673414106,0.005138458217631068,18.6968482926332,0.0052119311699097325,51.269377362761745,88.53559129746834,1.8457656317186564,2.2674981384959048,0.0,0.006402787018379419,0.023133232256230457,0.09680552138500784,0.0033490102589934516,212.54080949614567,0.733392621338292,-0.11454545454545455,3.1168252538851444,0.01364992163703168,-0.1409774339832562,0.09853469503088039,-0.125793327908869,-0.05055709409415856,2.3792886745963564,0.24349405949835537,0.08254116253067598,REIT—Industrial,Real Estate,TRNO
2017Q4,2017,Q4,2018-02-07,2017-12-31,6145000.0,34625000.0,15527000.0,0.11,24773000.0,0.715465704,1567871000.0,1027494000.0,42800000.0,45275000.0,540377000.0,0.0,4803000.0,1932772954.8000002,2358745954.8,18.638474607446945,0.9453340695748206,0.29446491452421786,0.44932914450108713,0.005912812724019089,18.638474607446945,0.005980570202843033,55.820157539350184,78.63193469487389,1.8810552225122483,1.953620829943043,0.0,0.006211283105025781,0.022084087275037297,0.7887355052457206,0.00391932754671781,261.96434735700734,0.7154657039711191,-0.6451612903225807,-0.752269146468536,0.14804643548395335,0.15307120222686246,0.0063370841288540435,-0.6257384737194713,-0.3898298424175738,4.263269246591972,0.4316612882980273,0.06615425027368235,REIT—Industrial,Real Estate,TRNO
2017Q3,2017,Q3,2017-11-01,2017-09-30,16419000.0,33640000.0,25447000.0,0.31,24617000.0,0.7317776457,1536007000.0,998184000.0,119373000.0,45069000.0,537823000.0,0.0,6148000.0,1910470825.98,2263383825.98,18.90334917910862,2.648672036211143,0.3007609991360716,0.4628114656215688,0.01366950723776163,18.90334917910862,0.016448871150008416,56.791641675980976,29.089329830988486,1.913946552920103,0.6510140690663256,0.0,0.005594955889743536,0.021900941857686845,2.4198007499611704,0.010689404410266359,139.61347749049986,0.7317776456599286,0.3478260869565217,2.9566938697442735,-0.06647378471325427,-0.011443299022795773,0.011962509249362822,0.4008190427437932,0.3162468318419283,4.21197155081721,0.18456046841975446,0.09451462421315897,REIT—Industrial,Real Estate,TRNO
2017Q2,2017,Q2,2017-08-02,2017-06-30,11721000.0,32778000.0,19333000.0,0.23,24326000.0,0.7421441211,1410753000.0,957098000.0,32238000.0,60916000.0,453655000.0,0.0,0.0,1693961984.8799999,2073557984.8799999,19.018088344103052,0.5292205660253464,0.2722496425667711,0.4012932844912433,0.01088155382120775,19.018088344103052,0.012246394831041335,51.67984577704558,36.130918541080106,1.769893976249036,0.9211671359099053,0.0,0.006373814817789349,0.02323440035215236,0.07356031256156018,0.008308328956238264,148.86738596361718,0.7421441210568064,4.3864168618266985,5.016008223726493,0.13797541787714276,0.19454770596332188,0.06254913951253603,4.765371372356124,1.0212232096184004,5.244251658639327,0.11438283929831684,-0.052902946307363315,REIT—Industrial,Real Estate,TRNO
2017Q1,2017,Q1,2017-05-03,2017-03-31,2033000.0,31441000.0,9565000.0,0.0427,22894000.0,0.7281575014,1291668000.0,864362000.0,32051000.0,51197000.0,427306000.0,0.0,0.0,1334068988.0,1702435988.0,18.141592539590615,0.6260327753579311,0.293759696764184,0.4389827410274862,0.002695988239890709,18.141592539590615,0.002352023804841027,42.430870137718266,164.0517693064437,1.5434146665401764,5.102803738317757,0.0,0.007776209546368677,0.024341394228238215,0.2162822040353927,0.0015739338591650486,138.21684500621632,0.7281575013517382,2.123684210526316,2.0137250703777423,0.2673070380767506,0.0843154938319013,0.05702017637010019,2.1232044198895026,0.747351114358787,4.522752332980049,0.03764487983937452,0.032993293859897924,REIT—Industrial,Real Estate,TRNO
2016Q4,2016,Q4,2017-02-08,2016-12-31,-1810000.0,29840000.0,5474000.0,-0.038,21659000.0,0.7258378016,1278981000.0,811805000.0,18478000.0,89942000.0,467176000.0,0.0,0.0,1357415195.29,1758534195.29,17.038504158676986,0.20544350803851372,0.32473273645190975,0.5116093150448692,-0.004407239149610423,17.038504158676986,-0.0022295994727797933,45.48978536494638,-187.48828664226517,1.672095140199925,-5.620441988950276,0.0,0.007494390835831646,0.023331073721970852,0.1579684685686331,-0.0014151891232160603,410.71564154009076,0.7258378016085791,-7.837209302325582,-0.24214105091113033,0.4216371855296854,0.3594042350520351,0.09300565199838515,-8.282051282051283,-0.13591160220994475,-1.255081467958797,0.1818583801737106,-0.0351276046662557,REIT—Industrial,Real Estate,TRNO
2016Q3,2016,Q3,2016-11-02,2016-09-30,-195000.0,27104000.0,6335000.0,-0.0043,19816000.0,0.7311097993,1229389000.0,792753000.0,14469000.0,59886000.0,436636000.0,0.0,0.0,1258933555.1100001,1632222555.1100001,17.323102511231784,0.24160905720869652,0.3125194710543205,0.48465032614193826,-0.00034188557945874346,17.323102511231784,-0.00024597825552221184,46.448256903409096,-1614.017378346154,1.588052716432483,-47.08717948717949,0.0,0.007293474673647663,0.022046724023071625,0.18232975987709982,-0.00015861537723210474,139.20096805727556,0.7311097992916175,0.35820895522388063,0.9270661214478498,0.13746393405659438,-0.006582766795046414,0.058829815655890995,0.33447098976109213,0.08124253285543608,-1.0778512461215206,0.24502642108323874,-0.04483442546107409,REIT—Industrial,Real Estate,TRNO
2016Q2,2016,Q2,2016-07-27,2016-06-30,-293000.0,25817000.0,5859000.0,-0.0067,18715000.0,0.7249099431,1207648000.0,789805000.0,28267000.0,30045000.0,417843000.0,0.0,0.0,1134138471.7,1487476471.7,18.015661984707542,0.9408221001830588,0.31096312832878453,0.4754768582118371,-0.0005293289304011291,18.015661984707542,-0.00037097764638106877,43.92990942789635,-967.6949417235495,1.4359727675818714,-29.7098976109215,0.0,0.007675429603363837,0.02137791806884125,0.7387585288733566,-0.00024262036619942235,181.31710179056756,0.7249099430607739,-1.067,0.984382533853266,0.4330983674725107,0.025368119245519825,0.04535552700664693,-1.0671556268622509,-0.442159383033419,-1.1551067738802219,0.038757597067778676,0.005822394863749623,REIT—Industrial,Real Estate,TRNO
2016Q1,2016,Q1,2016-05-04,2016-03-31,4363000.0,25657000.0,10503000.0,0.1,17903000.0,0.6977822816,1150872000.0,734605000.0,5903000.0,28328000.0,416267000.0,0.0,0.0,1008235235.6999999,1385870235.6999998,17.085781809678526,0.20838040101666197,0.3312401379128174,0.5189387493959339,0.005525102053257745,17.085781809678526,0.005939246261596368,39.2966923529641,57.771902114370846,1.3724862146323533,1.9910611964244787,0.0,0.008616044839941316,0.02229353047080822,0.12637672973736233,0.003791038447368604,272.4223819778438,0.6977822816385392,2.6949152542372885,1.3548095875420525,0.6171834180686897,-0.050779575182796126,0.036233142327950454,2.7211045364891517,1.8735978112175102,3.204368118233385,-0.10135549042368605,-0.2149975277739613,REIT—Industrial,Real Estate,TRNO
2015Q4,2015,Q4,2016-02-10,2015-12-31,-2535000.0,24200000.0,3655000.0,-0.059,17277000.0,0.7139256198,1152138000.0,733082000.0,30087000.0,26220000.0,419056000.0,0.0,0.0,972549297.72,1331574297.72,17.050359173437087,1.1474828375286041,0.33110182981552555,0.5203715273325494,-0.014844823356467444,17.050359173437087,-0.003458003333869881,40.18798750909091,-95.91215953846155,1.3266582697706397,-3.085207100591716,0.0,0.008041751732621876,0.021004428288972327,0.8562166285278413,-0.0022002572608489607,217.23236491400493,0.7139256198347107,-2.2633832976445394,0.5497744987028543,0.6887059134202044,-0.05910645655288347,-0.03598928690994309,-2.265601597603595,-0.4311284046692607,-1.13103462784587,0.028809444829819834,0.05482227299114444,REIT—Industrial,Real Estate,TRNO
2015Q3,2015,Q3,2015-11-04,2015-09-30,2003000.0,24327000.0,6425000.0,0.0467,17922000.0,0.736712295,1121814000.0,740944000.0,62155000.0,21862000.0,380870000.0,0.0,0.0,842678200.08,1140745200.08,17.268917314602998,2.843061019119934,0.30996314897121985,0.469294575568464,0.0028052094239394594,17.268917314602998,0.002703308212226565,34.6396267554569,105.17700949575638,1.1373034940292384,3.8816774837743386,0.0,0.009226535110629274,0.021685413089870514,2.271246912450828,0.0017855009832289488,102.57799148874011,0.7367122949808854,-0.7665000000000001,1.0788363159138858,7.06557960375498,-0.04877574844621488,-0.006541019955654102,-0.7647127922001644,-0.49925960564258437,-0.40595647203555363,-0.16917289141283123,-0.09691643696458178,REIT—Industrial,Real Estate,TRNO
2015Q2,2015,Q2,2015-08-05,2015-06-30,8513000.0,24237000.0,12831000.0,0.2,18040000.0,0.7443165408,1068407000.0,744448000.0,38362000.0,18842000.0,323959000.0,0.0,0.0,845093082.1999999,1112143082.1999998,17.35385830140925,2.035983441248275,0.2749326801490443,0.394574234869326,0.009858737814926294,17.35385830140925,0.011435318517881706,34.86789133143541,24.81772237166686,1.1351942408334765,0.9120169153060026,0.0,0.009187153656243716,0.022685175218807065,1.4165162933871138,0.007967937312278935,103.33737860112497,0.7443165408260098,3.8328611898017,1.6792817908349258,14.460018879095974,-0.060337072043111686,0.12742953565402163,3.819807883405101,8.654627539503386,4.125988369138832,-0.012855976773632196,0.09001552882094661,REIT—Industrial,Real Estate,TRNO
2015Q1,2015,Q1,2015-05-06,2015-03-31,-3019000.0,23131000.0,1329000.0,-0.0706,16001000.0,0.6917556526,1071623000.0,738032000.0,52852000.0,18682000.0,333591000.0,0.0,-845000.0,974285085.6,1242697085.6,17.271258534802723,2.829033294079863,0.2833253858866411,0.41138866607409974,0.004558369928001689,17.271258534802723,-0.0040906085372991955,42.120318429812805,-80.67945392514078,1.3201122520432718,-2.567075190460417,0.0,0.00795455058744666,0.021585016372362296,1.8844877422117545,-0.0028172221014293275,414.236856122449,0.6917556525874368,-4.330188679245283,0.5747936500899105,410.03203027415816,-0.0709213244713505,0.1787108655616943,-4.335911602209944,-0.7137626534568167,-0.6784753645995919,0.039558549895840026,0.032295989803200635,REIT—Industrial,Real Estate,TRNO
2014Q4,2014,Q4,2015-02-11,2014-12-31,905000.0,18747000.0,4643000.0,0.0212,13575000.0,0.7241158585,1076766000.0,747036000.0,203879000.0,16358000.0,329730000.0,0.0,0.0,881557075.26,995457075.26,17.48196811358435,12.463565228022986,0.28279217583021754,0.40761221681418297,0.001440509900521427,17.48196811358435,0.0012114543341954069,47.02390117138742,243.5240539392265,1.180073082502048,6.104972375690608,0.0,0.006267319672263417,0.017410468012548686,11.651852304682723,0.0008404797328296028,-970.8778361894273,0.7241158585373659,-0.644891122278057,1.1617217835977514,0.3162496059343342,-0.03528888995808249,0.048991577157870336,-0.539440203562341,-0.05457137039299532,1.6924843597508261,-0.004157205917995912,0.3947856730456393,REIT—Industrial,Real Estate,TRNO
2014Q3,2014,Q3,2014-11-03,2014-09-30,1965000.0,17714000.0,4911000.0,0.0597,12941000.0,0.7305521057,766792000.0,568862000.0,24090000.0,32658000.0,197930000.0,0.0,0.0,620211844.56,771432844.56,17.270988217903568,0.7376446812419621,0.22474934532441654,0.30294869405936764,0.0037869744734324194,17.270988217903568,0.0034542648304861285,35.01252368522073,78.90735935877862,1.090267665198238,2.8111959287531807,0.0,0.008906634158073714,0.023101440807937485,0.6465490844509768,0.002562624544857015,173.38882990215262,0.7305521056791239,0.6005361930294907,1.1007484715294,6.650577283635786,-0.04866167682225388,0.059348395546823834,0.8537735849056604,0.12072113190324053,2.0211269437273693,0.03286454519040611,-0.00957133290524412,REIT—Industrial,Real Estate,TRNO
2014Q2,2014,Q2,2014-08-11,2014-06-30,1060000.0,16610000.0,4382000.0,0.0373,12216000.0,0.7354605659,751496000.0,570668000.0,32651000.0,14384000.0,180828000.0,0.0,0.0,549342246.8199999,677805246.8199999,20.08040070439817,2.269952725250278,0.2103657238361881,0.27702446956899635,0.002342431811380661,20.08040070439817,0.0018574722956254774,33.072982951234195,129.56185066509434,0.9626301927215122,3.9113207547169813,0.0,0.007547207636041322,0.022102579388313445,2.0596496106785316,0.0014105198164727423,171.88430751564454,0.7354605659241421,3.844155844155844,1.1276733870009656,14.992927356861692,0.08729757917350701,0.11236568930977964,4.520833333333333,0.2972172883362937,1.0871580141698456,0.42232344047695347,0.14288349334277364,REIT—Industrial,Real Estate,TRNO
2014Q1,2014,Q1,2014-05-12,2014-03-31,192000.0,15804000.0,3378000.0,0.0077,10982000.0,0.6948873703,677870000.0,436433000.0,8061000.0,78993000.0,241437000.0,0.0,0.0,469927871.6,686611871.6,17.56215906475295,0.10204701682427557,0.3273252983610427,0.5084033517172166,0.0005519345530491598,17.56215906475295,0.00043993006944937713,29.734742571500888,611.8852494791666,1.076746881193677,21.5625,0.0,0.008809862641056425,0.023314204788528775,0.06582861772562126,0.00028324014929116204,126.08743536356319,0.6948873702860036,-0.9486666666666665,1.0464996184685127,481.90289713473555,-0.055272813476501474,0.1512737184191215,-0.9481221291542826,-0.36324222431668235,1.0270141129432662,0.7234543134511806,-0.02431388426668889,REIT—Industrial,Real Estate,TRNO
2013Q4,2013,Q4,2014-02-19,2013-12-31,3701000.0,13169000.0,5305000.0,0.15,9539000.0,0.7243526464,645324000.0,438835000.0,9549000.0,40454000.0,206489000.0,0.0,0.0,439858452.0,622182452.0,17.658816068401933,0.23604587927028228,0.29336116431435993,0.4313990451992207,0.05551803638135262,17.658816068401933,0.008433693757334762,33.401051864226595,29.712135368819236,1.0023322023083847,1.118616590110781,0.0,0.009412118787704914,0.020406803404181464,0.17276412715677064,0.0057351036068703475,804.1287970749543,0.7243526463664667,1.9999999999999998,2.1372358991425853,0.5899036440365416,-0.025529852206026302,0.15947489972043272,1.7932075471698112,0.8458594293667363,2.1372358991425853,0.5899036440365416,-0.025529852206026302,REIT—Industrial,Real Estate,TRNO
2013Q3,2013,Q3,2013-11-06,2013-09-30,1325000.0,11516000.0,2874000.0,0.05,8227000.0,0.7143973602,615654000.0,439042000.0,79584000.0,10939000.0,176612000.0,0.0,-2114000.0,429934222.08000004,527081222.08000004,18.13622996158957,7.275253679495384,0.2585072134673047,0.36249607099093023,0.0068230675618392266,18.13622996158957,0.0030179345028493857,37.33364207016326,81.11966454339624,0.9792553379403338,2.56,0.0,0.007889578976964606,0.018705311749781534,5.668159795228083,0.002152182881943429,159.70810627043093,0.7143973601945119,0.25000000000000006,1.0924320258008995,5.767213903412725,-0.001001541849297054,0.053797873703086974,0.6119221411192214,0.21676545300592717,1.0924320258008995,5.767213903412725,-0.001001541849297054,REIT—Industrial,Real Estate,TRNO
2013Q2,2013,Q2,2013-08-07,2013-06-30,822000.0,10815000.0,2362000.0,0.04,7807000.0,0.7218677762,520785000.0,341691000.0,22110000.0,12576000.0,179094000.0,0.0,-3438000.0,355972341.6,514811341.6,17.91137488755952,1.7581106870229009,0.31390305020305886,0.47843226775068703,0.010331747846783599,17.91137488755952,0.002405682327014759,32.91468715672677,108.26409416058394,1.0417960718895143,3.891727493917275,0.0,0.008986653248455637,0.020766727152279733,0.3687181933842239,0.0015783864742648119,787.5494283185841,0.7218677762367083,1.8695652173913042,1.1474934932058714,14.512842577815874,-0.03014910700227981,0.041349873282646395,2.130674002751032,0.020302375809935207,1.1474934932058714,14.512842577815874,-0.03014910700227981,REIT—Industrial,Real Estate,TRNO
2013Q1,2013,Q1,2013-05-08,2013-03-31,-727000.0,10487000.0,2315000.0,-0.046,7497000.0,0.7148850958,468079000.0,343729000.0,18166000.0,7192000.0,124350000.0,0.0,-4260000.0,289793347.55,384876347.55,21.765258600050288,2.5258620689655173,0.23670149696952864,0.3223324188532245,-0.004663458150489187,21.765258600050288,-0.002115038300521632,27.633579436445125,-99.65383340784045,0.8430866978055388,-3.4429160935350756,0.0,0.008637189297687864,0.022404337729314924,2.1846496106785316,-0.0015531566252705207,1061.5140935897437,0.714885095832936,-1.1022222222222222,0.7229425047150049,503.2331449935084,0.17082594716102126,0.24825174825174826,-1.1023079088094567,-0.5626298885320234,0.7229425047150049,503.2331449935084,0.17082594716102126,REIT—Industrial,Real Estate,TRNO
2012Q4,2012,Q4,2013-02-15,2012-12-31,7106000.0,8640000.0,5293000.0,0.45,6006000.0,0.6951388889,445318000.0,255274000.0,7987000.0,72062000.0,190044000.0,0.0,-5054000.0,243837018.32,414951018.32,16.16420093698593,0.11083511420721046,0.39756758091970235,0.6935449752031151,0.024486604767786677,16.16420093698593,0.027836755799650573,28.22187712037037,8.57856101604278,0.9551972324639407,0.35237827188291587,0.0,0.010269154442800275,0.019401865633098144,0.08229025006244622,0.015957136248703173,1.7367308997150996,0.6951388888888889,4.7251908396946565,4.435927652854666,0.6414175840887046,-0.10800751222380035,-0.09329710144927536,5.806513409961686,1.4896519285042333,4.435927652854666,0.6414175840887046,-0.10800751222380035,REIT—Industrial,Real Estate,TRNO
2012Q3,2012,Q3,2012-11-07,2012-09-30,1044000.0,9066000.0,2126000.0,0.0786,6624000.0,0.730641959,424545000.0,254036000.0,6869000.0,8004000.0,170509000.0,0.0,-8607000.0,209635627.32,363342627.32,19.122169887091307,0.8581959020489756,0.3729310202687583,0.623242375096443,0.01031132839592397,19.122169887091307,0.004109653749862224,23.123276783587027,50.2001023275862,0.8252201550961281,2.2270114942528734,0.0,0.011090672085289133,0.02135462671801576,0.5770864567716142,0.002459103275271173,-3.4486917814664317,0.7306419589675711,1.0310077519379848,1.1327113455541327,8.707891714643969,0.05330701442129876,0.20458265139116202,1.0311284046692606,0.5484340859431901,1.1327113455541327,8.707891714643969,0.05330701442129876,REIT—Industrial,Real Estate,TRNO
2012Q2,2012,Q2,2012-08-07,2012-06-30,514000.0,7599000.0,1373000.0,0.0387,5499000.0,0.7236478484,351434000.0,211378000.0,9037000.0,7382000.0,140056000.0,0.0,-9129000.0,200613838.12,325349838.12,15.920744101857574,1.2241939853698185,0.3683223592481092,0.6123674176120505,0.008057062546395594,15.920744101857574,0.002431662708512712,26.400031335702067,97.57482398832684,0.9490762431284239,2.6089494163424125,0.0,0.006684484044405062,0.021622836720408385,0.6373611487401788,0.0014625790333320054,-2.80226062466825,0.7236478484011054,1.9192399049881235,1.1325172321741037,14.661360971995416,-0.13793620080504032,0.17049808429118773,1.9625468164794007,0.8429530201342282,1.1325172321741037,14.661360971995416,-0.13793620080504032,REIT—Industrial,Real Estate,TRNO
2012Q1,2012,Q1,2012-05-07,2012-03-31,-534000.0,6606000.0,745000.0,-0.0421,4698000.0,0.7111716621,290129000.0,212258000.0,18963000.0,7013000.0,77871000.0,0.0,-9386000.0,181544859.63,232837859.63,16.73091700966053,2.7039783259660632,0.23462321932657543,0.3206993375985829,0.005315183231131991,16.73091700966053,-0.0025158062358073665,27.481813446866486,-84.99291181179775,0.8553027901421854,-1.743445692883895,0.0,0.00512820909331962,0.022769181984565488,2.392414088122059,-0.001840560578225548,-21.393455058920573,0.7111716621253406,-0.3758169934640523,0.7466710808641959,394.39093812016847,-0.09998809962850744,0.20740169622205087,-0.37628865979381443,-0.05815423514538559,0.7466710808641959,394.39093812016847,-0.09998809962850744,REIT—Industrial,Real Estate,TRNO
2011Q4,2011,Q4,2012-02-22,2011-12-31,-388000.0,5589000.0,791000.0,-0.0306,3891000.0,0.6961889426,267049000.0,159011000.0,5388000.0,6038000.0,108038000.0,0.0,-9119000.0,192074715.22,288140715.22,12.533802469744982,0.8923484597548857,0.3718980411834532,0.6245794316116495,0.006124044811594652,12.533802469744982,-0.0024400827615699543,34.36656203614242,-123.75948145618557,1.2079335091282992,-2.399484536082474,0.0,0.004847072135099324,0.02092874341412999,0.5380920834713482,-0.001452916880422694,-5.014351004307532,0.6961889425657541,0.476027397260274,0.7664614639730738,0.3217443694490857,-0.308344551650445,0.2567829457364341,0.27611940298507465,0.5009487666034156,0.7664614639730738,0.3217443694490857,-0.308344551650445,REIT—Industrial,Real Estate,TRNO
2011Q3,2011,Q3,2011-11-08,2011-09-30,-536000.0,4777000.0,527000.0,-0.0584,3096000.0,0.6481055055,227098000.0,159980000.0,9236000.0,5635000.0,67118000.0,0.0,-8925000.0,117705935.42,170608935.42000002,17.437892088245892,1.639041703637977,0.2625826735594325,0.37274659332416554,0.004799373440431306,17.437892088245892,-0.003350418802350294,24.64013720326565,-54.90015644589552,0.7357540656332042,-1.7369402985074627,0.0,0.007909541661412337,0.021034971686232376,1.1941437444543035,-0.002360214532932919,-21.071596029359114,0.6481055055474148,0.8641860465116279,0.9013359973034862,6.407144837395324,-0.03946810630156156,0.35908691834942935,0.8633350331463538,1.3520374081496327,0.9013359973034862,6.407144837395324,-0.03946810630156156,REIT—Industrial,Real Estate,TRNO
2011Q2,2011,Q2,2011-08-08,2011-06-30,-3922000.0,3766000.0,-1497000.0,-0.43,2278000.0,0.6048858205,205116000.0,161024000.0,4079000.0,4364000.0,44092000.0,0.0,-8657000.0,155892244.41000003,189823244.41000003,17.569945511826248,0.9346929422548121,0.18530977593166795,0.23605176868044514,-0.015042656028618226,17.569945511826248,-0.024356617647058824,41.39464801115243,-9.93703750701173,0.9681304924110693,0.0,0.0,0.0,0.018360342440375203,0.9346929422548121,-0.019120887692817723,-3.734124854124749,0.6048858204992034,-0.48275862068965525,-0.4648496551581284,10.244226806456005,-0.04863655350090467,0.1945464079706345,-0.501531393568147,-0.5959488272921108,-0.4648496551581284,10.244226806456005,-0.04863655350090467,REIT—Industrial,Real Estate,TRNO
2011Q1,2011,Q1,2011-05-05,2011-03-31,-2612000.0,3370000.0,-938000.0,-0.29,1907000.0,0.5658753709,193671000.0,164388000.0,47947000.0,3132000.0,29283000.0,0.0,-6696000.0,157357558.18,126881558.18,17.999804221415506,15.30874840357599,0.09020968549757062,0.1062790471323941,-0.01031568412891306,17.999804221415506,-0.01588923765724992,46.6936374421365,-15.061022031010719,0.9572326336472249,0.0,0.0,0.0,0.017400643359098678,15.30874840357599,-0.013486789452215354,-17.220131120595315,0.5658753709198813,-1.2307692307692306,-0.7213083607878948,279.1947770624292,-0.03173041894374433,-0.08317307692307692,-1.1839464882943145,-2.0160771704180065,-0.7213083607878948,279.1947770624292,-0.03173041894374433,REIT—Industrial,Real Estate,TRNO
2010Q4,2010,Q4,2011-02-24,2010-12-31,-1196000.0,3044000.0,-311000.0,-0.13,2080000.0,0.6833114323,194382000.0,165499000.0,57253000.0,2425000.0,28883000.0,0.0,-5390000.0,163750494.38,124173494.38,18.121454113682535,23.609484536082473,0.09093434577275673,0.106804270720669,-0.0033956598880851645,18.121454113682535,-0.007226629768155699,53.79451195137976,-34.22878227006689,0.9894349475223415,0.0,0.0,0.0,0.015659886203455053,23.609484536082473,-0.00615283308125238,578.6236550530035,0.683311432325887,0.7796610169491526,0.0,0.0,0.0,3.781609195402299,0.7788461538461539,0.8792233009708738,0.0,0.0,0.0,REIT—Industrial,Real Estate,TRNO
2010Q3,2010,Q3,2010-11-12,2010-09-30,-5408000.0,642000.0,-2575000.0,-0.59,435000.0,0.6775700935,194400000.0,165800000.0,186757000.0,10700000.0,28600000.0,0.0,-4800000.0,166398996.51999998,92798996.51999998,18.154412365322838,17.45392523364486,0.09207818930041152,0.10796139927623644,-0.02803483941208492,18.154412365322838,-0.03261761158021713,259.18846809968846,-7.692261303624259,1.003612765500603,0.0,0.0,0.0,0.0033024691358024692,8.551401869158878,-0.027818930041152264,-2.350500706567033,0.677570093457944,-1.0344827586206897,0.0,0.0,0.0,0.9506726457399103,-1.0315552216378663,-1.1003262642740619,0.0,0.0,0.0,REIT—Industrial,Real Estate,TRNO
2010Q2,2010,Q2,2010-08-12,2010-06-30,-2662000.0,333000.0,-1226000.0,-0.29,223000.0,0.6696696697,176227000.0,168282000.0,162304000.0,822000.0,7945000.0,0.0,-2088000.0,161373520.0,-930480.0,18.46817383669886,197.4501216545012,0.0,0.0,-0.014570780000237695,18.46817383669886,-0.015818685302052507,484.60516516516515,-15.15528925619835,0.9589470056215162,0.0,0.0,0.0,0.0018896082893086758,197.4501216545012,-0.015105517315734819,-187.86207217694994,0.6696696696696697,-0.7058823529411762,0.0,0.0,0.0,36.166666666666664,-0.7582562747688243,-0.619550858652576,0.0,0.0,0.0,REIT—Industrial,Real Estate,TRNO
2010Q1,2010,Q1,2010-05-14,2010-03-31,-1514000.0,12000.0,-757000.0,-0.17,6000.0,0.5,177122000.0,169389000.0,163333000.0,733000.0,7733000.0,0.0,-757000.0,179779760.0,16446760.0,18.589661984196663,222.8281036834925,0.0,0.0,-0.008938006600192457,18.589661984196663,-0.008938006600192457,14981.646666666667,-29.686221928665788,1.0613425901327713,0.0,0.0,0.0,6.774991248969637e-05,222.8281036834925,-0.008547780625783359,-13.492927048934254,0.5,0.0,0.0,0.0,0.0,0.0,0.0,0.0,0.0,0.0,0.0,REIT—Industrial,Real Estate,TRNO
