Quarters,Year,Quarter,FillingDate,Date,NetIncome,Revenue,OperatingIncome,EPSDiluted,GrossProfit,GrossProfitRatio,TotalAssets,CommonStockEquity,CurrentAssets,CurrentLiability,TotalLiability,Inventory,RetainedEarnings,MarketCap,EnterpriseValue,bookValuePerShare,currentRatio,debtToAssets,debtToEquity,roic,shareholdersEquityPerShare,roe,priceToSalesRatio,peRatio,pbRatio,payoutRatio,inventoryTurnover,dividendYield,assetTurnover,quickRatio,returnOnAssets,priceToFreeCashFlowsRatio,grossProfitMargin,epsdilutedGrowth,fiveYNetIncomeGrowthPerShare,fiveYRevenueGrowthPerShare,fiveYShareholdersEquityGrowthPerShare,grossProfitGrowth,netIncomeGrowth,operatingIncomeGrowth,threeYNetIncomeGrowthPerShare,threeYRevenueGrowthPerShare,threeYShareholdersEquityGrowthPerShare,Industry,Sector,Symbol
2023Q2,2023,Q2,2023-05-08,2023-04-01,-91000000.0,13133000000.0,-41000000.0,-0.26,527000000.0,0.040127922,36796000000.0,19399000000.0,8892000000.0,5346000000.0,17238000000.0,5504000000.0,19962000000.0,20999280000.0,29386280000.0,54.79943502824859,1.6632996632996633,0.24268942276334385,0.4603330068560235,-0.001013096120583148,54.79943502824859,-0.004690963451724315,1.5989705322470114,-57.69032967032967,1.0824929120057736,-1.835164835164835,2.2903343023255816,0.007952653614790603,0.35691379497771497,0.5566778900112234,-0.0024730949016197414,-41.91473053892216,0.04012792202847788,-1.2954545454545456,-1.2986817325800375,0.38935704908195706,0.6526527043786241,-0.4555785123966942,-1.2879746835443038,-1.0877944325481799,-1.2563559322033897,0.23685615636558366,0.3767177600701944,Farm Products,Consumer Defensive,TSN
2023Q1,2023,Q1,2023-02-06,2022-12-31,316000000.0,13260000000.0,467000000.0,0.88,968000000.0,0.0730015083,36678000000.0,19635000000.0,8953000000.0,5114000000.0,16891000000.0,5596000000.0,20225000000.0,22161000000.0,29856000000.0,55.15449438202247,1.7506843957763003,0.22762964174709635,0.42521008403361343,0.012304595384327583,55.15449438202247,0.01609371021135727,1.671266968325792,17.53243670886076,1.12864782276547,0.5348101265822784,2.196568977841315,0.0076260096566039435,0.36152461966301325,0.5766523269456394,0.008615518839631386,128.09826589595374,0.07300150829562595,-0.41333333333333333,-0.8008115239151551,0.3327277260839144,0.6885441190983039,-0.2593726090283091,-0.41263940520446096,-0.39033942558746737,-0.4215197789119077,0.25018311022456324,0.38852080315376625,Farm Products,Consumer Defensive,TSN
2022Q4,2022,Q4,2022-11-14,2022-10-01,538000000.0,13737000000.0,766000000.0,1.5,1307000000.0,0.0951445003,36821000000.0,19702000000.0,9630000000.0,5313000000.0,17010000000.0,5514000000.0,20084000000.0,23602940000.000004,30892940000.000004,55.03351955307262,1.8125352907961603,0.22598517150539094,0.42234290934930463,0.02204013241375408,55.03351955307262,0.027306872398741244,1.7182019363762104,10.967908921933086,1.1979971576489699,0.30111524163568776,2.2542618788538267,0.006863551743977656,0.37307514733440156,0.6790890269151139,0.014611227288775426,101.30017167381976,0.09514450025478634,-0.27536231884057966,0.39599580296628184,0.38432450143313035,0.9108498393344635,-0.18870266914959652,-0.2826666666666667,-0.2584704743465634,0.47835763273833865,0.2797553787118193,0.4186314158333591,Farm Products,Consumer Defensive,TSN
2022Q3,2022,Q3,2022-08-08,2022-07-02,750000000.0,13495000000.0,1033000000.0,2.07,1611000000.0,0.1193775472,36245000000.0,19355000000.0,9303000000.0,4682000000.0,16756000000.0,5332000000.0,19708000000.0,30604750000.0,37876750000.0,53.91364902506964,1.9869713797522426,0.22976962339633053,0.4302764143632136,0.028497399455542718,53.91364902506964,0.03874967708602428,2.2678584660985552,10.201583333333334,1.5812322397313356,0.21733333333333332,2.2288072018004503,0.005325970641812137,0.3723272175472479,0.7633489961554891,0.02069250931162919,161.07763157894738,0.11937754723971841,-0.09606986899563327,0.7105681329569461,0.3967648431203428,0.9504196444771659,-0.07146974063400577,-0.09963985594237695,0.16197975253093364,0.12182921000148345,0.253593212401621,0.40513028403936524,Farm Products,Consumer Defensive,TSN
2022Q2,2022,Q2,2022-05-09,2022-04-02,833000000.0,13117000000.0,889000000.0,2.29,1735000000.0,0.1322710986,35898000000.0,19014000000.0,8997000000.0,4657000000.0,16742000000.0,4990000000.0,19119000000.0,32865440000.000004,40063440000.0,52.67036011080332,1.9319304273137212,0.23257563095437073,0.43909750710003154,0.024897371974141245,52.67036011080332,0.04380982433996003,2.5055607227262335,9.86357743097239,1.7284863784579785,0.19687875150060025,2.2809619238476952,0.004990044253172937,0.3653964009136999,0.7642258964998926,0.023204635355730124,-50.79666151468316,0.13227109857436914,-0.2564935064935065,1.4771468144044322,0.46012779040202656,0.9675244540418805,-0.13895781637717122,-0.2602131438721137,-0.40930232558139534,0.9716489147256576,0.2664948329183383,0.42829554349492727,Farm Products,Consumer Defensive,TSN
2022Q1,2022,Q1,2022-02-07,2022-01-01,1126000000.0,12933000000.0,1505000000.0,3.08,2015000000.0,0.1558029846,36824000000.0,18403000000.0,10136000000.0,6034000000.0,18282000000.0,4454000000.0,18453000000.0,31551920000.0,37959920000.0,50.83701657458563,1.679814385150812,0.25429067999131,0.5088300820518393,0.043283943106095374,50.83701657458563,0.06118567624843776,2.439644320729916,7.005310834813498,1.7144987230342879,0.14564831261101244,2.4512797485406375,0.005197781941637784,0.35121116663045837,0.8364269141531323,0.03057788398870302,30.812421875,0.15580298461300549,-0.16981132075471694,0.9250463510756246,0.42797131307831454,0.9536319458505682,-0.18618739903069467,-0.16900369003690036,-0.21162912519643792,1.0548475398822834,0.2758219404173486,0.4096651202216174,Farm Products,Consumer Defensive,TSN
2021Q4,2021,Q4,2021-11-15,2021-10-02,1355000000.0,12811000000.0,1909000000.0,3.71,2476000000.0,0.19327140738427914,36309000000.0,17723000000.0,9822000000.0,6325000000.0,18455000000.0,4382000000.0,17502000000.0,28426530000.0,35267530000.0,48.823691460055095,1.5528853754940712,0.25745682888540034,0.5274502059470744,0.052187360374479984,48.823691460055095,0.07645432488856288,2.218915775505425,5.244747232472324,1.6039344354793208,0.11734317343173432,2.35851209493382,0.005593366478427018,0.35283263102811974,0.7758102766798419,0.03731857115315762,34.08456834532374,0.19327140738427914,0.8097560975609758,2.503660177689473,0.41460987812113753,0.8649349256702976,0.528395061728395,0.8090787716955942,0.7975517890772128,1.5302286450077205,0.28475767686961545,0.3880983903350821,Farm Products,Consumer Defensive,TSN
2021Q3,2021,Q3,2021-08-09,2021-07-03,749000000.0,12478000000.0,1062000000.0,2.05,1620000000.0,0.1298284981567559,35663000000.0,16561000000.0,9208000000.0,6184000000.0,18970000000.0,4262000000.0,16305000000.0,26724060000.0,35463060000.0,45.62258953168044,1.4890038809831825,0.29027283178644536,0.6250830263872954,0.030759569655432167,45.62258953168044,0.04522673751585049,2.1416941817598976,8.919913217623499,1.6136742950304934,0.21228304405874499,2.5476302205537307,0.005949694769432488,0.34988643692342203,0.6366429495472187,0.021002159100468272,26.59110447761194,0.1298284981567559,0.5769230769230768,0.6285203651845275,0.39648180977350606,0.779984598212841,0.2928970470869912,0.5735294117647058,0.475,0.39210114928481576,0.24830855748629665,0.3401130837810526,Farm Products,Consumer Defensive,TSN
2021Q2,2021,Q2,2021-05-10,2021-04-03,476000000.0,11300000000.0,720000000.0,1.3,1253000000.0,0.11088495575221238,34474000000.0,15931000000.0,8014000000.0,4612000000.0,18404000000.0,4128000000.0,15716000000.0,27177810000.0,36664810000.0,43.887052341597794,1.7376409366869037,0.30063236061959736,0.6505555206829452,0.02093115099390056,43.887052341597794,0.0298788525516289,2.40511592920354,14.274059873949582,1.7059701211474485,0.33403361344537813,2.4338662790697674,0.005850361011428072,0.3277832569472646,0.6483087597571553,0.013807507106805129,-89.40069078947369,0.11088495575221238,0.015625000000000014,0.1777369656157534,0.3171468827263415,0.7391662045286431,0.06457094307561598,0.019271948608137045,0.02127659574468085,0.5235996326905418,0.16580256111245947,0.32355480858806784,Farm Products,Consumer Defensive,TSN
2021Q1,2021,Q1,2021-02-11,2021-01-02,467000000.0,10460000000.0,705000000.0,1.28,1177000000.0,0.11252390057361376,35458000000.0,15638000000.0,8544000000.0,4849000000.0,19677000000.0,3915000000.0,15399000000.0,23391720000.0,32342720000.0,43.07988980716254,1.7620127861414725,0.32029443285013254,0.7262437651873641,0.02001092073327673,43.07988980716254,0.029863153855991816,2.236302103250478,12.522334047109208,1.4958255531397875,0.3404710920770878,2.3711366538952747,0.006797276985189631,0.2949968977381691,0.8880181480717674,0.013170511591178295,21.3428102189781,0.11252390057361376,-0.32631578947368417,0.1023167984319631,0.2436728216686895,0.7431424373928706,-0.268944099378882,-0.32514450867052025,-0.30335968379446643,-0.7113062512984479,0.03103395062975227,0.31888244829958073,Farm Products,Consumer Defensive,TSN
2020Q4,2020,Q4,2020-11-16,2020-10-03,692000000.0,11460000000.0,1012000000.0,1.9,1610000000.0,0.14048865619546247,34741000000.0,15465000000.0,7883000000.0,4234000000.0,19144000000.0,4144000000.0,15311000000.0,21470220000.0,31389220000.0,42.72099447513812,1.8618327822390175,0.3263866900780058,0.7332040090526997,0.029582991449727255,42.72099447513812,0.04474620109925639,1.8734921465968586,7.756582369942197,1.3883103782735209,0.21676300578034682,2.376930501930502,0.006986421191771672,0.3298696065167957,0.7964100141709967,0.01991882789787283,24.565469107551486,0.14048865619546247,0.3194444444444444,1.9266778020471966,0.19024330216987295,0.7412849878938764,0.2261995430312262,0.31309297912713474,0.3058064516129032,0.7757523066999465,0.14210249721578552,0.48333971899255784,Farm Products,Consumer Defensive,TSN
2020Q3,2020,Q3,2020-08-03,2020-06-27,527000000.0,10022000000.0,775000000.0,1.44,1313000000.0,0.13101177409698664,34558000000.0,14858000000.0,7699000000.0,4273000000.0,19554000000.0,3915000000.0,14769000000.0,21097360000.0,31761360000.0,41.04419889502763,1.8017786098759654,0.3480814861971179,0.8095975232198143,0.02277425277393661,41.04419889502763,0.03546910755148741,2.1051047695070846,10.008235294117648,1.4199326961906042,0.2846299810246679,2.224521072796935,0.0071098943185308495,0.290005208634759,0.8024806927217412,0.015249725099832166,18.109321888412016,0.13101177409698664,0.43999999999999995,0.7189488265708809,0.11334113430006072,0.7195511071155674,0.2859941234084231,0.4478021978021978,0.5469061876247505,0.19199822017872373,0.02870460218189979,0.4848449931382931,Farm Products,Consumer Defensive,TSN
2020Q2,2020,Q2,2020-05-04,2020-03-28,364000000.0,10888000000.0,501000000.0,1.0,1021000000.0,0.09377296105804556,33890000000.0,14449000000.0,7099000000.0,4406000000.0,19296000000.0,4025000000.0,14392000000.0,21268170000.0,32951170000.0,39.80440771349862,1.6112119836586474,0.3576276187665978,0.838812374558793,0.014094416114702378,39.80440771349862,0.025192054813481902,1.9533587435709037,14.607259615384617,1.4719475396221193,0.41483516483516486,2.4514285714285715,0.007099811596390286,0.3212747123045146,0.6093962778029959,0.010740631454706403,393.855,0.09377296105804556,-0.34210526315789475,0.3068159601883941,0.21432749821457012,0.7189717494658945,-0.29097222222222224,-0.3464991023339318,-0.3934624697336562,0.07648679306433315,0.20532742273656865,0.48691114680452324,Farm Products,Consumer Defensive,TSN
2020Q1,2020,Q1,2020-02-06,2019-12-28,557000000.0,10815000000.0,826000000.0,1.52,1440000000.0,0.13314840499306518,33811000000.0,14419000000.0,7193000000.0,5536000000.0,19245000000.0,4304000000.0,14178000000.0,33185460000.0,44407460000.0,39.72176308539945,1.299313583815029,0.3466031764810269,0.8127470698384076,0.024453022551391687,39.72176308539945,0.038629585962965535,3.0684660194174755,14.894730700179533,2.3015091199112283,0.26929982046678635,2.178206319702602,0.0045200518540348695,0.31986631569607527,0.4624277456647399,0.01647392860311733,57.01969072164948,0.13314840499306518,0.504950495049505,1.0161188228266782,0.11825050406576125,0.7677338389424726,0.2642669007901668,0.5094850948509485,0.3675496688741722,-0.05035794089910289,0.190827004325747,0.5264803196169213,Farm Products,Consumer Defensive,TSN
2019Q4,2019,Q4,2019-11-12,2019-09-28,369000000.0,10884000000.0,604000000.0,1.01,1139000000.0,0.10464902609334803,33097000000.0,14082000000.0,7169000000.0,5513000000.0,18871000000.0,4108000000.0,13787000000.0,30927600000.0,42375600000.0,38.79338842975206,1.3003809178305823,0.36051605885729826,0.8473228234625764,0.018534753983576357,38.79338842975206,0.0262036642522369,2.8415656008820287,20.95365853658537,2.196250532594802,0.36314363143631434,2.372200584225901,0.00433269959518359,0.32885155754297973,0.48195175040812627,0.0111490467413965,44.82260869565217,0.10464902609334803,-0.45108695652173914,2.0124871810339626,0.2046797878474366,0.7716665582091492,-0.1474550898203593,-0.4541420118343195,-0.2266325224071703,-0.045866711758364986,0.20182764136058545,0.48180407511646617,Farm Products,Consumer Defensive,TSN
2019Q3,2019,Q3,2019-08-05,2019-06-29,676000000.0,10885000000.0,781000000.0,1.84,1336000000.0,0.12273771244832338,33665000000.0,13928000000.0,7433000000.0,5597000000.0,19524000000.0,4149000000.0,13553000000.0,29308620000.0,41488620000.0,38.36914600550964,1.3280328747543326,0.3738600920837665,0.9036473291211947,0.027706669717280603,38.36914600550964,0.048535324526134405,2.692569591180524,10.838986686390532,2.104294945433659,0.19822485207100593,2.301518438177874,0.004572033756621773,0.32333283825931974,0.5106306950151867,0.020080201990197534,104.3011387900356,0.12273771244832338,0.5726495726495728,1.5068870523415976,0.08398874853964898,1.006154930075945,0.12080536912751678,0.5868544600938967,0.22992125984251968,0.46979942171527456,0.2182003926418185,0.4969884357169525,Farm Products,Consumer Defensive,TSN
2019Q2,2019,Q2,2019-05-06,2019-03-30,426000000.0,10443000000.0,635000000.0,1.17,1192000000.0,0.11414344537010437,32498000000.0,13423000000.0,6376000000.0,4614000000.0,18940000000.0,3899000000.0,13012000000.0,25272520000.000004,37286520000.0,36.87637362637363,1.3818812310359774,0.38076189303957164,0.9218505550175072,0.020046522910227994,36.87637362637363,0.03173657155628399,2.4200440486450256,14.831291079812207,1.8827773225061464,0.31690140845070425,2.372659656322134,0.005341770428908554,0.32134285186780726,0.47615951452102295,0.013108498984552895,-94.65363295880151,0.11414344537010437,-0.22000000000000006,0.8846153846153848,0.08951718675478632,0.9652884017784576,-0.12029520295202951,-0.22686025408348456,-0.21313506815365552,0.05112942612942614,0.21390942754083425,0.4613454158955131,Farm Products,Consumer Defensive,TSN
2019Q1,2019,Q1,2019-02-07,2018-12-29,551000000.0,10193000000.0,807000000.0,1.5,1355000000.0,0.1329343667222604,32335000000.0,13127000000.0,6301000000.0,7430000000.0,19076000000.0,3777000000.0,12719000000.0,19051760000.0,30643760000.0,36.06318681318681,0.8480484522207268,0.3708674810576774,0.9135369848404052,0.024872574288323065,36.06318681318681,0.04197455625809401,1.8691023251250858,8.644174228675137,1.4513415098651636,0.24319419237749546,2.3399523431294678,0.007033470923421248,0.31523117365084274,0.30847913862718707,0.017040358744394617,34.63956363636364,0.1329343667222604,0.02040816326530614,1.0322207320238816,0.08993685802840008,0.9566502312325701,0.004447739065974796,0.0260707635009311,-0.025362318840579712,0.2970191413792281,0.20859759231153463,0.45922544470485455,Farm Products,Consumer Defensive,TSN
2018Q4,2018,Q4,2018-11-13,2018-09-29,537000000.0,9999000000.0,828000000.0,1.47,1349000000.0,0.1349134913491349,29109000000.0,12803000000.0,5688000000.0,5031000000.0,16298000000.0,3513000000.0,12329000000.0,21668920000.0,31271920000.0,35.17307692307692,1.1305903398926656,0.3391734515098423,0.7711473873310942,0.02590253651868735,35.17307692307692,0.04194329454034211,2.167108710871087,10.087951582867783,1.6924876981957355,0.19925512104283055,2.462282949046399,0.004937947991870384,0.34350200968772543,0.39614390777181474,0.018447902710501906,29.846997245179065,0.1349134913491349,0.0,0.9274662119489707,0.05320385146672529,0.9342072618560281,0.032924961715160794,-0.0073937153419593345,0.032418952618453865,1.258657040633785,0.032796800572357385,0.43363588738163067,Farm Products,Consumer Defensive,TSN
2018Q3,2018,Q3,2018-08-06,2018-06-30,541000000.0,10051000000.0,802000000.0,1.47,1306000000.0,0.1299373196696846,28638000000.0,12426000000.0,6077000000.0,4112000000.0,16201000000.0,3378000000.0,11913000000.0,25130249999.999996,35120250000.0,34.04383561643836,1.4778696498054475,0.354773378029192,0.8176404313536134,0.026619263404948953,34.04383561643836,0.043537743441171735,2.5002736046164555,11.612869685767096,2.022392563978754,0.19963031423290203,2.588809946714032,0.0042976094547408005,0.3509672463160835,0.45087548638132297,0.01889098400726308,54.98960612691465,0.1299373196696846,0.7294117647058823,1.1012598338559718,0.11333823896272607,0.934246575342466,0.2803921568627451,0.7174603174603175,0.6104417670682731,0.7501098286672792,0.10738550809798368,0.42627013806326014,Farm Products,Consumer Defensive,TSN
2018Q2,2018,Q2,2018-05-07,2018-03-31,315000000.0,9773000000.0,498000000.0,0.85,1020000000.0,0.10436918039496572,28091000000.0,12136000000.0,5990000000.0,3838000000.0,15935000000.0,3328000000.0,11479000000.0,26787540000.0,36589540000.0,33.15846994535519,1.5607087024491924,0.35598590295824284,0.8239947264337508,0.016806485760495402,33.15846994535519,0.025955833882663152,2.740974112350353,21.25995238095238,2.2072791694133156,0.34285714285714286,2.630108173076923,0.004031725197610531,0.3479050229610907,0.4669098488796248,0.01121355594318465,-107.15016,0.10436918039496572,-0.8068181818181818,2.198015530629853,0.11959515200136053,0.9264219701629991,-0.2970365265334252,-0.8068669527896996,-0.4627831715210356,0.12162876784769955,0.08103848683327883,0.43196385440122914,Farm Products,Consumer Defensive,TSN
2018Q1,2018,Q1,2018-02-08,2017-12-30,1631000000.0,10229000000.0,927000000.0,4.4,1451000000.0,0.1418515983967152,28046000000.0,11955000000.0,5993000000.0,3978000000.0,16072000000.0,3213000000.0,11272000000.0,29671619999.999996,39064620000.0,32.66393442622951,1.5065359477124183,0.34536119232689155,0.8102049351735675,0.08302530353607634,32.66393442622951,0.13642827268925137,2.9007351647277346,4.5480717351318205,2.481942283563362,0.06621704475781728,2.7320261437908497,0.003639841707328417,0.36472224203094916,0.475867269984917,0.058154460529130717,35.74893975903614,0.1418515983967152,3.1121495327102804,8.144398117438959,0.18085825258883187,0.9217263376386271,0.07401924500370097,3.1395939086294415,0.36123348017621143,4.855182414628539,0.048989876792803866,0.45363996240810933,Farm Products,Consumer Defensive,TSN
2017Q4,2017,Q4,2017-11-13,2017-09-30,394000000.0,10145000000.0,681000000.0,1.07,1351000000.0,0.13316904879250863,28066000000.0,10541000000.0,6258000000.0,4032000000.0,17507000000.0,3239000000.0,9776000000.0,25784700000.0,35669700000.0,28.80054644808743,1.5520833333333333,0.3635359509727072,0.967934731050185,0.022357524236339216,28.80054644808743,0.037377857888245894,2.541616559881715,16.360850253807104,2.4461341428706955,0.20558375634517767,2.7150355047854275,0.0031413978056754584,0.36146939357229385,0.49429563492063494,0.014038338202807667,29.877983777520278,0.13316904879250863,-0.1157024793388429,1.0657214591640825,0.17521744039356268,0.7006310693730934,0.12396006655574043,-0.1185682326621924,-0.02295552367288379,2.1902197758366246,0.11368066990587887,0.3153005464480873,Farm Products,Consumer Defensive,TSN
2017Q3,2017,Q3,2017-08-07,2017-07-01,447000000.0,9850000000.0,697000000.0,1.21,1202000000.0,0.12203045685279187,28063000000.0,10117000000.0,6288000000.0,3865000000.0,17926000000.0,3248000000.0,9464000000.0,22922580000.0,33515580000.0,27.64207650273224,1.6269081500646831,0.385703595481595,1.0698823761984777,0.024167304343599604,27.64207650273224,0.044183058218839576,2.3271654822335024,12.820234899328861,2.265748739744984,0.1789709172259508,2.6625615763546797,0.0034900085417959056,0.3509959733456865,0.5021992238033636,0.015928446709190035,150.80644736842106,0.12203045685279187,0.3152173913043477,3.6763373597929245,-0.057347451005154086,0.37009781336996805,0.14804202483285578,0.31470588235294117,0.22066549912434325,0.6440731399747791,-0.02712260823137519,0.4452833546394211,Farm Products,Consumer Defensive,TSN
2017Q2,2017,Q2,2017-05-08,2017-04-01,340000000.0,9083000000.0,571000000.0,0.92,1047000000.0,0.11527028514807883,22596000000.0,9771000000.0,5017000000.0,3106000000.0,12807000000.0,2970000000.0,9098000000.0,22524150000.0,28729150000.0,26.76986301369863,1.615260785576304,0.2853602407505753,0.6599119844437622,0.023131247504502735,26.76986301369863,0.034796847814962645,2.4798139381261697,16.561875,2.305204175621738,0.2323529411764706,2.7057239057239055,0.0035073465591376365,0.40197380067268546,0.5898261429491307,0.015046910957691628,-53.75692124105012,0.11527028514807883,-0.42138364779874216,0.6497771909556033,-0.11512217428474857,0.33260069861622016,-0.2939986513823331,-0.4266441821247892,-0.4185336048879837,0.5000321564087723,-0.05496772510525739,0.42667231412346635,Farm Products,Consumer Defensive,TSN
2017Q1,2017,Q1,2017-02-06,2016-12-31,593000000.0,9182000000.0,982000000.0,1.59,1483000000.0,0.1615116532345894,22257000000.0,9550000000.0,4742000000.0,2972000000.0,12690000000.0,2767000000.0,8837000000.0,22636560000.0,28296560000.0,26.021798365122617,1.5955585464333781,0.26809543065103114,0.6248167539267016,0.04121879907605581,26.021798365122617,0.06209424083769634,2.465319102592028,9.543237774030354,2.3703204188481672,0.13322091062394603,2.7824358511022766,0.0034899295652696346,0.41254436806397987,0.6120457604306864,0.026643303230444355,24.236145610278374,0.1615116532345894,0.5142857142857143,2.0762418780129948,-0.10785630326134721,0.3368749549284583,0.36179981634527086,0.5166240409207161,0.6757679180887372,1.169248428415113,-0.026195173245809805,0.41184299801222163,Farm Products,Consumer Defensive,TSN
2016Q4,2016,Q4,2016-11-21,2016-10-01,391000000.0,9156000000.0,586000000.0,1.05,1089000000.0,0.11893840104849279,22373000000.0,9608000000.0,4888000000.0,2762000000.0,12749000000.0,2732000000.0,8348000000.0,27403890000.0,33333890000.0,26.17983651226158,1.7697320782041999,0.28065078442765834,0.6535179017485429,0.027229976492405102,26.17983651226158,0.040695253955037466,2.992998034076016,17.521668797953964,2.852195045795171,0.13810741687979539,2.9527818448023426,0.001970523162952413,0.4092432843159165,0.6846488052136134,0.017476422473517186,41.333167420814476,0.11893840104849279,-0.15999999999999998,2.2620860136520693,-0.11832175414069075,0.37447612588681084,-0.11029411764705882,-0.1921487603305785,-0.23598435462842243,0.3919529790055019,-0.04347357217828627,0.43965880514129974,Farm Products,Consumer Defensive,TSN
2016Q3,2016,Q3,2016-08-08,2016-07-02,484000000.0,9403000000.0,767000000.0,1.25,1224000000.0,0.13017122195044134,22410000000.0,9791000000.0,4881000000.0,2713000000.0,12604000000.0,2918000000.0,8010000000.0,25219640000.0,31200640000.0,25.630890052356023,1.799115370438629,0.2756804997768853,0.6309876417117761,0.03276346162602842,25.630890052356023,0.04943315289551629,2.6820844411358076,13.026673553719009,2.5757981820038807,0.1115702479338843,2.8029472241261137,0.002141188375409007,0.41958946898705934,0.6619977884260966,0.021597501115573403,41.47967105263158,0.13017122195044134,0.13636363636363627,0.9651672187199485,-0.09263784323920422,0.35462284004106925,0.034657650042265425,0.12037037037037036,0.08948863636363637,0.7962110220988665,-0.0047921560114678585,0.4562536920137899,Farm Products,Consumer Defensive,TSN
2016Q2,2016,Q2,2016-05-09,2016-04-02,432000000.0,9170000000.0,704000000.0,1.1,1183000000.0,0.12900763358778625,22511000000.0,9791000000.0,4927000000.0,2610000000.0,12704000000.0,2993000000.0,7580000000.0,26418920000.0,32513920000.0,25.234536082474225,1.8877394636015326,0.2820398916085469,0.6484526606066796,0.029394967943537523,25.234536082474225,0.044122152997650904,2.8810163576881136,15.288726851851852,2.6982861811868046,0.125,2.6685599732709657,0.00204398968617945,0.407356403536049,0.6693486590038314,0.019190617920127936,-168.27337579617836,0.12900763358778625,-0.043478260869565064,1.1357712507294304,-0.09895296391752581,0.36245946276414215,-0.01498751040799334,-0.06290672451193059,-0.09278350515463918,3.1371676614215955,-0.009049854097812591,0.46606175726027005,Farm Products,Consumer Defensive,TSN
2016Q1,2016,Q1,2016-02-05,2016-01-02,461000000.0,9152000000.0,776000000.0,1.15,1201000000.0,0.13122814685314685,23290000000.0,9762000000.0,5677000000.0,3668000000.0,13513000000.0,2818000000.0,7203000000.0,21065350000.0,26583350000.0,24.71392405063291,1.547709923664122,0.2878917990553886,0.6868469575906576,0.03051182378376092,24.71392405063291,0.047223929522638805,2.3017209353146852,11.423725596529284,2.1578928498258554,0.11713665943600868,2.821504613200852,0.0025634513549501908,0.39295835122370115,0.7363685932388222,0.01979390296264491,23.225303197353913,0.13122814685314685,0.769230769230769,0.19058703593577436,-0.0750407673063657,0.37980402413083664,0.21805273833671399,0.7868217054263565,0.4109090909090909,1.3948928074925,-0.021040801014827786,0.45400116638625854,Farm Products,Consumer Defensive,TSN
2015Q4,2015,Q4,2015-11-23,2015-10-03,258000000.0,10506000000.0,550000000.0,0.65,986000000.0,0.09385113268608414,23004000000.0,9691000000.0,5381000000.0,3535000000.0,13298000000.0,2878000000.0,6813000000.0,17534050000.0,23571050000.0,24.534177215189874,1.5222065063649222,0.29234046252825596,0.6939428335569084,0.017891772673378752,24.534177215189874,0.026622639562480652,1.6689558347610889,16.990358527131782,1.8093127644205964,0.1434108527131783,3.307852675469076,0.002110179907095052,0.45670318205529475,0.6528995756718529,0.011215440792905582,25.785367647058823,0.09385113268608414,-0.21686746987951802,-0.06778391870208593,0.0866322241293959,0.4437456200963457,0.0,-0.2478134110787172,-0.023090586145648313,0.2533698255217244,0.12768437427717486,0.4487080690938798,Farm Products,Consumer Defensive,TSN
2015Q3,2015,Q3,2015-08-03,2015-06-27,343000000.0,10071000000.0,563000000.0,0.83,986000000.0,0.09790487538476815,23443000000.0,9667000000.0,5589000000.0,4028000000.0,13760000000.0,3082000000.0,6591000000.0,17658000000.0,24421000000.0,23.869135802469135,1.387537239324727,0.30857825363647995,0.7483190234819489,0.0221220146668345,23.869135802469135,0.03548153511947864,1.7533512064343164,12.870262390670556,1.8266266680459295,0.10204081632653061,2.9477611940298507,0.0019821044285876087,0.4295951883291388,0.522343594836147,0.014631233203941475,26.63348416289593,0.09790487538476815,0.10666666666666662,0.03815213062524888,0.016330554808640374,0.4736428277722619,-0.003033367037411527,0.1064516129032258,0.029250457038391225,2.242787524366471,-0.12900818488204144,0.18308951090419323,Farm Products,Consumer Defensive,TSN
2015Q2,2015,Q2,2015-05-04,2015-03-28,310000000.0,9979000000.0,547000000.0,0.75,989000000.0,0.09910812706684037,23526000000.0,9355000000.0,5668000000.0,4051000000.0,14156000000.0,3262000000.0,6285000000.0,15416639999.999998,22867640000.0,23.155940594059405,1.3991607010614664,0.32619229788319304,0.8203099946552646,0.020682900330662335,23.155940594059405,0.03313735970069481,1.5449083074456356,12.432774193548386,1.6479572421165152,0.12258064516129032,2.7559779276517475,0.0024648691284222765,0.4241690045056533,0.45791162675882496,0.013176910652044547,-74.11846153846153,0.09910812706684037,0.013513513513513526,0.4622641509433962,0.08216454598033543,0.49504581291284894,0.034518828451882845,0.003236245954692557,0.07465618860510806,0.35900035786711215,-0.12168050985069478,0.15270005666330252,Farm Products,Consumer Defensive,TSN
2015Q1,2015,Q1,2015-01-30,2014-12-27,309000000.0,10817000000.0,509000000.0,0.74,956000000.0,0.08837940279190164,23758000000.0,9123000000.0,5938000000.0,3954000000.0,14621000000.0,3192000000.0,6011000000.0,16313080000.0,23459080000.0,22.470443349753694,1.501770359129995,0.31681959760922634,0.8250575468595857,0.021785923854889373,22.470443349753694,0.03387043735613285,1.5080965147453083,13.198284789644013,1.7881267127041545,0.11974110032362459,3.0892857142857144,0.0022681185894999597,0.45529926761511913,0.5457764289327264,0.013006145298425793,28.077590361445782,0.08837940279190164,1.2424242424242422,0.441302339901478,0.21669716869415445,0.498689045779302,0.34269662921348315,1.2554744525547445,0.6633986928104575,0.448986358469117,-0.04995454779342407,0.15442339990950482,Farm Products,Consumer Defensive,TSN
2014Q4,2014,Q4,2014-11-17,2014-09-27,137000000.0,10105000000.0,306000000.0,0.33,712000000.0,0.07046016823354775,23956000000.0,8890000000.0,6221000000.0,3797000000.0,15052000000.0,3274000000.0,5748000000.0,15322440000.0,23062440000.0,21.896551724137932,1.6383987358440875,0.3413758557355151,0.919910011248594,0.011184619320881613,21.896551724137932,0.015410573678290214,1.5163226125680356,27.960656934306574,1.7235590551181101,0.20437956204379562,2.8689676237018937,0.0018273851945251537,0.4218149941559526,0.5588622596786937,0.005718817832693271,34.823727272727275,0.07046016823354775,-0.547945205479452,1.2247117414605098,0.04538622902101969,0.5245071627789047,0.11773940345368916,-0.47307692307692306,-0.1282051282051282,0.03318775074907307,-0.12040917648879375,0.1495979957696598,Farm Products,Consumer Defensive,TSN
2014Q3,2014,Q3,2014-08-07,2014-06-28,260000000.0,9682000000.0,351000000.0,0.73,637000000.0,0.06579219169593059,12055000000.0,6694000000.0,5513000000.0,2612000000.0,5345000000.0,3061000000.0,5640000000.0,13104000000.0,14342000000.0,19.125714285714285,2.110643185298622,0.15138946495230196,0.2726322079474156,0.03429071260067629,19.125714285714285,0.03884075291305647,1.3534393720305722,12.6,1.957573946818046,0.1,2.9549166938908855,0.0019841269841269845,0.8031522189962671,0.8464777947932619,0.021567814184985483,97.7910447761194,0.06579219169593059,0.21666666666666667,0.6742004264392325,0.2540052322339924,0.1995775107550808,-0.021505376344086023,0.22065727699530516,-0.027700831024930747,0.15218658892128284,0.01970517417589083,0.010816610371547653,Farm Products,Consumer Defensive,TSN
2014Q2,2014,Q2,2014-05-05,2014-03-29,213000000.0,9032000000.0,361000000.0,0.6,651000000.0,0.0720770593445527,11886000000.0,6436000000.0,5184000000.0,2505000000.0,5422000000.0,2968000000.0,5407000000.0,14800450000.0,16302450000.0,18.76384839650146,2.0694610778443114,0.16321723035503954,0.3014294592914854,0.026542110260568526,18.76384839650146,0.03309509011808577,1.6386680690876883,17.371420187793426,2.299634866376631,0.11737089201877934,2.8237870619946093,0.0016891378302686744,0.7598855796735655,0.792814371257485,0.017920242301867742,-59.439558232931724,0.0720770593445527,-0.16666666666666666,2.8092341332137254,0.26505557941312846,0.22716297520827577,-0.049635036496350364,-0.16141732283464566,-0.12378640776699029,0.1912096374938116,0.003921282798833814,0.013095018752512877,Farm Products,Consumer Defensive,TSN
2014Q1,2014,Q1,2014-01-31,2013-12-28,254000000.0,8761000000.0,412000000.0,0.72,685000000.0,0.07818742152722293,11844000000.0,6285000000.0,5230000000.0,2606000000.0,5528000000.0,2778000000.0,5219000000.0,11413270000.0,12530270000.0,18.43108504398827,2.0069071373752876,0.16396487673083418,0.30898965791567223,0.03295015679443061,18.43108504398827,0.04041368337311058,1.3027359890423467,11.233533464566928,1.8159538583929993,0.0984251968503937,2.9071274298056156,0.002190432715602102,0.7396994258696387,0.8910207214121258,0.02144545761567038,51.643755656108596,0.07818742152722293,-0.027027027027027053,3.0151340594888985,0.19378943103287774,0.1649183913909982,0.02391629297458894,-0.02681992337164751,-0.009615384615384616,-0.24013462181896908,0.025658957567542058,0.029026603006874905,Farm Products,Consumer Defensive,TSN
2013Q4,2013,Q4,2013-11-18,2013-09-28,261000000.0,8894000000.0,416000000.0,0.74,669000000.0,0.07521924893186417,12177000000.0,6201000000.0,5604000000.0,3010000000.0,5944000000.0,2817000000.0,4999000000.0,9752600000.0,11015600000.0,18.18475073313783,1.8617940199335548,0.19774985628644165,0.3883244637961619,0.03267695747391687,18.18475073313783,0.0420899854862119,1.0965369912300427,9.341570881226055,1.5727463312368974,0.06513409961685823,2.9197728079517216,0.0017431249102803352,0.730393364539706,0.8777408637873754,0.021433850702143386,23.844987775061124,0.07521924893186417,0.08823529411764697,3.831561583577712,0.09746976328230726,0.09891892144809768,-0.01906158357771261,0.04819277108433735,-0.007159904534606206,0.09239601833877155,0.0655774595931789,0.0701053470526326,Farm Products,Consumer Defensive,TSN
2013Q3,2013,Q3,2013-08-05,2013-06-29,249000000.0,8731000000.0,419000000.0,0.68,682000000.0,0.07811247279807582,12102000000.0,6213000000.0,5527000000.0,2938000000.0,5855000000.0,2901000000.0,4754000000.0,9065040000.0,10529040000.0,17.60056657223796,1.881211708645337,0.19889274500082632,0.3874134878480605,0.031437309789978,17.60056657223796,0.04007725736359247,1.038259076852594,9.10144578313253,1.4590439401255433,0.06827309236947791,2.7745604963805586,0.0018753364574232434,0.721450999834738,0.815861130020422,0.02057511155180962,22.27282555282555,0.07811247279807582,1.6153846153846154,20.945231350330502,0.011160621037292902,0.0320751079008647,0.6715686274509803,1.6210526315789473,1.4080459770114941,-0.13533765877730053,0.010896498876072417,0.08663124247772949,Farm Products,Consumer Defensive,TSN
2013Q2,2013,Q2,2013-05-06,2013-03-30,95000000.0,8419000000.0,174000000.0,0.26,408000000.0,0.04846181256681316,11789000000.0,6076000000.0,5299000000.0,2732000000.0,5675000000.0,2921000000.0,4522000000.0,8761460000.0,10415460000.0,17.21246458923513,1.9396046852122988,0.20493680549664942,0.3976300197498354,0.01365991521431936,17.21246458923513,0.015635286372613563,1.040677040028507,23.056473684210527,1.4419782751810402,0.17894736842105263,2.7425539198904483,0.0019403158834258216,0.7141403002799219,0.801610541727672,0.008058359487657986,-94.20924731182795,0.04846181256681316,-0.4583333333333333,19.8385269121813,0.26246981623248317,0.2672197320640082,-0.24022346368715083,-0.4508670520231214,-0.42,-0.48714522422363576,0.04489691760453639,0.11130977424637638,Farm Products,Consumer Defensive,TSN
2013Q1,2013,Q1,2013-02-01,2012-12-29,173000000.0,8402000000.0,300000000.0,0.48,537000000.0,0.06391335396334206,11874000000.0,6034000000.0,5387000000.0,2846000000.0,5816000000.0,2932000000.0,4444000000.0,6808900000.0,8283900000.0,16.99718309859155,1.8928320449754041,0.2043119420582786,0.4020550215445807,0.022566086395873628,16.99718309859155,0.02867086509777925,0.8103903832420852,9.839450867052022,1.1284222737819025,0.3063583815028902,2.682469304229195,0.007783929856511331,0.707596429172983,0.8137737174982431,0.014569647970355398,206.33030303030304,0.06391335396334206,-0.058823529411764754,2.998922949461475,-0.024052324588976326,-0.002059325650874919,-0.05789473684210526,-0.06486486486486487,-0.0963855421686747,-0.07713028169014073,0.08082660241782283,0.13364439332450784,Farm Products,Consumer Defensive,TSN
2012Q4,2012,Q4,2012-11-19,2012-09-29,185000000.0,8373000000.0,332000000.0,0.51,570000000.0,0.0680759584378359,11896000000.0,6012000000.0,5403000000.0,2830000000.0,5854000000.0,2809000000.0,4327000000.0,5687100000.0,7048100000.0,16.935211267605634,1.9091872791519435,0.20443846671149965,0.4045242847638057,0.023642964947097236,16.935211267605634,0.030771789753825683,0.6792189179505553,7.68527027027027,0.9459580838323353,0.07027027027027027,2.7778568885724457,0.002285875050553006,0.7038500336247479,0.8653710247349823,0.015551445864156018,18.46461038961039,0.0680759584378359,1.4285714285714288,3.543573943661972,-0.04395315668528094,-0.0012843069833075526,0.014234875444839857,1.4342105263157894,-0.011904761904761904,1.3470360625290203,-0.009352315724120158,0.17908295360397686,Farm Products,Consumer Defensive,TSN
2012Q3,2012,Q3,2012-08-06,2012-06-30,76000000.0,8308000000.0,336000000.0,0.21,562000000.0,0.06764564275397207,11461000000.0,5871000000.0,5005000000.0,2221000000.0,5556000000.0,2672000000.0,4155000000.0,5479529999.999999,7115529999.999999,20.175257731958762,2.2534894191805495,0.2149899659715557,0.41969000170328735,0.023355328934213156,20.175257731958762,0.012944983818770227,0.6595486278285988,18.024769736842103,0.9333214103219213,0.19736842105263158,2.8989520958083834,0.002737461059616427,0.724893115783963,0.9806393516434039,0.006631184015356426,69.36113924050632,0.06764564275397207,-0.5227272727272727,-0.34354973530231253,0.1447832799447644,0.2019852460423862,0.05046728971962617,-0.5421686746987951,0.11258278145695365,-0.4113966251218136,0.2942131657108431,0.2654055732194281,Farm Products,Consumer Defensive,TSN
2012Q2,2012,Q2,2012-05-07,2012-03-31,166000000.0,8268000000.0,302000000.0,0.44,535000000.0,0.06470730527334301,11170000000.0,5906000000.0,4750000000.0,2170000000.0,5235000000.0,2622000000.0,4094000000.0,5630100000.0,7127100000.0,20.08843537414966,2.1889400921658986,0.19874664279319607,0.37588892651540806,0.024005186790539278,20.08843537414966,0.028107009820521504,0.6809506531204644,8.479066265060242,0.953284795123603,0.08433734939759036,2.949275362318841,0.002486634340420241,0.7401969561324978,0.9105990783410138,0.01486123545210385,-122.39347826086957,0.06470730527334301,0.047619047619047665,1.2502000800320128,0.1723094406198104,0.18941795638946,0.08519269776876268,0.0641025641025641,0.08633093525179857,2.645015698587127,0.35105470759732477,0.31379147817123826,Farm Products,Consumer Defensive,TSN
2012Q1,2012,Q1,2012-02-03,2011-12-31,156000000.0,8329000000.0,278000000.0,0.42,493000000.0,0.0591907792051867,11227000000.0,5781000000.0,4858000000.0,2374000000.0,5418000000.0,2598000000.0,3943000000.0,6130080000.0,7488080000.0,19.464646464646464,2.046335299073294,0.1972922419168077,0.3831517038574641,0.022319801876246766,19.464646464646464,0.026984950700570835,0.7359923160043222,9.823846153846153,1.0603840166061236,0.09615384615384616,3.016166281755196,0.002446950121368726,0.7418722722009442,0.9005897219882055,0.013895074374276298,39.29538461538461,0.0591907792051867,0.6153846153846153,1.432748538011696,0.12893497339974935,0.1391413581615311,0.2608695652173913,0.6082474226804123,0.6162790697674418,2.4209956709956715,0.30306128297233964,0.2302436125965537,Farm Products,Consumer Defensive,TSN
2011Q4,2011,Q4,2011-11-21,2011-10-01,97000000.0,8404000000.0,172000000.0,0.26,391000000.0,0.04652546406473108,11071000000.0,5657000000.0,4780000000.0,2374000000.0,5386000000.0,2587000000.0,3801000000.0,5155920000.0,6621920000.0,19.04713804713805,2.013479359730413,0.19709150031614128,0.3857168110305816,0.016675596377088913,19.04713804713805,0.01714689764893053,0.6135078534031414,13.288453608247421,0.9114230157327204,0.14432989690721648,3.0974101275608814,0.0027153252959704575,0.7591003522717008,0.8580454928390902,0.008761629482431577,27.72,0.04652546406473108,-0.49019607843137253,2.5396825396825395,0.1544154260890469,0.13253253253253272,-0.263653483992467,-0.5051020408163265,-0.44871794871794873,1.0616582491582491,0.19063710287151484,0.15103367137671087,Farm Products,Consumer Defensive,TSN
2011Q3,2011,Q3,2011-08-08,2011-07-02,196000000.0,8247000000.0,312000000.0,0.51,531000000.0,0.06438704983630411,11488000000.0,5752000000.0,5172000000.0,2761000000.0,5705000000.0,2711000000.0,3719000000.0,5937120000.0,7412120000.0,18.92105263157895,1.8732343353857297,0.2137883008356546,0.42698191933240615,0.027171858670758012,18.92105263157895,0.034075104311543813,0.7199126955256457,7.572857142857143,1.032183588317107,0.07653061224489796,2.846182220582811,0.002526477484032662,0.7178795264623955,0.8384643245201014,0.017061281337047353,21.053617021276597,0.06438704983630411,0.21428571428571436,4.087297570850203,0.05827104479827163,0.04464348231999066,-0.00375234521575985,0.23270440251572327,0.0297029702970297,19.058479532163744,0.10905549023676137,0.1095067511711217,Farm Products,Consumer Defensive,TSN
2011Q2,2011,Q2,2011-05-09,2011-04-02,159000000.0,8000000000.0,303000000.0,0.42,533000000.0,0.066625,11226000000.0,5649000000.0,4937000000.0,2479000000.0,5473000000.0,2730000000.0,3538000000.0,5892600000.0,7593600000.0,18.521311475409835,1.991528842275111,0.22225191519686444,0.44167109222871304,0.02408310168013108,18.521311475409835,0.028146574614976102,0.736575,9.265094339622642,1.0431226765799257,0.09433962264150944,2.735164835164835,0.002545565624681804,0.7126313914127917,0.826946349334409,0.014163548904329236,-21.196402877697842,0.066625,-0.46153846153846156,2.4202659093842778,0.4518332804456206,0.4001253595131752,-0.28360215053763443,-0.4664429530201342,-0.39156626506024095,37.49180327868852,0.388434341931709,0.36357993613660955,Farm Products,Consumer Defensive,TSN
2011Q1,2011,Q1,2011-02-04,2011-01-01,298000000.0,7615000000.0,498000000.0,0.78,744000000.0,0.09770190413657255,11190000000.0,5445000000.0,4953000000.0,2645000000.0,5643000000.0,2489000000.0,3395000000.0,5234880000.0,6660880000.0,17.911184210526315,1.8725897920604915,0.22770330652368187,0.4679522497704316,0.041162983903049996,17.911184210526315,0.05472910927456382,0.6874432042022325,4.391677852348993,0.9614104683195592,0.050335570469798654,2.7605464041783847,0.0028653951953053368,0.6805183199285076,0.8703213610586011,0.026630920464700624,24.576901408450706,0.09770190413657255,0.3928571428571428,5.107793522267207,-0.05686548937419472,-0.07611594923415532,0.11210762331838565,0.39906103286384975,0.18571428571428572,7.043924148606811,0.03292439364002673,0.05160361842105264,Farm Products,Consumer Defensive,TSN
2010Q4,2010,Q4,2010-11-22,2010-10-02,213000000.0,7441000000.0,420000000.0,0.56,669000000.0,0.08990727052815482,10752000000.0,5166000000.0,4618000000.0,2545000000.0,5487000000.0,2274000000.0,3113000000.0,4943040000.0,6501040000.0,16.99342105263158,1.8145383104125736,0.23586309523809523,0.4909020518776616,0.035116125199276774,16.99342105263158,0.04123112659698026,0.6642978094342158,5.8016901408450705,0.9568408826945414,0.07042253521126761,2.9780123131046614,0.003034569819382404,0.6920572916666666,0.8550098231827112,0.019810267857142856,27.76988764044944,0.08990727052815482,-0.1384615384615384,0.7373455961331903,-0.08423331712653456,-0.11233849617595143,-0.11037234042553191,-0.14112903225806453,-0.17159763313609466,5.1088610197368425,-0.007834424248912189,0.0021484831291926575,Farm Products,Consumer Defensive,TSN
2010Q3,2010,Q3,2010-08-09,2010-07-03,248000000.0,7438000000.0,507000000.0,0.65,752000000.0,0.10110244689432643,10467000000.0,4924000000.0,4364000000.0,2162000000.0,5448000000.0,2132000000.0,2916000000.0,4994720000.0,6742720000.0,16.19736842105263,2.0185013876040703,0.2466800420368778,0.5243704305442729,0.0413825901304273,16.19736842105263,0.050365556458164096,0.6715138478085507,5.035,1.014362307067425,0.056451612903225805,3.1360225140712945,0.0028029599256815196,0.7106143116461259,0.954209065679926,0.0236935129454476,10.649722814498935,0.10110244689432643,0.5476190476190478,0.5132583366813982,-0.11366926372281327,-0.13075076715640693,0.3333333333333333,0.559748427672956,0.4738372093023256,1.05049786628734,-0.01892463805388726,-0.0350062375670118,Farm Products,Consumer Defensive,TSN
2010Q2,2010,Q2,2010-05-10,2010-04-03,159000000.0,6916000000.0,344000000.0,0.42,564000000.0,0.08155002891844997,10411000000.0,4693000000.0,4229000000.0,1917000000.0,5688000000.0,2112000000.0,2685000000.0,5908500000.0,8075500000.0,15.488448844884488,2.2060511215440792,0.28613965997502644,0.6347751971020669,0.028091510986594976,15.488448844884488,0.03388024717664607,0.8543233082706767,9.290094339622641,1.2590027700831026,0.09433962264150944,3.007575757575758,0.002538715410002539,0.6642973777735088,1.010432968179447,0.01527230813562578,-29.5425,0.08155002891844997,0.0,0.6709223553934341,-0.13136185453739588,-0.14890903259263266,0.0661625708884688,-0.00625,0.09554140127388536,1.0912929528246944,-0.04851601911460183,-0.08294305506582994,Farm Products,Consumer Defensive,TSN
2010Q1,2010,Q1,2010-02-05,2010-01-02,160000000.0,6635000000.0,314000000.0,0.42,529000000.0,0.0797287113790505,10851000000.0,4543000000.0,4626000000.0,2195000000.0,6278000000.0,1942000000.0,2542000000.0,3717810000.0,5769810000.0,14.993399339933994,2.10751708428246,0.31480969495898997,0.7519260400616333,0.026580078836239116,14.993399339933994,0.035219018269865725,0.5603330821401658,5.809078125,0.8183601144618093,0.09375,3.144181256436663,0.004034633292180074,0.6114643811630265,1.1006833712984054,0.014745184775596719,8.546689655172413,0.0797287113790505,1.3464774789638674,1.662266226622662,-0.1786669367494717,-0.16434761854812838,0.14502164502164502,1.3516483516483517,0.31932773109243695,1.4457182560361295,-0.11848275403935639,-0.12253216011026942,Farm Products,Consumer Defensive,TSN
2009Q4,2009,Q4,2009-11-23,2009-10-03,-455000000.0,7214000000.0,238000000.0,-1.2122,462000000.0,0.06404214028278347,10595000000.0,4352000000.0,4375000000.0,1993000000.0,6145000000.0,2009000000.0,2409000000.0,3732960000.0,6280960000.0,14.363036303630363,2.195183140993477,0.3352524775837659,0.8161764705882353,0.03398705255140899,14.363036303630363,-0.10454963235294118,0.5174604934848905,-2.051076923076923,0.8577573529411765,-0.035164835164835165,3.3608760577401693,0.004286142900004286,0.6808872109485606,1.0556949322629203,-0.04294478527607362,16.891221719457015,0.06404214028278347,-4.4634285714285715,-6.506050605060507,-0.1940583903123842,-0.19015498940387987,-0.01702127659574468,-4.395522388059701,-0.13768115942028986,-6.079207920792079,-0.028671712790194225,-0.1459816251895459,Farm Products,Consumer Defensive,TSN
2009Q3,2009,Q3,2009-08-03,2009-06-27,134000000.0,6662000000.0,276000000.0,0.35,470000000.0,0.07054938456919845,10887000000.0,4815000000.0,4311000000.0,1903000000.0,6072000000.0,2079000000.0,2879000000.0,3880700000.0,6553700000.0,15.943708609271523,2.2653704676826063,0.3231376871498117,0.7306334371754932,0.021292280262639074,15.943708609271523,0.02782969885773624,0.5825127589312519,7.240111940298507,0.8059605399792316,0.1044776119402985,2.9783549783549783,0.0036075965676295517,0.611922476347938,1.0357330530740936,0.01230825755488197,20.53280423280423,0.07054938456919845,2.206896551724138,-0.04919583727530751,0.14720574523775756,0.2924293867948015,0.857707509881423,2.2884615384615383,8.517241379310345,3.1246816097809478,-0.13945776913635463,-0.11973759563002019,Farm Products,Consumer Defensive,TSN
2009Q2,2009,Q2,2009-05-04,2009-03-28,-104000000.0,6307000000.0,29000000.0,-0.29,253000000.0,0.04011415887109561,10937000000.0,4633000000.0,4360000000.0,2010000000.0,6304000000.0,2064000000.0,2760000000.0,2981520000.0,5916520000.0,15.290429042904291,2.1691542288557213,0.3430556825454878,0.8098424347075329,0.007238840121479386,15.290429042904291,-0.022447658104899633,0.47273188520691295,-7.167115384615385,0.6435398230088495,-0.14423076923076922,2.933139534883721,0.005030990903968446,0.5766663618908293,0.945273631840796,-0.009509006125994332,15.859148936170213,0.04011415887109561,0.03333333333333337,-1.9950911057492304,0.16711159170524562,0.2729724951259606,13.055555555555555,0.07142857142857142,1.1464646464646464,0.06488916608196259,0.15214410578795837,0.15588561259446904,Farm Products,Consumer Defensive,TSN
2009Q1,2009,Q1,2009-02-02,2008-12-27,-112000000.0,6521000000.0,-198000000.0,-0.3,18000000.0,0.002760312835454685,10484000000.0,4794000000.0,3897000000.0,1858000000.0,5690000000.0,2233000000.0,2879000000.0,2484600000.0,5332600000.0,15.821782178217822,2.097416576964478,0.2874856924837848,0.6287025448477264,-0.011065573770491803,15.821782178217822,-0.023362536503963287,0.381015181720595,-5.5459821428571425,0.5182728410513141,-0.13392857142857142,2.9122257053291536,0.006037189084762136,0.6219954215948111,0.6846071044133477,-0.0106829454406715,42.11186440677966,0.002760312835454685,-3.3076923076923075,-3.237276359214869,0.1414144489006932,0.36020803675184365,-0.9495798319327731,-3.3333333333333335,-2.4347826086956523,-3.303122619954303,-0.1896943180528155,-0.1838902421339566,Farm Products,Consumer Defensive,TSN
2008Q4,2008,Q4,2008-11-20,2008-09-27,48000000.0,7201000000.0,138000000.0,0.13,357000000.0,0.04957644771559506,10850000000.0,5014000000.0,4361000000.0,2103000000.0,5836000000.0,2538000000.0,3006000000.0,3845070000.0,6491070000.0,16.54785478547855,2.073704232049453,0.26691244239631334,0.5775827682489031,0.008821148027670849,16.54785478547855,0.009573195053849222,0.5339633384252187,20.026406249999997,0.7668667730355005,0.2916666666666667,2.6966115051221435,0.0036410260411383925,0.6636866359447005,0.7232524964336662,0.004423963133640553,24.335886075949368,0.04957644771559506,3.3333333333333335,-0.6282077187310567,0.24758953375556658,0.44385682877847726,0.3783783783783784,4.333333333333333,2.066666666666667,-0.6071933723984644,-0.11084535705302635,-0.13561291640771975,Farm Products,Consumer Defensive,TSN
2008Q3,2008,Q3,2008-08-01,2008-06-28,9000000.0,6849000000.0,45000000.0,0.03,259000000.0,0.03781573952401811,10648000000.0,4775000000.0,4135000000.0,2330000000.0,5873000000.0,2473000000.0,2972000000.0,4099200000.0,7122200000.0,17.053571428571427,1.7746781115879828,0.28906836964688204,0.6446073298429319,0.008595441232649943,17.053571428571427,0.0018848167539267015,0.5985107314936488,113.86666666666669,0.8584712041884818,1.5555555555555556,2.6647796198948646,0.0034153005464480873,0.6432193839218633,0.5609442060085837,0.0008452291510142749,-17.900436681222708,0.03781573952401811,2.5,-0.859629294755877,0.3331668923493567,0.5381652661064424,-0.15359477124183007,2.8,-0.3918918918918919,-0.9403762268266085,-0.11390077945310499,-0.08480170999495205,Farm Products,Consumer Defensive,TSN
2008Q2,2008,Q2,2008-05-02,2008-03-29,-5000000.0,6612000000.0,74000000.0,-0.02,306000000.0,0.04627949183303085,10367000000.0,4754000000.0,3779000000.0,2109000000.0,5613000000.0,2439000000.0,2977000000.0,5645500000.0,8546500000.0,13.582857142857144,1.7918444760550023,0.2849426063470628,0.621371476651241,0.006000259470679813,13.582857142857144,-0.001051745898190997,0.8538263762855415,-282.275,1.1875262936474547,-2.8,2.5854858548585486,0.0024798512089274647,0.6377929970097425,0.5343764817449028,-0.0004822996045143243,-37.141447368421055,0.04627949183303085,-1.2,-1.0686507936507936,0.11829500183306851,0.25726821065504857,0.003278688524590164,-1.1470588235294117,-0.17777777777777778,-1.0454887218045112,-0.28106216161570785,-0.2536213831581679,Farm Products,Consumer Defensive,TSN
2008Q1,2008,Q1,2008-02-01,2007-12-29,34000000.0,6766000000.0,90000000.0,0.1,305000000.0,0.04507833284067396,10250000000.0,4752000000.0,3641000000.0,2127000000.0,5498000000.0,2250000000.0,2996000000.0,4296600000.0,6947600000.0,17.032258064516128,1.7118006582040433,0.264,0.5694444444444444,0.007890339748746828,17.032258064516128,0.007154882154882155,0.6350280815843925,31.59264705882353,0.9041666666666668,0.4117647058823529,2.8715555555555556,0.0032583903551645487,0.6600975609756098,0.5825105782792666,0.0033170731707317072,49.96046511627907,0.04507833284067396,0.11111111111111122,0.08427534233985845,0.4503724460357878,0.607341188030214,-0.0032679738562091504,0.0625,-0.11764705882352941,-0.3856033452807647,-0.09040346468100806,-0.05071247083995785,Farm Products,Consumer Defensive,TSN
2007Q4,2007,Q4,2007-11-21,2007-09-29,32000000.0,6883000000.0,102000000.0,0.09,306000000.0,0.044457358709864885,10227000000.0,4731000000.0,3596000000.0,2115000000.0,5496000000.0,2238000000.0,2993000000.0,4980150000.0,7717150000.0,16.956989247311828,1.7002364066193854,0.27173169062286107,0.5874022405411118,0.007761080464143047,16.956989247311828,0.006763897696047347,0.723543513003051,38.907421875000004,1.0526632847178188,0.4375,2.9387846291331545,0.0028111603064164734,0.6730223917082233,0.608983451536643,0.003128972328150973,19.7625,0.044457358709864885,-0.7096774193548387,-0.5261990100699778,0.4859533172942022,0.6067928096169317,-0.28337236533957844,-0.7117117117117117,-0.5119617224880383,-0.5794504181600956,-0.164890094160599,-0.043897623986611796,Farm Products,Consumer Defensive,TSN
2007Q3,2007,Q3,2007-08-08,2007-06-30,111000000.0,6958000000.0,209000000.0,0.31,427000000.0,0.0613682092555332,10316000000.0,4683000000.0,3652000000.0,1949000000.0,5633000000.0,2201000000.0,2975000000.0,6428160000.0,9357160000.0,16.78494623655914,1.8737814263724988,0.2885808452888717,0.6357036087977792,0.018811118498937778,16.78494623655914,0.02370275464445868,0.9238516815176775,14.477837837837837,1.3726585522101216,0.12612612612612611,2.967287596547024,0.0021779171644763042,0.6744862349747964,0.6947152385838892,0.010759984490112447,-59.52,0.0613682092555332,0.631578947368421,0.29394030750678324,0.47048385274902255,0.6171542885721432,0.1763085399449036,0.6323529411764706,0.3227848101265823,-0.1474654377880185,0.2969518382007319,0.36062181663837006,Farm Products,Consumer Defensive,TSN
2007Q2,2007,Q2,2007-05-09,2007-03-31,68000000.0,6501000000.0,158000000.0,0.19,363000000.0,0.05583756345177665,10194000000.0,4577000000.0,3438000000.0,1992000000.0,5617000000.0,2140000000.0,2878000000.0,5260110000.0,8168110000.0,16.88929889298893,1.7259036144578312,0.28860113792426917,0.6427791129560848,0.01335433102184746,16.88929889298893,0.014856893161459472,0.8091232118135672,19.338639705882354,1.1492484159930085,0.20588235294117646,2.8682242990654205,0.0026615412985659995,0.6377280753384343,0.607429718875502,0.006670590543456935,-159.39727272727274,0.05583756345177665,0.1875,0.3434005109281862,0.42972214445556023,0.6673690822014604,0.0771513353115727,0.19298245614035087,0.0896551724137931,-0.27253558249868215,0.34506432826395567,0.40608304007750506,Farm Products,Consumer Defensive,TSN
2007Q1,2007,Q1,2007-02-08,2006-12-30,57000000.0,6558000000.0,145000000.0,0.16,337000000.0,0.051387618176273256,10197000000.0,4511000000.0,3365000000.0,2018000000.0,5686000000.0,2046000000.0,2824000000.0,,,,,,,,,,,,,,,,,,,,,,,,,,,,,,,Farm Products,Consumer Defensive,TSN
