Quarters,Year,Quarter,FillingDate,Date,NetIncome,Revenue,OperatingIncome,EPSDiluted,GrossProfit,GrossProfitRatio,TotalAssets,CommonStockEquity,CurrentAssets,CurrentLiability,TotalLiability,Inventory,RetainedEarnings,MarketCap,EnterpriseValue,bookValuePerShare,currentRatio,debtToAssets,debtToEquity,roic,shareholdersEquityPerShare,roe,priceToSalesRatio,peRatio,pbRatio,payoutRatio,inventoryTurnover,dividendYield,assetTurnover,quickRatio,returnOnAssets,priceToFreeCashFlowsRatio,grossProfitMargin,epsdilutedGrowth,fiveYNetIncomeGrowthPerShare,fiveYRevenueGrowthPerShare,fiveYShareholdersEquityGrowthPerShare,grossProfitGrowth,netIncomeGrowth,operatingIncomeGrowth,threeYNetIncomeGrowthPerShare,threeYRevenueGrowthPerShare,threeYShareholdersEquityGrowthPerShare,Industry,Sector,Symbol
2023Q1,2023,Q1,2023-03-31,2023-03-31,12304000.0,152614000.0,15295000.0,3.48,152614000.0,1.0,12781893000.0,2306231000.0,9564798000.0,0.0,8539000.0,0.0,2639693000.0,882166320.0,580330320.0,634.2769526952695,0.0,0.0,0.0,0.0053351117039013,634.2769526952695,0.0053351117039013,5.780376112283276,17.924380689206764,0.38251429280067784,0.0,0.0,0.0,0.011939858986458421,0.0,0.0009626117195629787,19.17086057023644,1.0,0.392,-0.5421767441860466,0.39989726467188896,0.2614549255537183,-0.0641082247896583,-0.010455203474344539,-0.9348200359672374,6.967022308438409,1.9075979271452521,0.1358069380707399,Insurance—Life,Financial Services,NWLI
2022Q4,2022,Q4,2023-03-15,2022-12-31,12434000.0,163068000.0,234658000.0,2.5,163068000.0,1.0,13100227000.0,2007211000.0,7906903000.0,18444000.0,11093016000.0,0.0,2381856000.0,1021716000.0,726446000.0,552.0382288228823,428.6978421166775,0.0,0.0,0.09808554191734846,552.0382288228823,0.006194665134856276,6.265582456398557,20.542785909602703,0.5090227185881305,0.10246099404857649,0.0,0.001246921845209432,0.012447723234108844,522.7008783344177,0.0009491438583468821,8.259361055422621,1.0,-0.5934959349593496,-0.6943975215163671,-0.3597644952462077,0.06592074036934073,0.20621347732820475,-0.4286108175175773,1.544518059877902,-0.67047412079612,-0.3073551149395993,-0.056869445829259214,Insurance—Life,Financial Services,NWLI
2022Q3,2022,Q3,2022-11-09,2022-09-30,21761000.0,143873000.0,92221000.0,6.15,135190000.0,0.9396481619,13238225000.0,1937416000.0,7981717000.0,0.0,11300809000.0,0.0,2370696000.0,621028800.0,289889800.0,532.8426842684269,0.0,0.0,0.0,0.037122301617347475,532.8426842684269,0.011231970831251523,4.31650691929688,7.134653738339231,0.3205448907204235,0.0,0.0,0.0,0.010867997786712342,0.0,0.0016438004339705662,6.556677259626044,0.9396481619205828,-0.293103448275862,-0.0023838995094668173,-0.2947056228246482,0.0747408583432908,0.2591509416388801,-0.2926702421582968,1.4459208572034798,0.08864875681624892,-0.16916138271947148,-0.07373884374647406,Insurance—Life,Financial Services,NWLI
2022Q2,2022,Q2,2022-08-09,2022-06-30,30765000.0,117157000.0,37704000.0,8.7,107366000.0,0.9164283824,13302369000.0,2095549000.0,10160928000.0,0.0,0.0,0.0,2348935000.0,737017200.0,206458200.0,576.3336083608361,0.0,0.0,0.0,0.01468111697698312,576.3336083608361,0.01468111697698312,6.2908507387522725,5.989088249634324,0.3517060207134264,0.0,0.0,0.0,0.008807228246337175,0.0,0.0023127459477330693,11.10183017759501,0.9164283824269996,-0.1256281407035176,0.2072754385276459,-0.408972586845318,0.17702344443321105,-0.200545052457576,-0.14976232588989608,-0.17328480277150438,-0.11214882058451571,-0.4087353140023762,-0.00844610780474502,Insurance—Life,Financial Services,NWLI
2022Q1,2022,Q1,2022-05-10,2022-03-31,36184000.0,134299000.0,45607000.0,9.95,134299000.0,1.0,13824036000.0,2297981000.0,10713153000.0,0.0,11526055000.0,0.0,2318170000.0,765014400.0,265260400.0,632.0079757975798,0.0,0.0,0.0,0.015745996159237174,632.0079757975798,0.015745996159237174,5.696352169413026,5.285584788856953,0.3329071911386561,0.0,0.0,0.0,0.0097148907887682,0.0,0.002617470035523634,10.60487399151626,1.0,0.2563131313131312,0.5372589005013171,-0.4015649438322409,0.3137130365087188,-0.3801594151393613,0.2558656115507427,0.26478826367897057,-0.09985571421463751,-0.38369227521580107,0.15889908719552173,Insurance—Life,Financial Services,NWLI
2021Q4,2021,Q4,2022-03-10,2021-12-31,28812000.0,216667000.0,36059000.0,7.92,216667000.0,1.0,14330189000.0,2539691000.0,11323489000.0,0.0,11790498000.0,0.0,2281986000.0,779703840.0,1142517840.0,698.4848734873488,0.0,0.0,0.0,0.011344687208010738,698.4848734873488,0.011344687208010738,3.598627571342198,6.765443565181175,0.3070073642817177,0.0,0.0,0.0,0.015119619148079624,0.0,0.0020105806001581698,2.808185151303421,1.0,-0.2972493345164152,0.18624153336475427,0.14173207945330402,0.4339156613475967,0.3989256267715214,-0.2768072289156627,-0.28142125505669474,0.286378661493078,3.9581590531511135,0.2990421439729933,Insurance—Life,Financial Services,NWLI
2021Q3,2021,Q3,2021-11-08,2021-09-30,39840000.0,154881000.0,50181000.0,11.27,154881000.0,1.0,14421642000.0,2556234000.0,11494701000.0,0.0,11865408000.0,0.0,2254446000.0,765705240.0,1311133240.0,703.0346534653465,0.0,0.0,0.0,0.015585427625170466,703.0346534653465,0.015585427625170466,4.94382939159742,4.804877259036145,0.2995442670741411,0.0,0.0,0.0,0.010739484449828944,0.0,0.002762514837076111,-65.22746741630462,1.0,-0.20127569099929127,0.1809343134930046,-0.14828949611486572,0.4730637266483723,-0.3028559854162447,-0.201587206156436,-0.19962677640078472,0.1178137538228445,-0.312968261361368,0.35752040475471003,Insurance—Life,Financial Services,NWLI
2021Q2,2021,Q2,2021-08-06,2021-06-30,49899000.0,222165000.0,62697000.0,14.11,222165000.0,1.0,14470139000.0,2539844000.0,11642717000.0,0.0,11930295000.0,0.0,2214605000.0,815882040.0,11103530040.0,698.5269526952695,0.0,0.0,0.0,0.019646482224892552,698.5269526952695,0.019646482224892552,3.6724148268179055,4.087667287921601,0.321233130853706,0.0,0.0,0.0,0.01535334249380742,0.0,0.0034484119330159854,-15.58394850441227,1.0,-0.19692657939669897,0.8983108879251314,0.3295809544328342,0.49366652375987197,-0.03565010547882176,-0.19684849265238455,-0.19947650663942798,0.5369617445943451,0.2720001374113982,0.37518781400471163,Insurance—Life,Financial Services,NWLI
2021Q1,2021,Q1,2021-05-10,2021-03-31,62129000.0,230378000.0,78320000.0,17.57,230378000.0,1.0,14602446000.0,2450495000.0,12145693000.0,0.0,12151951000.0,0.0,2164706000.0,905364000.0,11138404000.0,673.9535203520352,0.0,0.0,0.0,0.025353653037447535,673.9535203520352,0.025353653037447535,3.9299065014888575,3.6430813307795074,0.36946168019114506,0.0,0.0,0.0,0.015776671935646944,0.0,0.004254698151254933,16.99033535383865,1.0,0.8188405797101449,2.848464640887288,0.6536080901257937,0.5846103169011077,0.030603434778135163,0.7682433970856102,0.902818270165209,1.3117767441860462,1.1132106624594102,0.34036399120242455,Insurance—Life,Financial Services,NWLI
2020Q4,2020,Q4,2021-03-16,2020-12-31,35136000.0,223537000.0,41160000.0,9.66,223537000.0,1.0,14648270000.0,2539750000.0,13071622000.0,0.0,12108520000.0,0.0,2102577000.0,750615840.0,10940479840.0,698.501100110011,0.0,0.0,0.0,0.01383443252288611,698.501100110011,0.01383443252288611,3.3579042395666043,5.34078893442623,0.29554713652918596,0.0,0.0,0.0,0.015260300363114552,0.0,0.0023986450277063433,8.453547464327142,1.0,2.156862745098039,0.09314086666082742,0.2320314026674951,0.5681273563655129,0.10278635632603526,2.2458198614318707,2.08800360117038,-0.1364284474826344,-0.12235187758390072,0.3487232783962588,Insurance—Life,Financial Services,NWLI
2020Q3,2020,Q3,2020-11-06,2020-09-30,10825000.0,202702000.0,13329000.0,3.06,202702000.0,1.0,12420986000.0,2215230000.0,3918483000.0,0.0,10205756000.0,0.0,2068714000.0,664551720.0,10390235720.0,609.2491749174917,0.0,0.0,0.0,0.0048866257679789455,609.2491749174917,0.0048866257679789455,3.2784665173505934,15.347614780600463,0.299992199455587,0.0,0.0,0.0,0.016319316357010626,0.0,0.0008715089124164539,10.405081104778606,1.0,-0.7764791818845872,-0.33265520004931876,0.9104086556585989,0.3838570933272529,-0.06162997939957873,-0.7764030322434057,-0.7798969582879223,-0.5037363040388759,-0.006314035001715801,0.22885234334175408,Insurance—Life,Financial Services,NWLI
2020Q2,2020,Q2,2020-08-10,2020-06-30,48413000.0,216015000.0,60558000.0,13.69,216015000.0,1.0,12391731000.0,2182730000.0,3823816000.0,0.0,10209001000.0,0.0,2057889000.0,738798840.0,10560050840.0,600.3107810781078,0.0,0.0,0.0,0.022180022265694797,600.3107810781078,0.022180022265694797,3.4201274911464483,3.815084997831161,0.33847468078965337,0.0,0.0,0.0,0.01743218925588362,0.0,0.003906879515057258,7.193686916388351,1.0,25.017543859649123,0.8041878238468382,0.4966760445662135,0.47437520515194914,3.115512117055327,24.47866149369544,21.328298086606242,0.8998155633167209,0.08974100269389475,0.22599108055583636,Insurance—Life,Financial Services,NWLI
2020Q1,2020,Q1,2020-05-11,2020-03-31,-2062000.0,52488000.0,-2979000.0,-0.57,52488000.0,1.0,12284422000.0,2030478000.0,3539757000.0,0.0,10253944000.0,0.0,2009476000.0,625392000.0,10437478000.0,558.437293729373,0.0,0.0,0.0,-0.0010155244233131311,558.437293729373,-0.0010155244233131311,11.914951989026063,-75.82347235693501,0.30800235215550226,0.0,0.0,0.0,0.004272728501186299,0.0,-0.00016785486529199338,5.9221044856680205,1.0,-1.0549132947976878,-1.09668948701116,-0.6450875650821557,0.2797248545994964,-0.7770528569244101,-1.0546471258580024,-1.0628096734065655,-1.087603024895913,-0.7661139753227252,0.16078654216207638,Insurance—Life,Financial Services,NWLI
2019Q4,2019,Q4,2020-02-28,2019-12-31,37733000.0,235428000.0,47429000.0,10.38,235428000.0,1.0,12553447000.0,2128243000.0,3610470000.0,0.0,10425204000.0,0.0,2026383000.0,1057639680.0,11267304680.0,585.3253575357536,0.0,0.0,0.0,0.01772964835312509,585.3253575357536,0.01772964835312509,4.492412457311789,7.007391938091326,0.4969543797395316,0.0,0.0,0.0,0.018754052173877024,0.0,0.0030057879720207527,12.201516826063381,1.0,0.8371681415929204,0.46991669936121766,0.39885808482376034,0.49761746445866134,0.3595509511104951,0.8876882285256892,0.8977672855313701,0.5535350471488364,0.24059362986302688,0.20161112861895136,Insurance—Life,Financial Services,NWLI
2019Q3,2019,Q3,2019-11-07,2019-09-30,19989000.0,173166000.0,24992000.0,5.65,173166000.0,1.0,12559594000.0,2091652000.0,3592321000.0,0.0,10467942000.0,0.0,1989923000.0,975793320.0,11438209320.0,575.2618261826183,0.0,0.0,0.0,0.009556561034053467,575.2618261826183,0.009556561034053467,5.635016804684522,12.204128770823953,0.46651800586330805,0.0,0.0,0.0,0.013787547591108439,0.0,0.0015915323377491343,12.735657212962842,1.0,-0.40713536201469036,-0.28136926543599344,0.11023901036827163,0.3952954149297697,-0.10130004930326698,-0.40678418803418803,-0.4069855732725892,-0.4074875503912734,-0.04773793353753418,0.2053421908837459,Insurance—Life,Financial Services,NWLI
2019Q2,2019,Q2,2019-08-08,2019-06-30,33696000.0,192685000.0,42144000.0,9.53,192685000.0,1.0,12612950000.0,2055148000.0,3525844000.0,0.0,10557802000.0,0.0,1969934000.0,908695974.0,11485357974.0,581.2428481167674,0.0,0.0,0.0,0.016395899468067507,581.2428481167674,0.016395899468067507,4.71596633884319,6.741868278133903,0.4421559780609474,0.0,0.0,0.0,0.015276759203834155,0.0,0.0026715399648773682,12.353462220288751,1.0,-0.16182937554969218,0.18704545355068541,-0.042298399524564635,0.39377395225694717,-0.11575474165821513,-0.16174934076322206,-0.16696645648435493,0.31823318383450905,0.18583822559721241,0.24287685830442343,Insurance—Life,Financial Services,NWLI
2019Q1,2019,Q1,2019-05-10,2019-03-31,40198000.0,217909000.0,50591000.0,11.37,217909000.0,1.0,12648876000.0,1982900000.0,3426421000.0,0.0,10665976000.0,0.0,1936238000.0,956049840.0,11627523840.0,545.3520352035204,0.0,0.0,0.0,0.02027232840788744,545.3520352035204,0.02027232840788744,4.387381154518629,5.945879396984925,0.48214727923748046,0.0,0.0,0.0,0.01722753863663459,0.0,0.003177989886215977,10.702809229012505,1.0,0.8457792207792206,1.0742131544436597,0.4108923376752527,0.37278367649093364,4.128960128042179,0.8459772226304189,1.2133700835630223,1.4899898861141692,0.564108054203186,0.28224044422992356,Insurance—Life,Financial Services,NWLI
2018Q4,2018,Q4,2019-03-01,2018-12-31,21776000.0,42486000.0,22857000.0,6.16,42486000.0,1.0,11931691000.0,1900777000.0,3095969000.0,0.0,10030914000.0,0.0,1896040000.0,1062994045.5,11162331045.5,537.6922347962485,0.0,0.0,0.0,0.011456367580205358,537.6922347962485,0.011456367580205358,25.019866438356164,12.203733990402277,0.5592418497803792,0.0,0.0,0.0,0.003560769382981842,0.0,0.0018250556438312055,10.17676893435325,1.0,-0.3888888888888889,-0.19053880087562083,-0.8296920673559228,0.35861548485939976,-0.8115376937920021,-0.3890182654807665,-0.48904636294541065,-0.3031675111589225,-0.7591510956481307,0.20711320648816467,Insurance—Life,Financial Services,NWLI
2018Q3,2018,Q3,2018-11-07,2018-09-30,35641000.0,225435000.0,44734000.0,10.08,225435000.0,1.0,12091840000.0,1883017000.0,3121169000.0,0.0,10208823000.0,0.0,1875537000.0,1145340000.0,11236778000.0,517.8814631463147,0.0,0.0,0.0,0.018927603946220346,517.8814631463147,0.018927603946220346,5.080577550069865,8.033865491989562,0.6082472967583404,0.0,0.0,0.0,0.018643564585704077,0.0,0.002947524942440522,14.901639344262295,1.0,0.09803921568627455,0.5292131237748502,0.2737220704932411,0.40818142791143236,0.29072244042643336,0.09779461590587075,0.10884168257194557,1.1972134886875039,1.1246607102465505,0.17632319547216502,Insurance—Life,Financial Services,NWLI
2018Q2,2018,Q2,2018-08-07,2018-06-30,32466000.0,174658000.0,40343000.0,9.18,174658000.0,1.0,12085819000.0,1846907000.0,3120393000.0,0.0,10238912000.0,0.0,1839896000.0,1117197360.0,11286728360.0,507.9502200220022,0.0,0.0,0.0,0.017578578672342464,507.9502200220022,0.017578578672342464,6.396485474470107,8.602825725374238,0.6049017952717706,0.0,0.0,0.0,0.014451482352995688,0.0,0.0026862887819187097,15.54859099259589,1.0,0.20789473684210527,0.21483580304790492,-0.03532746056612553,0.3321984714284575,0.6021024051074134,0.20803720930232558,0.20165013552557115,0.20989738064179958,0.21013098438462952,0.24753583220167918,Insurance—Life,Financial Services,NWLI
2018Q1,2018,Q1,2018-05-10,2018-03-31,26875000.0,109018000.0,33573000.0,7.6,109018000.0,1.0,12126318000.0,1828231000.0,3178463000.0,0.0,10298087000.0,0.0,1807430000.0,1108543680.0,11390608680.0,502.8138063806381,0.0,0.0,0.0,0.014700002352000377,502.8138063806381,0.014700002352000377,10.168446311618265,10.312034232558139,0.6063477098900522,0.0,0.0,0.0,0.008990198013939597,0.0,0.002216253936273154,15.764273037542662,1.0,-0.32082216264521896,0.7269541004199627,-0.4956838559260632,0.38877825329391796,-0.5600831265258358,-0.32111551772046376,-0.07850026075261439,0.2601988183438057,-0.26284400567989724,0.1522570796872913,Insurance—Life,Financial Services,NWLI
2017Q4,2017,Q4,2018-03-01,2017-12-31,39587000.0,247815000.0,36433000.0,11.19,247815000.0,1.0,12225094000.0,1832174000.0,3277233000.0,0.0,10392920000.0,0.0,1776141000.0,1171053426.24,953429426.24,517.8980086564424,0.0,0.0,0.0,0.02160657230153905,517.8980086564424,0.021606572301539045,4.725514703468313,7.395441851112739,0.6391605962315806,0.0,0.0,0.0,0.020271009777102736,0.0,0.0032381755101433167,15.548328083168474,1.0,0.8136142625607778,0.8048386764273449,0.9093675256309803,0.5155047787671451,0.2148389626942497,0.8148351900242974,0.07605292693011992,0.584985812670404,0.5133679562978446,0.3250973882929274,Insurance—Life,Financial Services,NWLI
2017Q3,2017,Q3,2017-11-03,2017-09-30,21813000.0,203990000.0,33858000.0,6.17,203990000.0,1.0,12138291000.0,1802682000.0,3224021000.0,0.0,10335609000.0,0.0,1740358000.0,1268964000.0,1098404000.0,495.78712871287127,0.0,0.0,0.0,0.012100303880551312,495.78712871287127,0.012100303880551312,6.220716701799108,14.543666620822446,0.7039311425975298,0.0,0.0,0.0,0.016805495930193138,0.0,0.0017970404565189613,20.740806119446898,1.0,-0.14424410540915397,-0.15273555457675525,0.009049533117827331,0.24454382147325254,0.029077921160695366,-0.14401758034768278,-0.1273936238756733,-0.21579407608961554,0.3078644521731963,0.20252983248476655,Insurance—Life,Financial Services,NWLI
2017Q2,2017,Q2,2017-08-04,2017-06-30,25483000.0,198226000.0,38801000.0,7.21,198226000.0,1.0,12021262000.0,1780380000.0,3166219000.0,0.0,10240882000.0,0.0,1718545000.0,1162138320.0,1053070320.0,489.65346534653463,0.0,0.0,0.0,0.014313236500073018,489.65346534653463,0.014313236500073018,5.86269369305742,11.401113683632225,0.6527473460721869,0.0,0.0,0.0,0.016489616481198063,0.0,0.0021198273525691396,30.480717601699585,1.0,0.08421052631578942,0.09593011589724748,0.5529585091822665,0.3369355298494153,-0.11670684484686988,0.0826323391961934,0.09412627245297917,-0.12702630044383997,-0.04191392229664417,0.1741499234675267,Insurance—Life,Financial Services,NWLI
2017Q1,2017,Q1,2017-05-09,2017-03-31,23538000.0,224417000.0,35463000.0,6.65,224417000.0,1.0,12032756000.0,1749226000.0,3127542000.0,0.0,10283530000.0,0.0,1693062000.0,1105925760.0,1018439760.0,481.08525852585257,0.0,0.0,0.0,0.013456237215774292,481.08525852585257,0.013456237215774292,4.9279945815156605,11.746173846546013,0.6322372066273885,0.0,0.0,0.0,0.01865050699939399,0.0,0.0019561603343406946,11.970448110144174,1.0,-0.0029985007496251236,0.12642758374413995,0.07804817268192941,0.2674470350571116,0.21645120199474213,-0.003133999661189226,-0.06747482184648558,0.2145586653389437,0.4530295937481573,0.21100857294544847,Insurance—Life,Financial Services,NWLI
2016Q4,2016,Q4,2017-03-10,2016-12-31,23612000.0,184485000.0,38029000.0,6.67,184485000.0,1.0,11894981000.0,1721828000.0,3111610000.0,0.0,10173153000.0,0.0,1669524000.0,1098594394.8,1047347394.8,487.11712432997024,0.0,0.0,0.0,0.013713332574449946,487.11712432997024,0.013713332574449946,5.9549253044963,11.631738044214806,0.6380395688767984,0.0,0.0,0.0,0.015509482528807739,0.0,0.0019850389000201007,17.461010455043947,1.0,-0.30083857442348005,4.260384458253313,0.12137501566387159,0.310516118276333,0.014506700687940962,-0.3000948541617263,-0.21833055846745186,-0.12220775906686934,-0.2604098340943418,0.2308246711162965,Insurance—Life,Financial Services,NWLI
2016Q3,2016,Q3,2016-11-04,2016-09-30,33736000.0,181847000.0,48651000.0,9.54,181847000.0,1.0,11880604000.0,1735318000.0,192260000.0,0.0,10145286000.0,0.0,1647185000.0,746725320.0,569437320.0,477.26017601760174,0.0,0.0,0.0,0.019440817187397354,477.26017601760174,0.019440817187397354,4.10633840536275,5.533594083471662,0.43031036386414484,0.0,0.0,0.0,0.015306208337555902,0.0,0.0028395862701929967,12.289347289424311,1.0,0.28398384925975767,0.6543501741817058,0.8601728329599315,0.2833833084027677,0.08829162028558775,0.28342083238225674,0.20465012628138463,0.44747717358290573,0.027447101616804876,0.29772730629644373,Insurance—Life,Financial Services,NWLI
2016Q2,2016,Q2,2016-08-05,2016-06-30,26286000.0,167094000.0,40386000.0,7.43,167094000.0,1.0,11801217000.0,1700409000.0,163236000.0,0.0,10100808000.0,0.0,1613450000.0,710001720.0,616020720.0,467.6592409240924,0.0,0.0,0.0,0.0154586337757563,467.6592409240924,0.015458633775756304,4.249115587633308,6.752660351517918,0.41754761354474135,0.0,0.0,0.0,0.01415904817274354,0.0,0.002227397394692429,8.642011271102888,1.0,0.6734234234234232,0.8002658931592942,0.1260069496471664,0.27809713677832504,0.12187294383048435,0.5230314618459934,0.565530875683219,-0.0164118179351558,-0.0771050091941748,0.226527524452066,Insurance—Life,Financial Services,NWLI
2016Q1,2016,Q1,2016-05-06,2016-03-31,17259000.0,148942000.0,25797000.0,4.44,148942000.0,1.0,11683695000.0,1653256000.0,3068458000.0,0.0,10030439000.0,0.0,1587164000.0,896496172.06,754925172.06,425.3118341864836,0.0,0.0,0.0,0.01043939958481929,425.3118341864836,0.01043939958481929,6.019095836365834,12.985922881684917,0.5422609517582274,0.0,0.0,0.0,0.01274785074413531,0.0,0.0014771867974985654,8.677980892485504,1.0,-0.49716874292185725,-0.16373616850683004,-0.2713456214234246,0.18012389294866737,-0.1752203960483764,-0.4605045168953768,-0.45490850695178126,0.037383138514986085,-0.3555146111879586,0.17471680111264734,Insurance—Life,Financial Services,NWLI
2015Q4,2015,Q4,2016-03-11,2015-12-31,31991000.0,180584000.0,47326000.0,8.83,180584000.0,1.0,11612576000.0,1611986000.0,2998102000.0,0.0,10000590000.0,0.0,1569905000.0,911743398.54,805736398.54,445.43646105947926,0.0,0.0,0.0,0.019845705856006195,445.43646105947926,0.019845705856006195,5.0488603560669825,7.1249992071207515,0.5656025539551832,0.0,0.0,0.0,0.015550727073820658,0.0,0.0027548581813371985,9.212507058241048,1.0,0.9237472766884532,0.5842812317411327,-0.014523663258607308,0.3255743144335093,0.701952801025409,0.9721965353554035,0.8836968635567585,0.4258064860448986,0.36015431120026503,0.30346337326927425,Insurance—Life,Financial Services,NWLI
2015Q3,2015,Q3,2015-11-06,2015-09-30,16221000.0,106104000.0,25124000.0,4.59,106104000.0,1.0,11546145000.0,1600765000.0,2965677000.0,0.0,9945380000.0,0.0,1539187000.0,809737200.0,723380200.0,440.254400440044,0.0,0.0,0.0,0.010133280025487815,440.254400440044,0.010133280025487813,7.63154263741235,12.47976696874422,0.5058438933884737,0.0,0.0,0.0,0.009189560671548816,0.0,0.001404884487419827,9.09,1.0,-0.3780487804878049,0.20402180295416242,-0.3000418862606975,0.3141165325060094,-0.3164194874305815,-0.4379028345692702,-0.4129220703353195,-0.36994101823635206,-0.47514980311812366,0.1051434420383801,Insurance—Life,Financial Services,NWLI
2015Q2,2015,Q2,2015-06-30,2015-06-30,28858000.0,155218000.0,42795000.0,7.38,155218000.0,1.0,11515294000.0,1592128000.0,2919845000.0,0.0,9923166000.0,0.0,1522966000.0,936477268.02,864767268.02,407.16283004517817,0.0,0.0,0.0,0.018125427101338586,407.16283004517817,0.018125427101338586,6.033303276810679,8.112804664391156,0.5881921981272862,0.0,0.0,0.0,0.013479291106245312,0.0,0.0025060584645081574,13.892466406859619,1.0,0.2238805970149253,0.2857909237336269,0.4862804379097889,0.24858970473043368,0.04955034147001149,0.35318390696802027,0.36190051872832,0.1540179259439675,0.13072068540309295,0.11170550694702681,Insurance—Life,Financial Services,NWLI
2015Q1,2015,Q1,2015-03-31,2015-03-31,21326000.0,147890000.0,31423000.0,6.03,147890000.0,1.0,11462003000.0,1586652000.0,86093000.0,0.0,9875351000.0,0.0,1494108000.0,924634800.0,853530800.0,436.37293729372936,0.0,0.0,0.0,0.01344088054595463,436.37293729372936,0.013440880545954626,6.252179322469403,10.839290068461034,0.5827584120525484,0.0,0.0,0.0,0.012902631416166965,0.0,0.0018605823083452343,10.186904932409355,1.0,-0.14468085106382972,0.15533179241435657,0.02217336521154544,0.38210187137357166,-0.19762798671846177,-0.24141856080816704,-0.23865481065103095,0.0205707643354376,-0.2895701116317813,0.14964982973465762,Insurance—Life,Financial Services,NWLI
2014Q4,2014,Q4,2014-12-31,2014-12-31,28113000.0,184316000.0,41273000.0,7.05,184316000.0,1.0,11351892000.0,1556320000.0,3005758000.0,0.0,9795572000.0,0.0,1472782000.0,1072156461.75,795078461.75,390.8376948230429,0.0,0.0,0.0,0.018063765806517938,390.8376948230429,0.018063765806517938,5.816947317378849,9.534347648329954,0.6889048921494294,0.0,0.0,0.0,0.016236588579243,0.0,0.002476503476248717,12.83558555908057,1.0,-0.07843137254901968,0.9003427100301818,0.03394878581985996,0.20192660713964683,0.1547174539531387,-0.012400758799971896,-0.04742891432791728,4.559629073487606,-0.005495470760765404,0.05149064385715093,Insurance—Life,Financial Services,NWLI
2014Q3,2014,Q3,2014-09-30,2014-09-30,28466000.0,159620000.0,43328000.0,7.65,159620000.0,1.0,11259076000.0,1534138000.0,2852012000.0,0.0,9724938000.0,0.0,1444669000.0,919135572.4599999,797653572.4599999,412.2867602281724,0.0,0.0,0.0,0.018555045243648222,412.2867602281724,0.018555045243648226,5.7582732267886225,8.072222761013139,0.5991218341896231,0.0,0.0,0.0,0.014177007065233418,0.0,0.002528271414101832,11.93202181537303,1.0,-0.07272727272727268,24.52683864511057,-0.09732540985674515,0.2858111798574438,-0.22829613084446507,-0.024569098447726416,0.010966447337719912,0.36401496216235124,0.5954871062440789,0.10866561456570405,Insurance—Life,Financial Services,NWLI
2014Q2,2014,Q2,2014-06-30,2014-06-30,29183000.0,206841000.0,42858000.0,8.25,206841000.0,1.0,11096081000.0,1515897000.0,2936390000.0,0.0,9580184000.0,0.0,1417475000.0,906605350.0,773099350.0,417.028060522696,0.0,0.0,0.0,0.019251307971451883,417.028060522696,0.019251307971451886,4.383102721414033,7.766553729911251,0.5980652709253993,0.0,0.0,0.0,0.018640905739603017,0.0,0.0026300276647223467,11.375509423072097,1.0,0.5478424015009381,0.45977485692576797,0.38588548687800633,0.34387384585863007,0.3090953969228432,0.47195601735095327,0.42565364912514136,0.9992244045831906,0.3942360360647371,0.13972380628481915,Insurance—Life,Financial Services,NWLI
2014Q1,2014,Q1,2014-03-31,2014-03-31,19826000.0,158003000.0,30062000.0,5.33,158003000.0,1.0,10912617000.0,1477688000.0,2816287000.0,0.0,9434929000.0,0.0,1388292000.0,909466650.0,776627650.0,397.2599940855445,0.0,0.0,0.0,0.013416905327782317,397.2599940855445,0.01341690532778232,5.756008746669367,11.468105644103701,0.6154659508637819,0.0,0.0,0.0,0.014478928381707156,0.0,0.0018167960994141003,12.45759400041093,1.0,-0.2986842105263158,0.286037997417501,0.3806652408602402,0.42343757824323874,-0.3880217209432033,-0.2879103512678687,-0.2533220734706043,0.0038932006964266306,-0.19221746987447016,0.10228771703408274,Insurance—Life,Financial Services,NWLI
2013Q4,2013,Q4,2013-12-31,2013-12-31,27842000.0,258184000.0,40261000.0,7.6,258184000.0,1.0,10830416000.0,1447948000.0,2772403000.0,0.0,9382468000.0,0.0,1368466000.0,817881594.85,697022594.85,395.764836179453,0.0,0.0,0.0,0.01922859108200018,395.764836179453,0.01922859108200018,3.1678244773107553,7.343955129390849,0.5648556404304574,0.0,0.0,0.0,0.02383878883322672,0.0,0.0025707230451720415,13.701695283287544,1.0,0.1874999999999999,1.540873477344286,1.301885859374993,0.45430223117555507,0.37191804114946436,0.1234767169719958,0.09268305921945394,0.36384379502388925,0.39365731404239884,0.17775653153237606,Insurance—Life,Financial Services,NWLI
2013Q3,2013,Q3,2013-09-30,2013-09-30,24782000.0,188192000.0,36846000.0,6.4,188192000.0,1.0,10668468000.0,1421838000.0,2855056000.0,0.0,9246630000.0,0.0,1340624000.0,780072480.19,685614480.19,367.76615064041795,0.0,0.0,0.0,0.017429552452529754,367.76615064041795,0.017429552452529754,4.145088421346285,7.869345494613026,0.5486366802617457,0.0,0.0,0.0,0.017640021041446626,0.0,0.0023229202168483796,28.239962357093727,1.0,-0.1268758526603001,3.370391619609806,1.0055143006363207,0.3377757713236832,0.02916454754756397,-0.08184209551331925,-0.061869844179651697,0.7299700774175647,0.1675808542002285,0.09774616260419465,Insurance—Life,Financial Services,NWLI
2013Q2,2013,Q2,2013-06-30,2013-06-30,26991000.0,182859000.0,39276000.0,7.33,182859000.0,1.0,10512777000.0,1400180000.0,2838110000.0,0.0,9112597000.0,0.0,1317115000.0,709918403.4,641686403.4,381.28719625188404,0.0,0.0,0.0,0.019276807267637017,381.28719625188404,0.019276807267637017,3.882326838711794,6.575510386795598,0.5070193856504164,0.0,0.0,0.0,0.017393976872143297,0.0,0.002567447212092485,8.451107739009322,1.0,0.7166276346604218,0.4690276297786813,0.5924734811223813,0.34287351838224633,-0.2085122407285571,0.6228354978354979,0.5515525005925574,0.2805640620528944,0.8644606702030825,0.16924049214612902,Insurance—Life,Financial Services,NWLI
2013Q1,2013,Q1,2013-03-31,2013-03-31,16632000.0,231032000.0,25314000.0,4.27,231032000.0,1.0,10476501000.0,1406938000.0,2991018000.0,0.0,9069563000.0,0.0,1290124000.0,680823871.1999999,594007871.1999999,362.0547810192587,0.0,0.0,0.0,0.0118214164376824,362.0547810192587,0.0118214164376824,2.9468812597389102,10.233644047619046,0.4839046718476578,0.0,0.0,0.0,0.022052400892244462,0.0,0.001587552943487525,8.27437526524957,1.0,-0.31129032258064526,0.04390263026738555,1.1237109625426838,0.2421595091856696,0.5463368271689223,-0.3412808428056557,-0.33719103477167994,-0.15692735594909896,0.4941049027563413,0.1467177444362034,Insurance—Life,Financial Services,NWLI
2012Q4,2012,Q4,2012-12-31,2012-12-31,25249000.0,149406000.0,38192000.0,6.2,149406000.0,1.0,10263858000.0,1391680000.0,2956217000.0,0.0,8872178000.0,0.0,1273492000.0,642383373.0600001,517822373.06000006,341.733009299878,0.0,0.0,0.0,0.018142820188549093,341.733009299878,0.018142820188549093,4.299582165776475,6.360483316765021,0.4615884205133365,0.0,0.0,0.0,0.014556514714057814,0.0,0.0024599911651154954,9.646265024777009,1.0,-0.09883720930232553,-0.23107901327324232,0.335588327198206,0.2243370368348667,-0.21770819697882032,0.03811364197023271,-0.013891040537051381,0.6688562107787457,-0.1804904294704892,0.0509170478077632,Insurance—Life,Financial Services,NWLI
2012Q3,2012,Q3,2012-09-30,2012-09-30,24322000.0,190985000.0,38730000.0,6.88,190985000.0,1.0,10166094000.0,1368396000.0,129313000.0,0.0,8797698000.0,0.0,1248243000.0,493128600.0,365183600.0,398.36855895196504,0.0,0.0,0.0,0.01777409463342483,398.36855895196504,0.017774094633424827,2.582027907950886,5.0687505139379985,0.3603698052318189,0.0,0.0,0.0,0.018786468037773407,0.0,0.0023924626311737822,6.023680449520552,1.0,0.045592705167173224,0.6428400299879411,0.7971603339270187,0.4732929094223643,0.4966420863732182,0.046287533339069084,0.14089610274840192,22.77582965512375,0.1699881617114984,0.24240406488108787,Insurance—Life,Financial Services,NWLI
2012Q2,2012,Q2,2012-06-30,2012-06-30,23246000.0,127609000.0,33947000.0,6.58,127609000.0,1.0,9955461000.0,1331321000.0,111264000.0,0.0,8624140000.0,0.0,1225194000.0,515879199.99999994,404615199.99999994,366.2506189821183,0.0,0.0,0.0,0.01746085279207644,366.2506189821183,0.01746085279207644,4.042655298607465,5.548042674008431,0.38749422566007746,0.0,0.0,0.0,0.01281799004586528,0.0,0.002334999855858006,7.837965298246679,1.0,0.17921146953405018,0.06053873423210101,-0.14447134835101147,0.38183098628650025,-0.35112528093886974,0.17754926295527076,0.14253500269251482,0.16279773580839552,-0.14498836741741003,0.18024342837432697,Insurance—Life,Financial Services,NWLI
2012Q1,2012,Q1,2012-03-31,2012-03-31,19741000.0,196662000.0,29712000.0,5.58,196662000.0,1.0,9884605000.0,1303824000.0,75491000.0,0.0,8580781000.0,0.0,1201948000.0,470148450.0,394657450.0,379.5703056768559,0.0,0.0,0.0,0.015140847230914602,379.5703056768559,0.015140847230914602,2.390642066082924,5.953959399219897,0.3605919587306262,0.0,0.0,0.0,0.019895787439154117,0.0,0.0019971460670406152,6.185838245355508,1.0,3.536585365853658,0.11376290032230343,0.8155305947026381,0.4396269965357085,0.23009851446442534,3.5256762952773957,3.6658291457286434,0.3866569109811129,0.8609070585765525,0.36005297470090725,Insurance—Life,Financial Services,NWLI
2011Q4,2011,Q4,2011-12-31,2011-12-31,4362000.0,159875000.0,6368000.0,1.23,159875000.0,1.0,9727999000.0,1276785000.0,119290000.0,0.0,8451214000.0,0.0,1182207000.0,467709600.0,348419600.0,371.69868995633186,0.0,0.0,0.0,0.0034163935196607105,371.69868995633186,0.0034163935196607105,2.925470523846755,26.80591471801926,0.3663182133248746,0.0,0.0,0.0,0.01643452060387753,0.0,0.00044839642767233016,6.459095993702614,1.0,-0.7743119266055046,-0.8084629697998699,0.08638109265471222,0.4421280020640539,0.7311107261190636,-0.7735790293277965,-0.782372441133249,-0.5760083618781396,0.5181826961100621,0.3658672643756943,Insurance—Life,Financial Services,NWLI
2011Q3,2011,Q3,2011-09-30,2011-09-30,19265000.0,92354000.0,29261000.0,5.45,92354000.0,1.0,9502142000.0,1277396000.0,100349000.0,0.0,8224746000.0,0.0,1177608000.0,465442500.0,373540500.0,371.8765647743814,0.0,0.0,0.0,0.015081462600477847,371.8765647743814,0.015081462600477847,5.039765467657059,6.040001297690112,0.3643682147118043,0.0,0.0,0.0,0.009719282241835579,0.0,0.0020274376030162463,5.682781060754054,1.0,0.3974358974358975,0.2631627889200199,-0.2506690617114264,0.46634288149836306,-0.34103930760394147,0.39702683103698333,0.5072889300983877,3.0739791462436505,0.1077249484183958,0.3527276977827856,Insurance—Life,Financial Services,NWLI
2011Q2,2011,Q2,2011-06-30,2011-06-30,13790000.0,140151000.0,19413000.0,3.9,140151000.0,1.0,9262430000.0,1256510000.0,80667000.0,0.0,8005920000.0,0.0,1159615000.0,547619980.0,466952980.0,365.9027373325568,0.0,0.0,0.0,0.010974843017564523,365.9027373325568,0.010974843017564524,3.907356922176795,9.927845902828137,0.43582620114443976,0.0,0.0,0.0,0.015131126497042353,0.0,0.0014888101718447534,13.538864220727849,1.0,-0.2427184466019418,-0.34490618416283364,0.47039057392706296,0.49376945921970616,-0.22296761602732207,-0.2427653615946406,-0.30156502968159743,-0.1973862187427508,0.3052191189223883,0.28869026051130486,Insurance—Life,Financial Services,NWLI
2011Q1,2011,Q1,2011-03-31,2011-03-31,18211000.0,180367000.0,27795000.0,5.15,180367000.0,1.0,9029996000.0,1236158000.0,62321000.0,0.0,7793838000.0,0.0,1145825000.0,556517500.0,494196500.0,360.39591836734695,0.0,0.0,0.0,0.014731935561635328,360.39591836734695,0.014731935561635325,3.085472952369336,7.639853659875898,0.4501993272704622,0.0,0.0,0.0,0.019974205968640517,0.0,0.0020167229309957613,11.129904803807849,1.0,-0.07706093189964153,0.3683837414516231,0.3970131314944658,0.489139869395452,-0.017908481073310972,-0.10015811839114537,0.043826047769265436,0.2949585359410275,0.8783949231080856,0.23646818255353894,Insurance—Life,Financial Services,NWLI
2010Q4,2010,Q4,2010-12-31,2010-12-31,20238000.0,183656000.0,26628000.0,5.58,183656000.0,1.0,8773948000.0,1218791000.0,80759000.0,0.0,7555157000.0,0.0,1127614000.0,604693440.0,524361440.0,336.0328094844224,0.0,0.0,0.0,0.01660497985298546,336.0328094844224,0.01660497985298546,3.2925329964716643,7.469777646012452,0.4961420292732716,0.0,0.0,0.0,0.02093196814022604,0.0,0.0023066013156221124,-1153.9951145038167,1.0,0.508108108108108,0.19849163283155033,0.6662846860581267,0.3871991769643644,0.21456772324764734,0.505915618721631,0.2890545577770247,-0.3079937398954226,0.8433788346803313,0.20391476107719356,Insurance—Life,Financial Services,NWLI
2010Q3,2010,Q3,2010-09-30,2010-09-30,13439000.0,151211000.0,20657000.0,3.7,151211000.0,1.0,8405901000.0,1215115000.0,30064000.0,0.0,7190786000.0,0.0,1107375000.0,510246360.0,481049360.0,335.01929969671903,0.0,0.0,0.0,0.011059858531908504,335.01929969671903,0.011059858531908502,3.374399746050221,9.491895974402857,0.4199161067059497,0.0,0.0,0.0,0.017988672481391348,0.0,0.0015987578250088836,8.998101788170564,1.0,-0.35314685314685307,-0.3371617230323261,0.25322608531543783,0.4014942703525481,0.5614357555167749,-0.35426676917163175,-0.3129677054578109,-0.1403094911112925,0.3475662851466018,0.2390073153899122,Insurance—Life,Financial Services,NWLI
2010Q2,2010,Q2,2010-06-30,2010-06-30,20812000.0,96841000.0,30067000.0,5.72,96841000.0,1.0,8045136000.0,1182432000.0,71392000.0,0.0,6862704000.0,0.0,1095207000.0,553907760.0,496087760.0,326.0981798124655,0.0,0.0,0.0,0.0176010121512273,326.0981798124655,0.0176010121512273,5.719764975578526,6.653706515471843,0.4684478769180807,0.0,0.0,0.0,0.012037211055226413,0.0,0.0025869046837741464,11.957252396166135,1.0,0.1304347826086957,-0.14333472261660737,-0.18592082205423696,0.3759912304357644,-0.328816778021125,0.13059539330725772,0.1049575539303958,-0.048149518035237655,-0.34913767368494203,0.23033940717651671,Insurance—Life,Financial Services,NWLI
2010Q1,2010,Q1,2010-03-31,2010-03-31,18408000.0,144284000.0,27211000.0,5.06,144284000.0,1.0,7769084000.0,1144842000.0,51690000.0,0.0,6624242000.0,0.0,1074395000.0,668453100.0,616763100.0,315.7313844456702,0.0,0.0,0.0,0.016079074667071962,315.7313844456702,0.016079074667071962,4.632898311663109,9.078296121251629,0.5838824047335789,0.0,0.0,0.0,0.018571558757763465,0.0,0.002369391295035554,8.753740080144574,1.0,0.3602150537634407,0.12564705684500435,0.5309012239468245,0.39006154014541755,-0.05926075645648191,0.4462602137020742,0.2554673802712928,-0.016149419644186456,0.2618282197724325,0.19749995693431907,Insurance—Life,Financial Services,NWLI
2009Q4,2009,Q4,2009-12-31,2009-12-31,12728000.0,153373000.0,21674000.0,3.72,153373000.0,1.0,7518735000.0,1114053000.0,108866000.0,0.0,6404682000.0,0.0,1055987000.0,594822120.0,485956120.0,325.17600700525395,0.0,0.0,0.0,0.011424950159462792,325.17600700525395,0.01142495015946279,3.878271403702086,11.683338309239472,0.533926231516813,0.0,0.0,0.0,0.020398777187917914,0.0,0.001692837957448959,34.72805464736105,1.0,12.272727272727272,-0.29737387738488985,0.20798731162591558,0.43346101566592565,-0.05795748392287896,12.425493716337522,9.253617669459254,-0.43964063106638007,0.04493658868052948,0.26162786679917166,Insurance—Life,Financial Services,NWLI
2009Q3,2009,Q3,2009-09-30,2009-09-30,-1114000.0,162809000.0,-2626000.0,-0.33,162809000.0,1.0,7293766000.0,1098524000.0,35669000.0,0.0,6195242000.0,0.0,1043259000.0,602907480.0,567238480.0,320.6433158201985,0.0,0.0,0.0,-0.0010140879944361707,320.6433158201985,-0.0010140879944361707,3.7031581792161368,-135.30239676840213,0.5488341447251038,0.0,0.0,0.0,0.022321664829938335,0.0,-0.00015273316966845385,21.58173969072165,1.0,-1.0617977528089888,-1.0810874178835714,0.8004379100875769,0.4483381166229032,0.15740720993552149,-1.059123235325337,-1.0951863128896622,-1.0732343588411402,0.3244505422042098,0.2643255536638478,Insurance—Life,Financial Services,NWLI
2009Q2,2009,Q2,2009-06-30,2009-06-30,18842000.0,140667000.0,27588000.0,5.34,140667000.0,1.0,7036751000.0,1063149000.0,54850000.0,0.0,5973602000.0,0.0,1045642000.0,399985500.0,345135500.0,310.31786339754814,0.0,0.0,0.0,0.01772282154241785,310.31786339754814,0.017722821542417853,2.843492077032993,5.307099830166648,0.37622713279135855,0.0,0.0,0.0,0.019990333607086568,0.0,0.0026776562080994483,7.640309825794621,1.0,0.2898550724637682,-0.007272832021032712,0.35925896709606875,0.45382251944182095,0.2609428363975367,0.25379291988288527,0.22059994690735332,-0.10282086466996282,0.4792503021856676,0.2668485356868786,Insurance—Life,Financial Services,NWLI
2009Q1,2009,Q1,2009-03-31,2009-03-31,15028000.0,111557000.0,22602000.0,4.14,111557000.0,1.0,6852984000.0,1011962000.0,28089000.0,0.0,5841022000.0,0.0,1026293000.0,409738000.0,381649000.0,279.0849420849421,0.0,0.0,0.0,0.014850359993754706,279.0849420849421,0.014850359993754706,3.6729026416988626,6.816243013042321,0.40489465019437487,0.0,0.0,0.0,0.01627860213886389,0.0,0.0021929133352711753,10.215612456057244,1.0,0.3799999999999999,0.00791743847496849,0.08852565228338859,0.3102878305008014,0.004104373497988317,0.38455868804127513,0.3560115190784737,0.0681730530088359,-0.1826528483659991,0.15316653998005536,Insurance—Life,Financial Services,NWLI
2008Q4,2008,Q4,2008-12-31,2008-12-31,10854000.0,111101000.0,16668000.0,3.0,111101000.0,1.0,6786480000.0,986213000.0,69616000.0,0.0,5800267000.0,0.0,1011265000.0,613072080.0,545276080.0,272.1338300220751,0.0,0.0,0.0,0.011005736083381581,272.1338300220751,0.011005736083381581,5.518150871729327,14.12087893864013,0.6216426674562188,0.0,0.0,0.0,0.016370931616979643,0.0,0.0015993563673657035,-812.016,1.0,2.111111111111111,-0.4282763935905874,-0.12816334237092564,0.4161784344199538,0.26308549340609366,2.107551020408163,2.0247141276281817,-0.3566954862570363,0.00883796237936899,0.12341359050620584,Insurance—Life,Financial Services,NWLI
2008Q3,2008,Q3,2008-09-30,2008-09-30,-9800000.0,87960000.0,-16266000.0,-2.7,87960000.0,1.0,6800868000.0,996269000.0,40035000.0,0.0,5804599000.0,0.0,1000411000.0,877261705.368,842410705.368,274.9086644591612,0.0,0.0,0.0,-0.009836700730425217,274.9086644591612,-0.009836700730425217,9.973416386630287,-22.37912513693878,0.8805470263232118,0.0,0.0,0.0,0.012933643176135752,0.0,-0.0014409925321297223,9.043096056737005,1.0,-1.352020860495437,-1.916675994154774,-0.10702733065560466,0.47197903604501007,-0.2242086416595373,-1.54018300077169,-1.5962391407939591,-1.4837556696685632,-0.27039025214911633,0.15003200848001408,Insurance—Life,Financial Services,NWLI
2008Q2,2008,Q2,2008-06-30,2008-06-30,18142000.0,113381000.0,27281000.0,7.67,113381000.0,1.0,6826330000.0,1029544000.0,39754000.0,0.0,5796786000.0,0.0,1011480000.0,792281000.0,758896000.0,283.9338113623828,0.0,0.0,0.0,0.01762139354898868,283.9338113623828,0.01762139354898868,6.987775729619601,10.917773674346819,0.7695455463778138,0.0,0.0,0.0,0.016609364036019356,0.0,0.0026576505970265134,25.197373024202527,1.0,0.8845208845208844,0.03374171254625284,0.09021674772613023,0.547472479404256,0.149477376643653,0.25584937006783887,0.2465046148222608,-0.25323748499473814,-0.046879820792138115,0.19807609684764857,Insurance—Life,Financial Services,NWLI
2008Q1,2008,Q1,2008-03-31,2008-03-31,14446000.0,98637000.0,21886000.0,4.07,98637000.0,1.0,6861074000.0,1026977000.0,6099000.0,0.0,5834097000.0,0.0,993338000.0,763841113.186095,763841113.186095,291.4720519723053,0.0,0.0,0.0,0.014066527293211046,291.4720519723053,0.014066527293211046,7.743961324716841,13.218903384779438,0.7437762609932793,0.0,0.0,0.0,0.014376320675159603,0.0,0.0021055012670028045,11.412878215187888,1.0,-0.49503722084367247,0.4855070738009449,0.27370424738220367,0.6497171610923174,-0.009310594190671328,-0.5057140901936632,-0.5037525791896242,-0.09090923524222275,0.07704252823371753,0.2832556705926297,Insurance—Life,Financial Services,NWLI
2007Q4,2007,Q4,2007-12-31,2007-12-31,29226000.0,99564000.0,44103000.0,8.06,99564000.0,1.0,6835326000.0,1011685000.0,10010000.0,0.0,5823641000.0,0.0,978892000.0,751632039.65703,751632039.65703,279.1167783205512,0.0,0.0,0.0,0.028888438595017225,279.1167783205512,0.028888438595017225,7.5492350614381705,6.429480938693543,0.7429506611811285,0.0,0.0,0.0,0.014566093848340225,0.0,0.004275728765533641,11.222408618863922,1.0,0.883177570093458,2.088065469445039,0.1948484704042981,0.6212084127763708,-0.11211386173931655,0.8708231980540264,0.8022557312737526,0.5249706911671298,-0.2587857030523903,0.2304198708434038,Insurance—Life,Financial Services,NWLI
2007Q3,2007,Q3,2007-09-30,2007-09-30,15622000.0,112136000.0,24471000.0,4.28,112136000.0,1.0,6815183000.0,980066000.0,10922000.0,0.0,5835117000.0,0.0,949666000.0,889511628.038376,889511628.038376,270.39331853443446,0.0,0.0,0.0,0.0159397428336459,270.39331853443446,0.0159397428336459,7.932435863936434,14.234919153091408,0.9076038022320702,0.0,0.0,0.0,0.016453850175409818,0.0,0.0022922348526811386,12.210180206429321,1.0,-0.28428093645484953,0.28656727243121,0.3109287984362707,0.592219898831376,-0.24586569824136656,-0.2850670449864995,-0.15234334407149538,0.0748129865203272,0.17212193087753688,0.2213600920132136,Insurance—Life,Financial Services,NWLI
2007Q2,2007,Q2,2007-06-30,2007-06-30,21851000.0,148695000.0,28869000.0,5.98,148695000.0,1.0,6764393000.0,960456000.0,8118000.0,0.0,5803937000.0,0.0,935312000.0,916509990.55257,916509990.55257,265.04733402047344,0.0,0.0,0.0,0.022750651773740808,265.04733402047344,0.022750651773740808,6.1636907128859075,10.485904427172326,0.9542446406212987,0.0,0.0,0.0,0.02198201671606011,0.0,0.003230297234356431,16.5119084522857,1.0,0.17025440313111548,1.4119998399432627,1.0143019833661227,0.5941798626086092,0.30306190409422323,0.17025492716366752,0.03830384117393181,0.08844765961069939,0.35843753019759983,0.24173252128683972,Insurance—Life,Financial Services,NWLI
2007Q1,2007,Q1,2007-03-31,2007-03-31,18672000.0,114112000.0,27804000.0,5.11,114112000.0,1.0,6727478000.0,954077000.0,0.0,0.0,5773401000.0,0.0,913461000.0,885834514.855815,885834514.855815,263.65878563700653,0.0,0.0,0.0,0.019570747434431393,263.65878563700653,0.019570747434431393,7.76285153932816,11.860466404988953,0.9284727698663892,0.0,0.0,0.0,0.016962077022028167,0.0,0.0027754828778332684,14.15749584234961,1.0,-0.22926093514328802,0.4827583759423728,0.36358888708582476,0.6252282816012334,-0.2641780746835525,-0.2219675819825826,-0.2696419659040164,0.2548772107198439,0.11573171814688142,0.23786290884745215,Insurance—Life,Financial Services,NWLI
