Quarters,Year,Quarter,FillingDate,Date,NetIncome,Revenue,OperatingIncome,EPSDiluted,GrossProfit,GrossProfitRatio,TotalAssets,CommonStockEquity,CurrentAssets,CurrentLiability,TotalLiability,Inventory,RetainedEarnings,MarketCap,EnterpriseValue,bookValuePerShare,currentRatio,debtToAssets,debtToEquity,roic,shareholdersEquityPerShare,roe,priceToSalesRatio,peRatio,pbRatio,payoutRatio,inventoryTurnover,dividendYield,assetTurnover,quickRatio,returnOnAssets,priceToFreeCashFlowsRatio,grossProfitMargin,epsdilutedGrowth,fiveYNetIncomeGrowthPerShare,fiveYRevenueGrowthPerShare,fiveYShareholdersEquityGrowthPerShare,grossProfitGrowth,netIncomeGrowth,operatingIncomeGrowth,threeYNetIncomeGrowthPerShare,threeYRevenueGrowthPerShare,threeYShareholdersEquityGrowthPerShare,Industry,Sector,Symbol
2023Q1,2023,Q1,2023-05-04,2023-03-31,-410222.0,248175.0,-488846.0,-0.0123,248175.0,1.0,5319435.0,4818729.0,4917544.0,283763.0,500706.0,0.0,-122819115.0,56920168.08,56184350.08,0.14476462153834174,17.329757579388435,0.07831940798223871,0.08645744552142276,-0.07669211396562904,0.14476462153834174,-0.08513074713269828,229.35496355394378,-34.688636933172766,11.812278316543637,0.0,0.0,0.0,0.04665439092685596,17.001356766033627,-0.07711758861608423,-95.21209062852841,1.0,0.51953125,0.6166353691035908,-0.5751001788691144,0.15995075835639957,0.9104639615713263,0.4940415549432523,0.40390885833924733,0.38195902493809986,-0.344318144695594,-0.2949573121985129,Electronic Components,Technology,REFR
2022Q4,2022,Q4,2023-03-09,2022-12-31,-810782.0,129903.0,-820086.0,-0.0256,129903.0,1.0,5366451.0,4796865.0,4921488.0,301863.0,569586.0,0.0,-122356477.0,60444853.199999996,56678065.199999996,0.15157638185810005,16.303713936454617,0.08648695385460521,0.09675652744031779,-0.14242624053374256,0.15157638185810005,-0.1690233100160209,465.30760028636746,-18.637825334060203,12.600907717853222,0.0,0.0,0.0,0.02420650072086748,15.969214511218665,-0.15108346279505766,-106.56070193253576,1.0,-0.695364238410596,0.053484381032932786,-0.6372876021644188,0.4578067227402243,-0.13653011439548535,-0.6846753063255685,-0.6867637893905456,0.36152085700129744,-0.6629410563984522,-0.32712791781254646,Electronic Components,Technology,REFR
2022Q3,2022,Q3,2022-11-03,2022-09-30,-481269.0,150443.0,-486189.0,-0.0151,150443.0,1.0,5965537.0,5380008.0,5499250.0,267724.0,585529.0,0.0,-121541043.0,67797354.72,63510191.72,0.16902454509216286,20.54074345221198,0.08565649664062096,0.09497885505002966,-0.07555730236190525,0.16902454509216286,-0.08945507144227295,450.6514408779405,-35.21801462383822,12.601720056921847,0.0,0.0,0.0,0.025218685258343046,19.918569123425616,-0.08067488308261268,-126.50270689037497,1.0,0.3547008547008547,-0.19927367135325091,-0.767285183109618,0.2863116793918948,1.2287588059892132,0.35008966720503,0.3457815275310835,-0.18104817006383905,-0.6827787242820739,-0.3291863637639363,Electronic Components,Technology,REFR
2022Q2,2022,Q2,2022-08-04,2022-06-30,-740516.0,85511.0,-743160.0,-0.0234,-657649.0,-7.6908117084,3071893.0,2413737.0,2561895.0,290954.0,658156.0,0.0,-121057314.0,55071689.04,53744806.04,0.07626245813796453,8.805154766732885,0.181387502754816,0.23084660839188362,-0.2102623516440151,0.07626245813796453,-0.3067923307303157,644.030464384699,-18.592335965732005,22.815944338591983,0.0,0.0,0.0,0.027836581547599475,7.996246829395712,-0.24106178177430007,-94.578256152035,-7.690811708435172,-0.08837209302325594,-0.1484968682833693,-0.8134289734219785,-0.47043709607528245,-4.783331799249833,-0.08739341058236332,-0.29089187851205933,0.48737556281169425,-0.7344432371887831,-0.723486733962033,Electronic Components,Technology,REFR
2022Q1,2022,Q1,2022-05-05,2022-03-31,-681001.0,173828.0,-575695.0,-0.0215,173828.0,1.0,3859915.0,3155575.0,3306496.0,287725.0,704340.0,0.0,-120315476.0,60768760.32,58905171.32,0.09970096424701921,11.491862021027023,0.1561650968998022,0.19102192151984979,-0.14306705680567466,0.09970096424701921,-0.21580884624830657,349.59132199645626,-22.308616404381198,19.257587070502208,0.0,0.0,0.0,0.04503415230646271,11.190974020331915,-0.17642901462856048,-121.8888041736284,1.0,0.1295546558704454,0.4568966543446468,-0.6640893272467645,-0.3934793493812105,-0.1820166770192181,0.12996024141332066,0.26449808617085974,0.24463719407180837,-0.6297716845641419,-0.17178465125125422,Electronic Components,Technology,REFR
2021Q4,2021,Q4,2022-03-09,2021-12-31,-782724.0,212508.0,-782724.0,-0.0247,212508.0,1.0,4545987.0,3783923.0,3949642.0,297936.0,762064.0,0.0,-119687128.0,54438681.12,54814936.12,0.11955373322975169,13.256679286826701,0.14215152836996675,0.17078016650973077,-0.15418997979064136,0.11955373322975169,-0.20685516063619688,256.1723846631656,-17.38757247765496,14.38683639175533,0.0,0.0,0.0,0.04674628414027581,12.944763304870845,-0.1721791109389446,789.1379447706023,1.0,-37.16398243045388,0.5707481471405801,-0.41879362396823777,-0.41395006764602926,0.0,-37.213750346997315,-46.43852316266109,-0.10055710348213512,-0.4889633919149322,0.08857988584145182,Electronic Components,Technology,REFR
2021Q3,2021,Q3,2021-11-04,2021-09-30,21614.0,723465.0,17226.0,0.000683,0.0,0.0,5136648.0,4349639.0,4496278.0,276022.0,787009.0,0.0,-118904404.0,81025013.76,78729458.76,0.13742763281697962,16.28956387534327,0.13414526360381324,0.15841705484064308,0.00300746208853629,0.13742763281697962,0.0049691480143524555,111.99576173000767,937.1820782825946,18.62798585353865,0.0,0.0,0.0,0.14084379540899045,15.714627819521633,0.0042078024423709785,-166.38331456451832,0.0,1.03415,1.0293346273944546,0.8032969578646412,-0.4689877822268834,0.0,1.0409406461022663,1.0325663435743575,1.0257981607838835,0.6522619545154208,-0.04209851663083976,Electronic Components,Technology,REFR
2021Q2,2021,Q2,2021-08-05,2021-06-30,-527935.0,113937.0,-528951.0,-0.02,0.0,0.0,5185846.0,4328025.0,4501380.0,300617.0,857821.0,0.0,-118926018.0,75011438.52000001,72271155.52000001,0.13674473456824995,14.9738038766936,0.14101980660436117,0.16897014227043514,-0.09134587737208277,0.13674473456824995,-0.12198058005672333,658.3589046578373,-35.52115247142167,17.33156313098931,0.0,0.0,0.0,0.021970764268742265,14.308754993895887,-0.10180306164124427,-100.77157562559532,0.0,0.0,0.6408745590764916,-0.6458954490169359,-0.5152318296464798,0.0,0.052703447112632716,0.05146588099008161,0.255606379096978,-0.718166973368663,0.3474397292479146,Electronic Components,Technology,REFR
2021Q1,2021,Q1,2021-05-10,2021-03-31,-557307.0,213123.0,-557651.0,-0.02,0.0,0.0,5767119.0,4855960.0,5039102.0,308375.0,911159.0,0.0,-118398083.0,89843087.6,86400101.6,0.15350013861277848,16.340825293879206,0.13403139418486076,0.1591806769413257,-0.08710697276281609,0.15350013861277848,-0.11476762576297993,421.55510010651125,-40.30233228723127,18.50161195726489,0.0,0.0,0.0,0.03695484695217838,16.0643080664775,-0.0966352523677767,-139.7235602778201,0.0,0.284860112381181,0.6400278208852632,-0.6040836660389216,-0.5327660003068321,0.0,0.3688954166506241,0.36901390282842844,0.45198641113327875,-0.6160606959616075,0.22994555092002636,Electronic Components,Technology,REFR
2020Q4,2020,Q4,2021-03-11,2020-12-31,-883066.0,130536.0,-883777.0,-0.02796655639862773,0.0,0.0,6199290.0,5327005.0,5427509.0,226066.0,872285.0,0.0,-117840776.0,88727958.66,84767849.66,0.1687053807623348,24.00851521237161,0.13107888161386222,0.1525427515085869,-0.1271219730971375,0.1687053807623348,-0.16577157333248232,679.7202201691487,-25.119288552611017,16.656255937435763,0.0,0.0,0.0,0.021056604869267286,23.758535118062866,-0.14244631240029101,-132.92518334749056,0.0,-1.7966556398627729,0.629492357749438,-0.7375588009676199,-0.5530615527304806,0.0,-1.033669335802111,-0.9929799636933554,-0.03321009334677484,-0.6347036692152407,0.6225472281560352,Electronic Components,Technology,REFR
2020Q3,2020,Q3,2020-11-05,2020-09-30,-434223.0,165628.0,-443445.0,-0.01,0.0,0.0,6861237.0,5882517.0,6101858.0,289663.0,978720.0,0.0,-116957710.0,85254622.2,80666086.2,0.18629835532835193,21.065369066812124,0.12412805446015056,0.14478020208016398,-0.0584567789997734,0.18629835532835193,-0.07381585127590791,514.7355652425919,-49.0845845337534,14.492881567533082,0.0,0.0,0.0,0.024139670441350444,20.695832743567525,-0.06328640156286687,-212.53190223813252,0.0,0.0,0.5699473022503028,-0.7176848048100034,-0.5674986695990806,0.0,-0.08833002072780408,0.2640906367774623,-0.09074243657425567,-0.741735458452195,0.4177689410712194,Electronic Components,Technology,REFR
2020Q2,2020,Q2,2020-08-06,2020-06-30,-398981.0,176113.0,-602581.0,-0.01,0.0,0.0,7410243.0,6316740.0,6632339.0,362197.0,1093503.0,0.0,-116523487.0,127786189.85999998,122839353.85999998,0.20069433503023454,18.311413402098857,0.12071264059761604,0.14160943777961416,-0.07433985215451729,0.20069433503023454,-0.06316248571256693,725.5920338646209,-80.07034787370826,20.229768814293447,0.0,0.0,0.0,0.02376615719619451,17.92909935753195,-0.053841824080532855,-264.9472740655348,0.0,0.5,0.36772159184675296,-0.8328258803174828,-0.5620557637682373,0.0,0.3612154455534315,0.06949656107451366,0.37774435695485575,-0.6136019806545344,0.3936119744210466,Electronic Components,Technology,REFR
2020Q1,2020,Q1,2020-05-07,2020-03-31,-624594.0,356173.0,-647586.0,-0.02,0.0,0.0,7627481.0,6431514.0,6766140.0,422991.0,1195967.0,0.0,-116124506.0,73296299.7,68395078.7,0.20532745611440464,15.995943176095945,0.12273698223568175,0.14556043880181246,-0.07798612260174843,0.20532745611440464,-0.09711461407065272,205.7884783518122,-29.337577570389726,11.396430094064943,0.0,0.0,0.0,0.04669601930178521,15.565456475433283,-0.08188732295760554,-96.66151424675384,0.0,0.5015764294596747,0.6074791494761436,-0.28237248812315013,-0.5602367326896998,0.0,0.5030643070878859,0.4918415101327864,0.4966784888482885,-0.30453061151964833,0.24908864435714745,Electronic Components,Technology,REFR
2019Q4,2019,Q4,2020-03-12,2019-12-31,-1256891.0,381464.0,-1274378.0,-0.040126513235155856,0.0,0.0,8256133.0,7056108.0,7306857.0,387429.0,1200025.0,0.0,-115499912.0,94282847.05,88666719.05,0.22526775277306393,18.859860774490294,0.11819480136766207,0.13829606916447423,-0.14147538370198534,0.22526775277306393,-0.1781280842073279,247.16053690518632,-18.753186841579737,13.361876979490676,0.0,0.0,0.0,0.04620371304580486,18.70800069173965,-0.15223725199194343,-221.86183011657513,0.0,-3.0126513235155854,0.34285428215931923,-0.34011600692315924,-0.5535699703815918,0.0,-2.160304441404836,-2.1017706976913995,0.30351125970378223,0.05419657235396406,0.1042578739091318,Electronic Components,Technology,REFR
2019Q3,2019,Q3,2019-11-07,2019-09-30,-397712.0,462869.0,-410855.0,-0.01,0.0,0.0,8986306.0,7827615.0,7898566.0,307019.0,1158691.0,0.0,-114243021.0,99410336.0,93408362.0,0.25196945315625935,25.72663581081301,0.11294385034295516,0.12966248340011613,-0.04167938539454838,0.25196945315625935,-0.050808835130496326,214.76991546204218,-62.48889648791085,12.699952156563652,0.0,0.0,0.0,0.0515082615704384,25.381758132232857,-0.044257562562414414,-286.9854818920596,0.0,0.7999999999999999,0.5212805664794506,-0.21298870058528746,-0.533711988379912,0.0,0.7055027923446365,0.5685660311183124,0.45006455921935096,0.17545336824159488,-0.02640498574422494,Electronic Components,Technology,REFR
2019Q2,2019,Q2,2019-08-08,2019-06-30,-1350478.0,301035.0,-952301.0,-0.05,0.0,0.0,9349189.0,8160680.0,8173932.0,293999.0,1188509.0,0.0,-113845309.0,100306994.76,94061851.76,0.2758003593487382,27.802584362531846,0.11268645868641654,0.12909794281849063,-0.09274694883992904,0.2758003593487382,-0.16548596440492705,333.20708475758636,-18.568794671220118,12.291499576015724,0.0,0.0,0.0,0.03219904956461999,27.45403895931619,-0.14444867891749755,-155.76611983061034,0.0,-0.6666666666666669,-0.05697555281389971,-0.39426086765447466,-0.5177212610336095,0.0,-0.6799142178662192,-0.6930638325107739,0.01734547505778877,0.0007632472637881926,-0.02227141683761685,Electronic Components,Technology,REFR
2019Q1,2019,Q1,2019-05-14,2019-03-31,-803897.0,418657.0,-562472.0,-0.03,0.0,0.0,5454020.0,3397375.0,4254319.0,371467.0,2056645.0,0.0,-112494831.0,63781663.49999999,61537429.49999999,0.12038048364793746,11.452750850008211,0.2006371447116072,0.3220954413333824,-0.10069436923070864,0.12038048364793746,-0.23662298097796092,152.34825525430122,-19.835147879641294,18.773807277677616,0.0,0.0,0.0,0.07676117799348003,11.045059184261321,-0.14739531574875045,-87.05195752608556,0.0,-0.33507091180885806,0.42693360778219785,0.11215931073210113,-0.7436447668885765,0.0,-0.2676404359728022,0.1309482791919348,0.41795873905086445,-0.12821301415611744,-0.6335778236545416,Electronic Components,Technology,REFR
2018Q4,2018,Q4,2019-03-14,2018-12-31,-634168.0,370793.0,-647225.0,-0.022470716524977435,0.0,0.0,4058566.0,3099490.0,3711822.0,457662.0,959076.0,0.0,-111690934.0,44026281.0,41056865.0,0.10982541087220153,8.110400251714147,0.0,0.0,-0.20881661176516136,0.10982541087220153,-0.20460398323595172,118.73546965557603,-17.355921853515156,14.204362975844415,0.0,0.0,0.0,0.09136059386492668,7.995186403940026,-0.15625420407109308,-101.30136192007951,0.0,0.25097611583408547,0.8014649897621613,-0.2863480721869554,-0.7861101391564443,1.0,0.07864727786244681,-0.6024783975835004,0.702302561649719,-0.16593478969752418,-0.7090478182488562,Electronic Components,Technology,REFR
2018Q3,2018,Q3,2018-11-08,2018-09-30,-688301.0,359725.0,-403890.0,-0.03,-213243.0,-0.5927944957953992,4599466.0,3730477.0,4207443.0,358988.0,868989.0,0.0,-111056766.0,42383688.69,38982846.69,0.14346739743383105,11.720288700457955,0.0,0.0,-0.10826765585205324,0.14346739743383105,-0.1845075040001587,117.82247186044894,-15.394314656669103,11.361466292380303,0.0,0.0,0.0,0.07821016613667761,11.450669660267195,-0.1496480243576102,-81.15733672767936,-0.5927944957953992,-0.4999999999999999,0.2946045615172087,-0.3743145710552644,-0.7270163668333721,0.0,-0.2077765748186934,0.2938134145552523,0.17219074651101463,-0.2554152433167225,-0.6669329680880639,Electronic Components,Technology,REFR
2018Q2,2018,Q2,2018-08-13,2018-06-30,-569891.0,324853.0,-571931.0,-0.02,0.0,0.0,3041191.0,2581038.0,2604319.0,460153.0,460153.0,0.0,-110368464.0,20956576.936,19094604.936,0.10148486169735788,5.659680584501242,0.0,0.0,-0.2215895310336384,0.10148486169735788,-0.22079915134918587,64.51095398841937,-9.193239117655832,8.119437581314184,0.0,0.0,0.0,0.10681769083230878,5.424960828246257,-0.18739072948723048,-48.22337544210064,0.0,0.3333333333333333,0.3412292596218733,-0.43908937466587494,-0.8171876768298855,0.0,0.28204246334251737,0.2807455493905721,-0.11766766944135307,-0.6183816365025173,-0.7785452676656773,Electronic Components,Technology,REFR
2018Q1,2018,Q1,2018-05-14,2018-03-31,-793767.0,433269.0,-795172.0,-0.03,0.0,0.0,3601448.0,3081620.0,3124800.0,519828.0,519828.0,0.0,-109798573.0,24074696.099999998,21778151.099999998,0.12480238535596717,6.011219095546989,0.0,0.0,-0.2580370065095631,0.12480238535596717,-0.2575810774852188,55.56524030106007,-7.582419053702157,7.812350679188219,0.0,0.0,0.0,0.12030411101312583,5.836061158690952,-0.22040218267763412,-34.82515036843521,0.0,-0.10833462506396306,0.5364428631869603,-0.43143418527431787,-0.7849171182272411,1.0,-0.18764457158930747,-0.18810774628105595,0.3671978329804683,0.10740300420120534,-0.7327025533220495,Electronic Components,Technology,REFR
2017Q4,2017,Q4,2018-03-13,2017-12-31,-668354.0,279439.0,-669276.0,-0.02706763762637901,-468212.0,-1.6755427839349555,2881113.0,2567366.0,2364985.0,313747.0,313747.0,0.0,-109062827.0,25679675.84,23941828.84,0.1039756364775047,7.537872872091207,0.0,0.0,-0.2606858546853078,0.1039756364775047,-0.2603267317554256,91.89725070587856,-9.605566750554347,10.002343195321586,0.0,0.0,0.0,0.09698994798190838,7.443220174216806,-0.2319777113913963,-57.03970804541022,-1.6755427839349555,-1.7067637626379006,-0.026509112330787888,-0.5302165202286683,-0.8318796160072841,-2.9360430414862764,-1.2047846195462133,-1.1997495488921976,0.5567174737062807,-0.3867874301146035,-0.7939436696960045,Electronic Components,Technology,REFR
2017Q3,2017,Q3,2017-11-02,2017-09-30,-303138.0,488336.0,-304251.0,-0.01,-118955.0,-0.2435925264571934,3581172.0,3159421.0,3021312.0,421751.0,421751.0,0.0,-108394473.0,28612176.74,26424122.74,0.13140248028539195,7.1637340516086505,0.0,0.0,-0.09629960679504251,0.13140248028539195,-0.09594732705771089,58.591168253006124,-23.596659557693197,9.056145648205794,0.0,0.0,0.0,0.13636206247563648,7.042650758385872,-0.08464770751027875,-131.5109357663227,-0.2435925264571934,0.5,0.7087922618067015,-0.13862016185107193,-0.7205372285843562,0.5878233692074206,0.38111357010444824,0.37990469823826256,0.528555721318004,0.07280117244256187,-0.7568300423455472,Electronic Components,Technology,REFR
2017Q2,2017,Q2,2017-08-03,2017-06-30,-489812.0,348179.0,-490652.0,-0.02,-288602.0,-0.8288897377498355,3865375.0,3462559.0,3262120.0,402816.0,402816.0,0.0,-108091335.0,31016561.34,28610942.34,0.14401019703752885,8.098288052113123,0.0,0.0,-0.14170213417302058,0.14401019703752885,-0.14145953902879344,89.08222879610774,-15.830850071047669,8.95769901393738,0.0,0.0,0.0,0.09007638327458525,7.936941432316492,-0.1267178475568347,-194.34422754956265,-0.8288897377498355,0.5,0.5121563374249078,-0.3926722476994563,-0.12052991409758514,0.6116446586708543,0.4857913716268352,0.4859225172668142,0.5282255330022047,-0.13781830949788867,-0.7481763388939595,Electronic Components,Technology,REFR
2017Q1,2017,Q1,2017-05-04,2017-03-31,-952555.0,393116.0,-954432.0,-0.04,-743139.0,-1.8903809562571863,4373101.0,3952371.0,3727610.0,420730.0,420730.0,0.0,-107601523.0,33661384.4,31096169.4,0.16438181312590341,8.85986261973237,0.0,0.0,-0.2414834032533889,0.16438181312590341,-0.24100849844308644,85.62710345038106,-8.834498900325965,8.516757257858636,0.0,0.0,0.0,0.08989410489261511,8.672504931904072,-0.21782140407916487,-51.80898324049861,-1.8903809562571863,0.3057071904408516,0.06755624553168045,-0.3594033905693196,-0.17508687630310463,0.34378923945005163,0.31234785898061546,0.31314085034111516,0.2029637794139449,0.22578084445423424,-0.6499421106629568,Electronic Components,Technology,REFR
2016Q4,2016,Q4,2017-03-16,2016-12-31,-1385228.0,277760.0,-1389560.0,-0.05761257995081153,-1132470.0,-4.077152937788019,5274196.0,4904926.0,4588974.0,369270.0,369270.0,0.0,-106648968.0,43759799.72,42068196.72,0.20399922707872942,12.42715086522057,0.0,0.0,-0.28329887137950704,0.20399922707872942,-0.28241567762694075,157.54536189516128,-7.897580708735313,8.921602429883754,0.0,0.0,0.0,0.05266395105528881,11.73147561404934,-0.26264249565241793,-33.80842504245387,-4.077152937788019,-1.8806289975405766,-0.3222626457219268,-0.38286688091937604,-0.060886130654386375,-2.5466383554436467,-1.4748102213384644,-1.4547797683296735,0.49097688373005033,-0.3725081561682361,-0.6027024534163923,Electronic Components,Technology,REFR
2016Q3,2016,Q3,2016-11-03,2016-09-30,-559731.0,304772.0,-566063.0,-0.02,-319308.0,-1.0476946701140524,6837128.0,6222623.0,6108547.0,614505.0,614505.0,0.0,-105263740.0,62273561.13999999,59284899.13999999,0.2588031465515126,9.94059771686154,0.0,0.0,-0.09096855136491476,0.2588031465515126,-0.08995097405065355,204.32835411389496,-27.814057618749004,10.007606300429899,0.0,0.0,0.0,0.04457602665914694,9.836945183521696,-0.0818663918534215,-77.31677721576193,-1.0476946701140524,0.6,0.4616069588001825,0.13447024278769226,-0.025319911875075256,0.4859472147183164,0.4987893527514466,0.49671209979283915,0.37964424454775153,-0.42671880788607924,-0.5075604319568747,Electronic Components,Technology,REFR
2016Q2,2016,Q2,2016-08-04,2016-06-30,-1116758.0,244432.0,-1124730.0,-0.05,-621158.0,-2.541230280814296,7493865.0,6782354.0,6721531.0,711511.0,711511.0,0.0,-104704009.0,87760037.89999999,83970246.89999999,0.2820827416711952,9.44684059698304,0.0,0.0,-0.1658318041199265,0.2820827416711952,-0.16465640100767373,359.0366150913137,-19.64616279892331,12.939465840326235,0.0,0.0,0.0,0.03261761454202871,9.333013825506562,-0.1490229674540441,-99.78991128526074,-2.541230280814296,0.0,0.06288323887327657,0.342694147812516,-0.06943355079747947,0.2009534664138497,0.05093512071542875,0.05293152272120621,-0.3654970684170699,-0.5535693094914416,-0.49186311664009463,Electronic Components,Technology,REFR
2016Q1,2016,Q1,2016-05-05,2016-03-31,-1176693.0,409133.0,-1187591.0,-0.05,-777374.0,-1.9000520613101364,8465568.0,7899112.0,7641606.0,566456.0,566456.0,0.0,-103587251.0,109639937.75999999,104968125.75999999,0.32852947070115157,13.490202239891536,0.0,0.0,-0.15034487420864523,0.32852947070115157,-0.14896522545825405,267.981164462412,-23.29408302760363,13.880033320201054,0.0,0.0,0.0,0.04832906663793853,13.350336124959396,-0.13899752503316967,-105.63326790824043,-1.9000520613101364,0.3375880158975486,0.429743606973392,1.1816330699049495,-0.05295218703867115,0.41727572160829485,0.35163821560871267,0.34965897360776077,0.2942909898914029,-0.44863410655024893,-0.43381638817126705,Electronic Components,Technology,REFR
2015Q4,2015,Q4,2016-03-10,2015-12-31,-1814871.0,378746.0,-1826105.0,-0.07548172617641953,-1334034.0,-3.5222391787636043,9544017.0,9075805.0,8674234.0,468212.0,468212.0,0.0,-102410558.0,125268437.66,119556127.66,0.37746893737382947,18.526295780543855,0.0,0.0,-0.20120584344859768,0.37746893737382947,-0.1999680469115412,330.74524261642364,-17.255832185868858,13.802460240166024,0.0,0.0,0.0,0.03968412881075128,18.241243282957292,-0.1901579806490286,-172.478586420739,-3.5222391787636043,-1.5160575392139846,-0.8990796416926953,-0.14598931398212223,-0.06453034036836512,-1.969290660327593,-1.3652074753688161,-1.3816948710424206,-1.8625578930848612,-0.34610045200033424,-0.3896625705163121,Electronic Components,Technology,REFR
2015Q3,2015,Q3,2015-11-04,2015-09-30,-767320.0,445846.0,-766725.0,-0.03,-449277.0,-1.0076954822965778,10698510.0,10336205.0,9783748.0,362305.0,362305.0,0.0,-100595687.0,121659912.66000001,115232077.66000001,0.43074631737122604,27.004176039524708,0.0,0.0,-0.07417857908197448,0.43074631737122604,-0.07423614372973446,272.8742943976171,-39.63793223817964,11.770268939131915,0.0,0.0,0.0,0.04167365362092478,26.790957894591575,-0.07172213700786371,-170.6820027020695,-1.0076954822965778,-0.4999999999999999,0.27193449386608615,1.302221138871064,0.09885250770392541,-1.8393381911484963,-0.5943085934172334,-0.556009018753894,0.26140996308525094,-0.21200178811367792,-0.0839019220322303,Electronic Components,Technology,REFR
2015Q2,2015,Q2,2015-08-04,2015-06-30,-481287.0,803494.0,-492751.0,-0.02,-158233.0,-0.19693115318844945,11389874.0,11001058.0,8920647.0,388816.0,388816.0,0.0,-99828367.0,128191554.06,122596635.06,0.45826458810620335,22.943106765153697,0.0,0.0,-0.044791237351898334,0.45826458810620335,-0.04374915576301843,159.54264009438776,-66.58789561114263,11.65265686809396,0.0,0.0,0.0,0.07054459074788712,22.69965999341591,-0.04225569132722627,-109.3948869966821,-0.19693115318844945,0.6,0.524809392999056,2.560670286840746,0.9354720467229853,0.8004977689913118,0.6043274412456007,0.5986039346917097,0.5198895485806517,0.40374742829888566,1.7986212432079958,Electronic Components,Technology,REFR
2015Q1,2015,Q1,2015-05-05,2015-03-31,-1216377.0,379398.0,-1227593.0,-0.05,-793139.0,-2.090519718079695,11628977.0,11179629.0,9262423.0,449348.0,449348.0,0.0,-99347079.0,146059278.4,139532352.4,0.46690451744693817,20.613028209761698,0.0,0.0,-0.1098062377561903,0.46690451744693817,-0.10880298442819525,384.9764057796826,-30.019327560452062,13.064769716419033,0.0,0.0,0.0,0.032625225761474974,20.437723101026375,-0.1045987966095384,-113.56741409312792,-2.090519718079695,0.1811577123714069,0.4886918193186701,1.0916211227924122,0.6570099797238764,0.18413256499564878,0.16804632874008343,0.16510718463505536,-0.1956536804009753,-0.379183037369677,1.3430552117121781,Electronic Components,Technology,REFR
2014Q4,2014,Q4,2015-03-11,2014-12-31,-1462073.0,441895.0,-1470360.0,-0.061061819541345895,-972142.0,-2.1999388995123277,12564854.0,12082170.0,10367561.0,482684.0,482684.0,0.0,-98130702.0,122594017.28,115024480.28,0.5045981180200052,21.478982108377323,0.0,0.0,-0.121696681970209,0.5045981180200052,-0.12101079524621819,277.4279348714061,-20.962362563291983,10.146688656094064,0.0,0.0,0.0,0.0351691312927313,21.22777842232185,-0.11636211610576613,-107.14349650936371,-2.1999388995123277,-1.0353939847115299,-0.3825278797837403,0.247354547503184,1.031066369800002,0.0,-1.2851817582204605,-1.2640289232020006,-0.4014259234401388,-0.014100015083791849,1.3229259142996612,Electronic Components,Technology,REFR
2014Q3,2014,Q3,2014-11-04,2014-09-30,-639806.0,452937.0,-649444.0,-0.03,0.0,0.0,13201985.0,12928135.0,13017040.0,273850.0,273850.0,0.0,-96668629.0,137565673.75,133927698.75,0.5403730031162661,47.533467226583895,0.0,0.0,-0.0502349333449875,0.5403730031162661,-0.04948942751603383,303.71922309283633,-53.752885151905424,10.640798054011658,0.0,0.0,0.0,0.03430824985788122,47.25377761548293,-0.048462863728446895,-161.0788344513698,0.0,0.25000000000000006,0.48292187449583224,1.310574475067647,0.8092756347551459,1.0,0.37095754543997655,0.3668322111794218,0.3815136932126524,0.6944062544545009,1.0351020198777185,Electronic Components,Technology,REFR
2014Q2,2014,Q2,2014-08-04,2014-06-30,-1017111.0,395619.0,-1025706.0,-0.04,-676079.0,-1.7089143847995167,13797900.0,13470199.0,13667666.0,327701.0,327701.0,0.0,-95483148.0,142741391.1,135248019.1,0.5718692056378593,41.70773357420331,0.0,0.0,-0.0761463137998184,0.5718692056378593,-0.07550823859395099,360.80519666648973,-35.08500819969502,10.596828680853193,0.0,0.0,0.0,0.028672406670580304,41.54709323438134,-0.07371491313895592,-129.31851699180194,-1.7089143847995167,0.20000000000000004,0.1826381099364676,0.8639446105500628,2.214087197026797,0.04493912198346921,0.11483443466546221,0.11401705444569596,0.1287764194083503,1.2183129398357162,0.8865468087338516,Electronic Components,Technology,REFR
2014Q1,2014,Q1,2014-05-05,2014-03-31,-1149063.0,308347.0,-1157704.0,-0.05,-707891.0,-2.295760944650021,11251607.0,10855496.0,11116505.0,396111.0,396111.0,0.0,-94466037.0,119978418.51,114880494.51,0.4695846548044318,28.064115866512164,0.0,0.0,-0.10664680821585674,0.4695846548044318,-0.1058508058959259,389.1019484866076,-26.10353359867997,11.052320272606615,0.0,0.0,0.0,0.027404707611988224,27.861695332873865,-0.10212434543794499,-141.24297161565113,-2.295760944650021,0.5582361380929795,0.5080258590140465,0.12512138378378346,1.0732217689177372,0.62311020293423,0.5608344681324334,0.5591512825199537,0.4208127460118713,0.7101140995508961,0.3536658351642328,Electronic Components,Technology,REFR
2013Q4,2013,Q4,2014-03-10,2013-12-31,-2616469.0,425592.0,-2626080.0,-0.11318263966671784,-1878244.0,-4.413250249064832,12032265.0,11869937.0,11945295.0,162328.0,162328.0,0.0,-93316974.0,133617583.62,127751460.62,0.5134671201293199,73.58739712187669,0.0,0.0,-0.22123790547498273,0.5134671201293199,-0.2204282128877348,313.9569907799019,-12.766975609112894,11.256806469992219,0.0,0.0,0.0,0.035370896502030166,72.75525479276527,-0.21745440280778391,-131.09505261753344,-4.413250249064832,-1.829565991667946,-0.9720975405064369,0.4221997901781946,0.6590917551977062,-3.2234494668531517,-2.04256855599253,-2.020277567243983,-1.8476143521377502,-0.0018935356667820074,0.27250977376108976,Electronic Components,Technology,REFR
2013Q3,2013,Q3,2013-11-05,2013-09-30,-859954.0,506692.0,-869483.0,-0.04,-444718.0,-0.8776890102863278,12298780.0,12043625.0,12206054.0,255155.0,255155.0,0.0,-90700505.0,97164242.80000001,91056697.80000001,0.5255531101612207,47.83780055260528,0.0,0.0,-0.07219445972454307,0.5255531101612207,-0.07140325275820196,191.76194374491803,-28.246930300923076,8.067690815680495,0.0,0.0,0.0,0.0411985579057435,47.54411632145167,-0.06992189469199384,-105.2781338542835,-0.8776890102863278,-0.3333333333333334,-4.699281231900221,-0.7084559426960868,0.41112605893245907,-0.12203921806089597,-0.10324062195309694,-0.09972604333726266,0.14558653169048116,1.7397134202222535,0.3407087414157712,Electronic Components,Technology,REFR
2013Q2,2013,Q2,2013-08-06,2013-06-30,-779480.0,521844.0,-790636.0,-0.03,-396348.0,-0.7595143376181388,13088783.0,12721444.0,12993261.0,367339.0,367339.0,0.0,-89840551.0,88914448.6,81883974.6,0.5551314043688508,35.371308246606,0.0,0.0,-0.06214986286148019,0.5551314043688508,-0.06127291838882441,170.38511240907243,-28.51723219325704,6.98933616341038,0.0,0.0,0.0,0.03986955853726049,35.196641249635896,-0.059553283143283835,-114.24231186809148,-0.7595143376181388,0.5714285714285715,0.3917517682897524,1.6094194812902678,0.5408026544977244,0.5873953778888195,0.5095092827513995,0.5049353928151902,0.19379361329509148,1.4225199282129004,1.3445872609405765,Electronic Components,Technology,REFR
2013Q1,2013,Q1,2013-05-07,2013-03-31,-1589184.0,707231.0,-1597036.0,-0.07,-960600.0,-1.3582549407477895,13837018.0,13297122.0,13754566.0,539896.0,539896.0,0.0,-89061071.0,98539208.5,90723902.5,0.5802525255720925,25.476325070013484,0.0,0.0,-0.12010388413372458,0.5802525255720925,-0.1195133804141979,139.33100853893566,-15.501541750357415,7.410566624868147,0.0,0.0,0.0,0.05111151839218537,25.313182538859337,-0.11485017942449739,-171.39429614542368,-1.3582549407477895,-1.654669714993066,-0.08762704835607447,1.7998739796276246,0.4047455971015625,-4.3456354550412355,-1.6299411186464239,-1.6061037261384516,0.30201285007838047,3.073877561823785,1.0592737694858776,Electronic Components,Technology,REFR
2012Q4,2012,Q4,2013-03-12,2012-12-31,-604266.0,552044.0,-612806.0,-0.026368628686519235,-179698.0,-0.32551390831165633,14415067.0,14172675.0,14333421.0,242392.0,242392.0,0.0,-87471887.0,85706195.30000001,77315962.30000001,0.6184594277515432,59.13322634410377,0.0,0.0,-0.04323855588306371,0.6184594277515432,-0.04263598791336145,155.2524713609785,-35.458802621693096,6.047284320003105,0.0,0.0,0.0,0.03829631870597618,58.30007591009604,-0.041919055943340396,-100.85846508513512,-0.32551390831165633,0.3407842828370191,0.8325077933005651,1.2604626527776184,0.3026233910198536,0.6409013336957,0.30260691730989403,0.2954536047864537,0.402976121828573,0.6281830259441589,1.4893714422100024,Electronic Components,Technology,REFR
2012Q3,2012,Q3,2012-11-06,2012-09-30,-866464.0,471886.0,-869788.0,-0.04,-500414.0,-1.0604552794530882,9754101.0,9410151.0,9664567.0,343950.0,343950.0,0.0,-86867621.0,90059494.5,82093740.5,0.4701967264539776,28.098755633086203,0.0,0.0,-0.09243082284226894,0.4701967264539776,-0.0920775872778237,190.85010892461315,-25.984776776646232,9.57046220618564,0.0,0.0,0.0,0.04837821548085262,27.88472743131269,-0.08883073898865718,-106.41933957247687,-1.0604552794530882,0.0,0.7297956112496727,1.4104496599791305,-0.10864728233618112,-0.24670581406067432,-0.09741359329542994,-2.096775576546484,0.16288789091607694,1.8776933195873797,0.5743115881230892,Electronic Components,Technology,REFR
2012Q2,2012,Q2,2012-08-07,2012-06-30,-789551.0,450828.0,793041.0,-0.04,-401389.0,-0.8903373348594142,3569333.0,3096047.0,3476904.0,473286.0,473286.0,0.0,-86001157.0,58991571.6,57152880.6,0.16374655527909346,7.346306461632079,0.0,0.0,0.2561463052724975,0.16374655527909346,-0.2550190614031376,130.8516143629056,-18.67883505941985,19.05383593982908,0.0,0.0,0.0,0.12630595127997304,7.238629496752492,-0.22120407370228556,-294.06683548846996,-0.8903373348594142,0.0,0.12775691095893252,5.39843964058378,-0.7071717586218618,0.5804946619774982,0.017163364407802934,1.552814012448477,0.2095613828545373,1.6461147366291926,-0.0796921714070124,Electronic Components,Technology,REFR
2012Q1,2012,Q1,2012-05-07,2012-03-31,-803339.0,482578.0,-1434553.0,-0.04,-956815.0,-1.9827157475061026,4323820.0,3767740.0,4224828.0,556080.0,556080.0,0.0,-85211625.0,66932744.7,65101000.7,0.19927166680197414,7.597518342684506,0.0,0.0,-0.21589649601107813,0.19927166680197414,-0.213215083843365,138.6982927112301,-20.829545403621637,17.764693078609458,0.0,0.0,0.0,0.1116091789204916,6.351348726801899,-0.18579381195331907,-84.2954068254692,-1.9827157475061026,0.08196255272661056,0.671862651712334,11.764100640536526,-0.672046585768626,-0.8271718809377858,0.02486693169058963,-0.7194113106595967,0.5794693158933716,1.1529184195241078,-0.12021324948441285,Electronic Components,Technology,REFR
2011Q4,2011,Q4,2012-03-13,2011-12-31,-823825.0,353934.0,-834328.0,-0.0435712073824458,-523659.0,-1.4795385580362441,4417137.0,4107198.0,4312104.0,309939.0,309939.0,0.0,-84408286.0,64096611.45,61693247.45,0.2172252308667091,13.912750573499947,0.0,0.0,,0.2172252308667091,-0.20058078524580505,181.09763811897133,-19.45091841410494,15.60592195701303,0.0,0.0,0.0,0.08012746718066475,13.365436424586774,-0.18650655390584445,-60.632781886394085,-1.4795385580362441,-0.08928018456114492,0.17713884141478312,6.693724543536461,0.08147449223037177,-0.11076489054810792,-0.027418188167215404,-0.026991629739044804,0.24081404030829812,0.4460717486132437,-0.29811165034071274,Electronic Components,Technology,REFR
2011Q3,2011,Q3,2011-11-10,2011-09-30,-801840.0,207200.0,-812400.0,-0.04,-471440.0,-2.2752895752895754,5256461.0,4924013.0,5144959.0,332448.0,332448.0,0.0,-83584461.0,70097661.89999999,67382113.89999999,0.2655262477449337,15.475981206083357,0.0,0.0,,0.2655262477449337,-0.16284278697070864,338.309179054054,-21.85525226354385,14.235880754173474,0.0,0.0,0.0,0.039418156055947146,15.101618899797863,-0.1525436981269337,-86.56244484701645,-2.2752895752895754,0.20000000000000004,0.20884221256488408,3.313885405502942,0.2059760090251976,0.209399201081324,0.1276022116759255,0.12020221054067928,-5.262444399600021,-0.8526742100222765,-0.28705396223706037,Electronic Components,Technology,REFR
2011Q2,2011,Q2,2011-08-08,2011-06-30,-919122.0,140407.0,-923394.0,-0.05,-596306.0,-4.2469819880775175,6017887.0,5621353.0,5899268.0,396534.0,396534.0,0.0,-82782621.0,84747702.35000001,81222361.35000001,0.3031301439171112,14.877079897310193,0.0,0.0,,0.3031301439171112,-0.16350547635062235,603.5860202838891,-23.051265868404847,15.076032825193508,0.0,0.0,0.0,0.023331611244943616,14.59016629091074,-0.15273168140245905,-102.42057790942755,-4.2469819880775175,0.4444444444444444,0.17686817034382257,0.6369110602925133,1.207812072738887,0.4951902604785274,0.4216743294609323,0.42042279157931733,0.11370577101662195,-0.13239739462872802,-0.15864293259217788,Electronic Components,Technology,REFR
2011Q1,2011,Q1,2011-05-05,2011-03-31,-1589281.0,144441.0,-1593220.0,-0.09,-1181249.0,-8.17807270788765,6961928.0,6424126.0,6636877.0,537802.0,537802.0,0.0,-81863499.0,126297861.36,119945072.36,0.3468985052337231,12.340744363167113,0.0,0.0,,0.3468985052337231,-0.2473925635954214,874.3906602695911,-19.867138246792102,19.659929048714176,0.0,0.0,0.0,0.020747270009112417,12.17466279411382,-0.22828173459995565,-188.29854749736108,-8.17807270788765,-1.2643516041600151,-0.2911312418230727,3.104154515184905,0.7563402244132683,-1.714391745944207,-1.1591878324310003,-1.1525898443674922,-0.34597036885281707,-0.29238558049940344,-0.16018608038330442,Electronic Components,Technology,REFR
2010Q4,2010,Q4,2010-12-31,2010-12-31,-736055.0,341580.0,-740141.0,-0.039746477461651296,-435180.0,-1.274020727208853,7784691.0,7472452.0,7455820.0,312239.0,312239.0,0.0,-80274218.0,97964176.92,91006632.92,0.40350740773620336,23.87856737947534,0.0,0.0,,0.40350740773620336,-0.09850247281615192,286.79716880379414,-33.273388850018,13.1100443228006,0.0,0.0,0.0,0.04387842754452296,23.50033467952434,-0.09455160134165891,-110.7878732485157,-1.274020727208853,0.006338063458717624,0.40971679877467576,6.549527768854787,0.5285467979722108,0.02819090494948683,0.017795783509543084,0.017515424724160268,0.7475323689477721,0.730792753675763,-0.1501169451359335,Electronic Components,Technology,REFR
2010Q3,2010,Q3,2010-11-08,2010-09-30,-749391.0,137702.0,-753336.0,-0.04,-447804.0,-3.251978910981685,6933492.0,6688429.0,6603857.0,245063.0,245063.0,0.0,-79538163.0,67565682.87280001,61595690.87280001,0.39199648210411714,26.947588987321627,0.0,0.0,,0.39199648210411714,-0.11204290275040671,490.6659516404991,-22.540196930841176,10.101876370789016,0.0,0.0,0.0,0.019860410886750862,24.916017513863782,-0.10808276695206398,-74.97884086957488,-3.251978910981685,0.0,0.33689438576595165,3.1672413722102775,0.1835346455970997,-0.042451951728247915,-0.03557106335935881,-0.035632980302880334,0.725889679183724,-0.17495761382984787,-0.2568916158280379,Electronic Components,Technology,REFR
2010Q2,2010,Q2,2010-08-05,2010-06-30,-723650.0,161229.0,-727416.0,-0.04,-429568.0,-2.664334580007319,4458448.0,4061064.0,4160960.0,397384.0,397384.0,0.0,-78788772.0,76325639.05,72373438.05,0.23677148367092513,10.470879552271859,0.0,0.0,,0.23677148367092513,-0.1781922176060264,473.3989483901779,-26.36828544531196,18.79449303187539,0.0,0.0,0.0,0.03616258393055162,10.199859581664082,-0.162309844143074,-93.71433366075266,-2.664334580007319,0.6,0.3942823146619155,2.5099348540051394,-0.40426262054669465,0.6338418106064222,0.5655760192439648,0.564287973318766,0.11872621836971231,1.5225006717946772,-0.576581155837592,Electronic Components,Technology,REFR
2010Q1,2010,Q1,2010-05-06,2010-03-31,-1665769.0,127011.0,-1669488.0,-0.1,-1173176.0,-9.236806260875042,5299058.0,4724236.0,5141972.0,574822.0,574822.0,0.0,-78065122.0,46777050.72,42010399.72,0.28177532010081374,8.945329162766908,0.0,0.0,,0.28177532010081374,-0.35260071681431665,368.2913347662801,-7.02033876245746,9.901505919687331,0.0,0.0,0.0,0.023968599702060254,8.712961577671,-0.314351909339358,-76.36620659030653,-9.236806260875042,-1.264144583584853,-0.40751208978343423,1.44687969556165,-0.41810371219099013,-2.3203031692393035,-1.249522281596599,-1.2351929951399767,0.2326768024044436,2.7885303910999464,-0.5362653419011564,Electronic Components,Technology,REFR
2009Q4,2009,Q4,2010-03-11,2009-12-31,-740499.0,248061.0,-746910.0,-0.044166790727502285,-353334.0,-1.424383518570029,4473860.0,4165337.0,4307485.0,308523.0,308523.0,0.0,-76399353.0,63543018.72,59782484.72,0.24843999463675465,13.961633330416209,0.0,0.0,,0.24843999463675465,-0.17777649203413792,256.15884286526295,-21.45276992946648,15.255192729903968,0.0,0.0,0.0,0.05544675068062031,13.409129951413671,-0.1655168020456608,-75.05131182374055,-1.424383518570029,0.11666418544995436,0.4427848793535524,1.9712485335909415,0.3836593873526425,0.26993336432666976,0.11850918930115124,0.11520642340401084,0.1658909914976223,5.081064062022586,0.2368798779841801,Electronic Components,Technology,REFR
2009Q3,2009,Q3,2009-11-05,2009-09-30,-840053.0,133086.0,-844163.0,-0.05,-483975.0,-3.636558315675578,5106450.0,4851161.0,4756383.0,255289.0,255289.0,0.0,-75658854.0,66919701.52,62358856.52,0.29866814803450126,18.63136680389676,0.0,0.0,,0.29866814803450126,-0.17316535155192747,502.83051199975955,-19.91532127139597,13.794574436923451,0.0,0.0,0.0,0.026062332931880268,18.116875384368303,-0.1645082199962792,-84.81681225768102,-3.636558315675578,0.0,0.2396617771845306,1.5186119906368039,0.13244308786739536,0.0451976286534421,-0.010093079014355643,-0.009434718088471109,0.0536821538143945,2.163487907859008,0.3565010022496624,Electronic Components,Technology,REFR
2009Q2,2009,Q2,2009-08-07,2009-06-30,-831659.0,141852.0,-836273.0,-0.05,-506885.0,-3.5733369991258495,3068216.0,2800965.0,2712567.0,267251.0,267251.0,0.0,-74818801.0,56357491.28,54811045.28,0.17792585284147516,10.149885313806122,0.0,0.0,,0.17792585284147516,-0.2969187405055044,397.297826467022,-16.941285815460425,20.120740987481103,0.0,0.0,0.0,0.046232729377592714,9.913706590433712,-0.2710562098626694,-57.8540007165346,-3.5733369991258495,0.5,0.3287851976522958,1.0584839786664075,-0.4639968167202573,0.5512969751262983,0.4771248939046242,0.4760332121585773,0.12262625814831042,0.948116358101166,0.29590162456158514,Electronic Components,Technology,REFR
2009Q1,2009,Q1,2009-05-07,2009-03-31,-1590550.0,186632.0,-1596042.0,-0.1,-1129667.0,-6.052911612156543,4115182.0,3565740.0,3757921.0,549442.0,549442.0,0.0,-73987142.0,70685100.16,68664361.16,0.22649996341180823,6.839522642972325,0.0,0.0,,0.22649996341180823,-0.4460644915220964,378.7405169531484,-11.110166319826476,19.823402760717272,0.0,0.0,0.0,0.04535206462314425,6.665755439154633,-0.3865078142351906,-61.642782096976596,-6.052911612156543,-0.7424028511029208,0.029418351424263366,3.055132571679459,-0.44033726085159863,0.5900747807886528,-0.7604121703135549,-0.7295343817185658,-0.5200123262395997,5.23805804805675,0.14676480459397445,Electronic Components,Technology,REFR
2008Q4,2008,Q4,2009-03-10,2008-12-31,-903510.0,203788.0,-922816.0,-0.057392008935649504,-2755788.0,-13.522817830294228,5283880.0,4872185.0,4937531.0,411695.0,411695.0,0.0,-72396592.0,34161841.28,31794329.28,0.30948687347803283,11.993176987818652,0.0,0.0,,0.30948687347803283,-0.18544246575201886,167.63421437964945,-9.452535467233345,7.011605938608653,0.0,0.0,0.0,0.03856787057995261,11.648902707101131,-0.17099366374709493,-43.100170044725374,-13.522817830294228,-6.73920089356495,0.5004620917996356,4.785473876562126,-0.2776779296589648,-3.35298718308861,-6.767514602151224,-8.571326600100097,0.14765934183793364,4.298293897099346,0.1723828618743686,Electronic Components,Technology,REFR
2008Q3,2008,Q3,2008-11-06,2008-09-30,156655.0,1171187.0,121883.0,0.01,1171187.0,1.0,6073572.0,5751456.0,5739115.0,322116.0,322116.0,0.0,-71493082.0,63624476.08,61189879.08,0.37243526673925265,17.81691999155584,0.0,0.0,,0.37243526673925265,0.027237450829842042,54.32477997108916,101.5359804666305,11.062325101678601,0.0,0.0,0.0,0.19283331127053405,17.505758794968273,0.02579289419801066,1309.3341855822855,1.0,1.1666666666666665,1.1364825427786331,10.831403028817423,-0.25573077949378853,7.691490230128163,1.1814199056391823,1.1359415291818726,1.153155797625637,38.1606236749613,0.12447448268432573,Electronic Components,Technology,REFR
2008Q2,2008,Q2,2008-08-07,2008-06-30,-863494.0,134751.0,-896584.0,-0.06,134751.0,1.0,5929919.0,5563199.0,5657469.0,366720.0,366720.0,0.0,-71649737.0,97432798.33999999,94952533.33999999,0.3602871547166527,15.42721695026178,0.0,0.0,,0.3602871547166527,-0.15521537158746254,723.0580725931533,-28.208881109770306,17.513807854078202,0.0,0.0,0.0,0.0227239191631454,15.21896542321117,-0.14561649155747322,-116.85083667737237,1.0,0.0,0.3505410244871943,0.7027062577400616,-0.21599052479625,-0.2082459325589184,0.12290577697781804,0.14765281870900276,0.1971477416603388,2.258535927827175,-0.09348658852897576,Electronic Components,Technology,REFR
2008Q1,2008,Q1,2008-05-07,2008-03-31,-984494.0,170193.0,-1051900.0,-0.06,170193.0,1.0,6761256.0,6377917.0,6494192.0,383339.0,383339.0,0.0,-70786243.0,104686142.52000001,101401205.52000001,0.41306591511611657,16.941120000834772,0.0,0.0,,0.41306591511611657,-0.15435980117019396,615.1025160846804,-26.58374315130412,16.41384522877924,0.0,0.0,0.0,0.02517180239884424,16.686541155478572,-0.14560815327803,-114.70543265121866,1.0,0.6188830097522727,0.40579630097162345,0.0,0.037668069760827955,1.0303402562591386,0.5949947713074364,0.5826393192723902,0.09672589191940632,2.560263197830273,-0.1469745379385848,Electronic Components,Technology,REFR
2007Q4,2007,Q4,2007-12-31,2007-12-31,-2430818.0,164549.0,-2520362.0,-0.15743197373856202,-5609478.0,-34.090015739992346,7659405.0,7330808.0,7469456.0,328597.0,328597.0,0.0,-69801749.0,154404340.0,147144148.0,0.47477991875098846,22.731357863887986,0.0,0.0,,0.47477991875098846,-0.3315893691391181,938.3486985639536,-15.879874593655304,21.062390394073887,0.0,0.0,0.0,0.02148326142827021,22.401969585845276,-0.3173638161188761,-174.57489832767828,-34.090015739992346,0.016050164133987396,-1.0114045009801946,0.0,-0.02766569565945199,-38.195910058418264,0.015975105666116526,0.017724027111599754,-0.9861863358280307,1.1401532214255852,1.6442348482048397,Electronic Components,Technology,REFR
2007Q3,2007,Q3,2007-11-13,2007-09-30,-2470281.0,150809.0,-2565839.0,-0.16,150809.0,1.0,8484723.0,8132709.0,8322009.0,352014.0,352014.0,0.0,-67370931.0,244516633.4,236445172.4,0.527509163472721,23.641130750481516,0.0,0.0,,0.527509163472721,-0.3037463900405142,1621.3663203124481,-24.745831891189706,30.065828421993213,0.0,0.0,0.0,0.01777418072457993,23.428690336179812,-0.29114456653446436,-347.192593444541,1.0,-2.1999999999999997,-0.8865139016586412,0.0,0.020064959638063776,1.6361062070653218,-2.3610591438301647,-2.0948735979620317,-1.355581033534965,2.0068219305401107,1.0001265949939462,Electronic Components,Technology,REFR
2007Q2,2007,Q2,2007-08-10,2007-06-30,-734971.0,57209.0,-829061.0,-0.05,57209.0,1.0,8860396.0,8584641.0,8697578.0,275755.0,275755.0,0.0,-64900650.0,216614168.8872,208076610.8872,0.5591897643084308,31.540962085909594,0.0,0.0,,0.5591897643084308,-0.08561464597063523,3786.365237763289,-73.6811958863683,25.23275800201779,0.0,0.0,0.0,0.006456709158371703,31.386466247212198,-0.08295012999418988,-232.2287667027602,1.0,0.6153846153846154,0.44210876937991306,0.6084932835432789,-0.07345126273250734,0.0,0.6190178254856548,0.5825435477260116,0.39173596576320424,-0.14870107447519784,0.6845640413695991,Electronic Components,Technology,REFR
2007Q1,2007,Q1,2007-05-09,2007-03-31,-1929148.0,29792.0,-1985982.0,-0.13,0.0,0.0,9494363.0,9052971.0,9369582.0,441392.0,441392.0,0.0,-64165679.0,143030601.6,133789422.6,0.607621869920178,21.227348932468193,0.0,0.0,,0.607621869920178,-0.21309556829465157,4800.973469387754,-18.53546249432392,15.799299655328621,0.0,0.0,0.0,0.0031378619081659296,21.11768903831515,-0.20318877632970217,-135.20366162833565,0.0,-1.4551064118359875,-0.7053196121183517,0.0,-0.17482190721258054,1.0,-1.4453148370675712,-1.4432541093421485,-0.24386744388229564,-0.31602156289376465,0.5013835541673723,Electronic Components,Technology,REFR
