Quarters,Year,Quarter,FillingDate,Date,NetIncome,Revenue,OperatingIncome,EPSDiluted,GrossProfit,GrossProfitRatio,TotalAssets,CommonStockEquity,CurrentAssets,CurrentLiability,TotalLiability,Inventory,RetainedEarnings,MarketCap,EnterpriseValue,bookValuePerShare,currentRatio,debtToAssets,debtToEquity,roic,shareholdersEquityPerShare,roe,priceToSalesRatio,peRatio,pbRatio,payoutRatio,inventoryTurnover,dividendYield,assetTurnover,quickRatio,returnOnAssets,priceToFreeCashFlowsRatio,grossProfitMargin,epsdilutedGrowth,fiveYNetIncomeGrowthPerShare,fiveYRevenueGrowthPerShare,fiveYShareholdersEquityGrowthPerShare,grossProfitGrowth,netIncomeGrowth,operatingIncomeGrowth,threeYNetIncomeGrowthPerShare,threeYRevenueGrowthPerShare,threeYShareholdersEquityGrowthPerShare,Industry,Sector,Symbol
2024Q1,2024,Q1,2023-06-12,2023-05-05,583000000.0,20922000000.0,1069000000.0,0.79,5018000000.0,0.2398432272,84094000000.0,-3023000000.0,37392000000.0,46825000000.0,87018000000.0,4016000000.0,-6430000000.0,32862360000.0,53663360000.0,-4.175414364640884,0.7985477843032568,0.3380978428900992,-9.405226596096593,0.03449283201992704,-4.175414364640884,-0.19285478001984782,1.5707083452824777,14.091921097770156,-10.870777373470064,0.4734133790737564,3.960159362549801,0.008398666437833437,0.2487930173377411,0.4789535504538174,0.006932718148738317,30.541226765799255,0.2398432272249307,0.012820512820512832,1.9096202411372007,-0.027852950753162062,-1.2647861390918969,-0.12821403752605975,-0.050488599348534204,2.191044776119403,3.167020824479388,-0.023411214281226708,-1.6341062487930553,Computer Hardware,Technology,DELL
2023Q4,2023,Q4,2023-03-30,2023-02-03,614000000.0,25039000000.0,335000000.0,0.78,5756000000.0,0.229881385,89611000000.0,-3122000000.0,42351000000.0,51654000000.0,92636000000.0,4776000000.0,-6732000000.0,30750720000.0,51731720000.0,-4.288461538461538,0.819897781391567,0.33018267846581334,-9.477258167841127,0.008310505131832097,-4.288461538461538,-0.19666880204996798,1.2281129438076601,12.520651465798046,-9.84968609865471,0.38436482084690554,4.0374790619765495,0.00767461704961705,0.27941882135005747,0.5178301777209897,0.006851837386035196,15.729268542199488,0.22988138503933864,1.3636363636363635,5.782115384615384,-0.11207353976442902,-1.2504178879822547,0.008585947082530226,1.506122448979592,-0.6397849462365591,0.517304998922646,0.050489571596845195,-2.330932030932031,Computer Hardware,Technology,DELL
2023Q3,2023,Q3,2022-12-05,2022-10-28,245000000.0,24721000000.0,930000000.0,0.33,5707000000.0,0.2308563569,85172000000.0,-3469000000.0,38787000000.0,52007000000.0,88540000000.0,6172000000.0,-7102000000.0,28508479999.999996,50928480000.0,-4.7651098901098905,0.7458034495356395,0.3208683604940591,-7.878062842317671,0.019994265687777582,-4.7651098901098905,-0.07062554050158547,1.153209012580397,29.09028571428571,-8.218068607667915,0.9714285714285714,3.0806869734283864,0.008348393179853855,0.2902479688160428,0.4125983040744515,0.0028765321936786736,-81.22074074074072,0.23085635694348935,-0.5147058823529412,1.2857929984428988,0.2475037782595742,-1.3464649166767224,0.049273763559477844,-0.5205479452054794,0.7680608365019012,-0.5110413133960228,0.07770652019141783,-2.9709249084249088,Computer Hardware,Technology,DELL
2023Q2,2023,Q2,2022-09-01,2022-07-29,511000000.0,26425000000.0,526000000.0,0.68,5439000000.0,0.2058278146,88775000000.0,-2860000000.0,42262000000.0,54789000000.0,91530000000.0,5883000000.0,-7106000000.0,33299340000.0,54726340000.0,-3.8700947225981057,0.7713592144408549,0.30339622641509434,-9.417482517482517,0.016781170960748455,-3.8700947225981057,-0.17867132867132868,1.260145316934721,16.291262230919767,-11.643125874125873,0.4735812133072407,3.567227604963454,0.007267411306049909,0.2976626302450014,0.43791637007428497,0.005756125035201351,-401.1968674698795,0.20582781456953642,-0.5036496350364964,1.678660579491929,0.3159995447895223,-1.2464902458636837,-0.05964730290456432,-0.523320895522388,-0.3616504854368932,-0.8534461722753389,0.1077720705274854,-0.966279704674406,Computer Hardware,Technology,DELL
2023Q1,2023,Q1,2022-06-06,2022-04-29,1072000000.0,26116000000.0,824000000.0,1.37,5784000000.0,0.2214734263,88406000000.0,-2462000000.0,41376000000.0,53059000000.0,90761000000.0,6277000000.0,-7369000000.0,35445540000.0,55913540000.0,-3.2652519893899203,0.7798111536214403,0.3067891319593693,-11.016246953696182,0.02834425135453611,-3.2652519893899203,-0.4354183590576767,1.3572346454280901,8.266217350746269,-14.397051177904142,0.23134328358208955,3.2391269714831927,0.006996648943703496,0.2954098138135421,0.4413577338434573,0.012125873809469945,-36.96093847758081,0.22147342625210598,2.37,1.8722757267927161,0.38245197054081953,-1.198248121627889,4.1938155715074545,2.4031413612565444,0.4635879218472469,2.4888693747114363,0.1367408632869842,0.49942085706367745,Computer Hardware,Technology,DELL
2022Q4,2022,Q4,2022-03-24,2022-01-28,-764000000.0,22194000000.0,563000000.0,-1.0,-1811000000.0,-0.0815986303,92735000000.0,-1685000000.0,45033000000.0,56219000000.0,94315000000.0,5898000000.0,-8188000000.0,42911120000.0,60388120000.0,-2.2083879423328963,0.8010281221651043,0.2906561708092953,-15.996439169139466,0.01974724126174979,-2.2083879423328963,0.45341246290801185,1.9334558889790032,-14.041596858638744,-25.466540059347185,0.0,4.070023736859953,0.0,0.23932711489728797,0.4910973158540707,-0.008238529142179329,18.23677008074798,-0.08159863026043075,-1.2028397565922921,-3.1291809380892293,-0.19216216512030607,-1.0937507720806305,-1.2247177069115276,-1.1965020576131686,-0.8921869015702796,-1.407833889285824,-0.12276597860564102,0.6524773625438055,Computer Hardware,Technology,DELL
2022Q3,2022,Q3,2021-12-03,2021-10-29,3888000000.0,28394000000.0,5222000000.0,4.93,8059000000.0,0.2838275692,135677000000.0,8954000000.0,57179000000.0,69702000000.0,121483000000.0,5442000000.0,-8190000000.0,84252340000.0,111921340000.0,11.689295039164492,0.8203351410289518,0.3690750827332562,5.592472637927183,0.0694164355635902,11.689295039164492,0.4342193433102524,2.9672585757554413,5.417460133744856,9.409463926736652,0.0,3.736677692024991,0.0,0.20927644331758516,0.5961521907549281,0.028656293992349476,34.360660685154976,0.28382756920476154,3.695238095238095,2.7667497420912013,0.6391242323242324,-0.4030003508786094,0.009267376330619912,3.67870036101083,2.806122448979592,5.162752816982009,0.18454102849265205,-0.13306554514394534,Computer Hardware,Technology,DELL
2022Q2,2022,Q2,2021-09-03,2021-07-30,831000000.0,26122000000.0,1372000000.0,1.05,7985000000.0,0.3056810351427915,122678000000.0,4825000000.0,43555000000.0,55483000000.0,112735000000.0,4223000000.0,-12033000000.0,73721060000.0,107785060000.0,6.323722149410223,0.7850152298902366,0.37319649814962746,9.488704663212435,0.022574497515217867,6.323722149410223,0.1722279792746114,2.822182834392466,22.17841756919374,15.27897616580311,0.0,4.294814113189676,0.0,0.2129314139454507,0.533280464286358,0.006773830678687295,67.44836230558097,0.3056810351427915,-0.07079646017699102,0.36555471708535475,0.8804482498877758,1.024590385267952,0.04270044398015148,-0.06313416009019165,-0.002181818181818182,2.5680618294386943,0.0721063162990197,-0.5721649096392047,Computer Hardware,Technology,DELL
2022Q1,2022,Q1,2021-06-07,2021-04-30,887000000.0,24487000000.0,1375000000.0,1.13,7658000000.0,0.3127373708498387,121752000000.0,4045000000.0,42339000000.0,54856000000.0,112608000000.0,3828000000.0,-12864000000.0,74435810000.0,109105810000.0,5.343461030383091,0.7718207670993146,0.4017511005979368,12.092459826946849,0.023677071727713033,5.343461030383091,0.219283065512979,3.0398092865602155,20.97965332581736,18.401930778739185,0.0,4.396290491118077,0.0,0.20112195282213025,0.5493109231442321,0.007285301268151653,46.14743335399876,0.3127373708498387,-0.2802547770700638,14.305668179056083,0.8984975749184934,0.0,-0.06002209402233951,-0.27709861450692747,-0.36839687643546165,2.323603380264284,0.0881957676801497,-0.6611415557687201,Computer Hardware,Technology,DELL
2021Q4,2021,Q4,2021-03-26,2021-01-29,1227000000.0,26112000000.0,2177000000.0,1.57,8147000000.0,0.31200214460784315,123415000000.0,2951000000.0,43567000000.0,54132000000.0,115390000000.0,3402000000.0,-13751000000.0,54667500000.0,90673500000.0,3.9346666666666668,0.8048289366733171,0.40681440667666,17.013554727211115,0.03234845133409171,3.9346666666666668,0.41579125720094884,2.0935776654411766,11.138447432762836,18.52507624534056,0.0,5.28071722516167,0.0,0.21157881943037718,0.5938077292544152,0.009942065389134221,10.16313441160067,0.31200214460784315,0.45370370370370366,8.582961379225805,0.9727911671015067,0.7982192700212045,0.12202176008814213,0.47475961538461536,0.9282550930026572,10.27612,-0.10118508400491727,-0.7702414006179197,Computer Hardware,Technology,DELL
2021Q3,2021,Q3,2020-12-07,2020-10-30,832000000.0,23482000000.0,1129000000.0,1.08,7261000000.0,0.30921556937228517,118948000000.0,1410000000.0,38614000000.0,50302000000.0,112482000000.0,3393000000.0,-14978000000.0,45014220000.0,85400220000.0,1.8875502008032128,0.7676434336606894,0.4345596395063389,36.659574468085104,0.012915765284761715,1.8875502008032128,0.5900709219858156,1.9169670385827442,13.525907451923075,31.924978723404255,0.0,4.780725022104332,0.0,0.19741399603187948,0.5477515804540575,0.0069946531257356155,17.905417661097854,0.30921556937228517,-0.21167883211678834,5.445467732857355,0.7819192602940296,0.0,0.014673001676914477,-0.20610687022900764,-0.006161971830985915,1.9458441984802886,0.1548396760567874,-0.8627586901192463,Computer Hardware,Technology,DELL
2021Q2,2021,Q2,2020-09-04,2020-07-31,1048000000.0,22733000000.0,1136000000.0,1.37,7156000000.0,0.31478467426208595,121276000000.0,191000000.0,41090000000.0,54288000000.0,116108000000.0,3602000000.0,-15810000000.0,44334030000.0,87066030000.0,0.25775978407557354,0.7568891836133216,0.44487779939971633,282.4764397905759,0.0449678174581735,0.25775978407557354,5.486910994764398,1.9502058681212335,10.575865935114503,232.11534031413612,0.0,4.324541921154914,0.0,0.18744846465912465,0.5105916592985559,0.008641445957980144,15.907438105489774,0.31478467426208595,6.210526315789474,4.834285468591653,0.6987067807098151,0.0,0.044214212753538595,6.328671328671328,0.6182336182336182,2.388095149148618,0.1290774283955663,-0.983583018736062,Computer Hardware,Technology,DELL
2021Q1,2021,Q1,2020-06-08,2020-05-01,143000000.0,21897000000.0,702000000.0,0.19,6853000000.0,0.31296524638078277,120236000000.0,-1173000000.0,40931000000.0,50011000000.0,121409000000.0,3616000000.0,-16858000000.0,29600000000.0,74099000000.0,-1.585135135135135,0.8184399432124932,0.4718054492830766,-48.3614663256607,0.01650893904701851,-1.585135135135135,-0.12190963341858482,1.351783349317258,51.74825174825175,-25.23444160272805,0.0,4.160398230088496,0.0,0.18211683688745467,0.5749135190258143,0.0011893276556106324,-21.8450184501845,0.31296524638078277,-0.6481481481481481,1.5242296932432433,0.7366937590866539,0.0,-0.10814679854242581,-0.6495098039215687,-0.02092050209205021,1.1185590376843537,0.18104823916554064,-1.0962406773161864,Computer Hardware,Technology,DELL
2020Q4,2020,Q4,2020-03-27,2020-01-31,408000000.0,24032000000.0,717000000.0,0.54,7684000000.0,0.3197403462050599,118861000000.0,-945000000.0,36868000000.0,52456000000.0,115077000000.0,3281000000.0,-16891000000.0,35797180000.0,78983180000.0,-1.2874659400544959,0.7028366631081288,0.44159143873936785,-55.542857142857144,0.06145522238144343,-1.2874659400544959,-0.43174603174603177,1.4895630825565913,21.934546568627454,-37.88061375661376,0.0,4.982627247790308,0.0,0.20218574637601905,0.508635809059021,0.0034325809138405364,12.748283475783476,0.3197403462050599,-0.1818181818181818,3.5764377150391136,0.8552229004212807,-1.5883970000597998,0.07830479932641032,-0.18236472945891782,-0.1423444976076555,0.18197380549618633,-0.09070039789742515,-1.0546556714940754,Computer Hardware,Technology,DELL
2020Q3,2020,Q3,2019-12-09,2019-11-01,499000000.0,22844000000.0,836000000.0,0.66,7126000000.0,0.31194186657327966,116814000000.0,-870000000.0,34772000000.0,49055000000.0,117684000000.0,3257000000.0,-17299000000.0,38599000000.0,82435000000.0,-1.2,0.7088370196717969,0.448499323711199,-60.219540229885055,0.054909276399370176,-1.2,-0.5735632183908046,1.6896778147434774,19.33817635270541,-44.36666666666667,0.0,4.825913417255142,0.0,0.19555875151950966,0.5012944653959841,0.004271748249353674,31.847359735973598,0.31194186657327966,-0.8714414606743324,3.7471177616475093,0.7861078740206666,0.0,-0.0273000273000273,-0.8539227166276346,0.6107899807321773,1.2395742233994922,0.39331145413540536,-1.0612868078481552,Computer Hardware,Technology,DELL
2020Q2,2020,Q2,2019-09-10,2019-08-02,3416000000.0,23370000000.0,519000000.0,5.133848,7326000000.0,0.3134788189987163,115520000000.0,-1425000000.0,35316000000.0,47020000000.0,116945000000.0,3135000000.0,-17775000000.0,37944840000.0,80673840000.0,-1.968232044198895,0.7510846448319863,0.449463296398892,-36.436491228070174,-0.38250680364693235,-1.968232044198895,-2.3971929824561404,1.6236559691912709,2.7769935597189694,-26.62795789473684,0.0,5.117703349282297,0.0,0.20230263157894737,0.537048064653339,0.029570637119113573,13.904301942103334,0.3134788189987163,11.589841996973837,13.79147613197123,0.7873105652444673,0.0,0.07782845372958658,10.658703071672354,-0.056363636363636366,4.9157786648732555,0.7729628886886055,-1.6301452812933936,Computer Hardware,Technology,DELL
2020Q1,2020,Q1,2019-06-10,2019-05-03,293000000.0,21908000000.0,550000000.0,0.407777,6797000000.0,0.3102519627533321,109892000000.0,-4690000000.0,33655000000.0,43479000000.0,114582000000.0,3360000000.0,-21053000000.0,49395300000.0,93879300000.0,-6.522948539638387,0.774051841118701,0.48706002256761183,-11.412366737739871,-0.02532187255632385,-6.522948539638387,-0.062473347547974414,2.2546695271133834,42.146160409556316,-10.532046908315564,0.0,4.4973214285714285,0.0,0.19935937101881848,0.5481726810644219,0.0026662541404287848,-1452.8029411764705,0.3102519627533321,1.9798021543407587,4.323083557086863,0.7883156898378064,0.0,-0.04388802925868617,1.979933110367893,0.6616314199395771,4.323083557086863,0.7883156898378064,0.0,Computer Hardware,Technology,DELL
2019Q4,2019,Q4,2019-03-29,2019-02-01,-299000000.0,23841000000.0,331000000.0,-0.416183,7109000000.0,0.2981838010150581,111820000000.0,-4569000000.0,36138000000.0,44972000000.0,116389000000.0,3649000000.0,-21349000000.0,35698350000.0,79543350000.0,-6.354659248956884,0.8035666637018589,0.47863530674297977,-11.71394178157146,0.007056782896789434,-6.354659248956884,0.06544101553950536,1.4973512017113375,-29.84811872909699,-7.813164806303349,-7.137123745819398,4.585365853658536,0.059778673244001476,0.21320872831336077,0.5880325535888997,-0.0026739402611339652,18.065966599190283,0.2981838010150581,0.6586755875005535,-0.9275153384629188,0.8788746998673022,-3.90420299455085,0.1961972067979135,0.658675799086758,1.9297752808988764,-0.9275153384629188,0.8788746998673022,-3.90420299455085,Computer Hardware,Technology,DELL
2019Q3,2019,Q3,2018-12-10,2018-11-02,-876000000.0,22482000000.0,-356000000.0,-1.219318,5943000000.0,0.2643448091806779,121241000000.0,9687000000.0,42959000000.0,47583000000.0,111554000000.0,3793000000.0,-8813000000.0,18384084174.286427,51889084174.28642,13.483481909950592,0.9028224365844945,0.4013246344058528,5.022917311861257,-0.0054885010545666765,13.483481909950592,-0.0904304738309074,0.8177245874159962,-5.2465993648077704,1.8978098662420178,0.0,4.360400738201951,0.0,0.1854323207495814,0.638862619002585,-0.00722527857737894,41.1277050878891,0.2643448091806779,-0.7555106354183762,-3.8666666666666667,0.7738677607700803,0.0,-0.02939735423811857,-0.7555110220440882,-26.384615384615383,-3.8666666666666667,0.7738677607700803,0.0,Computer Hardware,Technology,DELL
2019Q2,2019,Q2,2018-09-11,2018-08-03,-499000000.0,22942000000.0,-13000000.0,-0.694566,6123000000.0,0.2668904193182809,123381000000.0,10619000000.0,43125000000.0,49178000000.0,112762000000.0,3642000000.0,-7937000000.0,18769185957.16997,53015185957.16997,14.78074681550174,0.8769165073813494,0.4016663829925191,4.666917788869008,-0.00021279817132053037,14.78074681550174,-0.04699124211319333,0.818114635043587,-9.403399778141267,1.7675097426471391,0.0,4.618066996155958,0.0,0.18594435123722453,0.6742242466143398,-0.004044382846629546,8.253819682132793,0.2668904193182809,0.2154083894186779,-0.8830188679245284,0.768169556840077,0.0,0.041680843824430075,0.21540880503144655,0.9150326797385621,-0.8830188679245284,0.768169556840077,0.0,Computer Hardware,Technology,DELL
2019Q1,2019,Q1,2018-06-12,2018-05-04,-636000000.0,21356000000.0,-153000000.0,-0.885258,5878000000.0,0.27523880876568646,123217000000.0,11329000000.0,41231000000.0,44114000000.0,111888000000.0,2933000000.0,-7438000000.0,14708477183.303959,51287477183.303955,15.769006561146925,0.934646597452056,0.4212324598066825,4.581428193132669,-0.002089530627562857,15.769006561146925,-0.0561391120134169,0.688728094367108,-5.781634112933946,1.2983032203463643,0.0,5.277190589839755,0.0,0.17332023990196158,0.7310377657886385,-0.0051616254250631,18.45480198657962,0.27523880876568646,-4.019323014118047,-12.563636363636364,0.7446287068049996,0.0,-0.0023761031907671417,-5.36,0.5233644859813084,-12.563636363636364,0.7446287068049996,0.0,Computer Hardware,Technology,DELL
2018Q4,2018,Q4,2018-03-29,2018-02-02,-100000000.0,21963000000.0,-321000000.0,-0.17637,5892000000.0,0.2682693621090015,124193000000.0,9710000000.0,40328000000.0,45839000000.0,112090000000.0,2678000000.0,-6860000000.0,11281957911.0,49210957911.0,17.12522045855379,0.8797748641986082,0.41766444163519684,5.342018537590113,-0.005296316850351192,17.12522045855379,-0.010298661174047374,0.5136801853571916,-28.2048947775,1.161890619052523,0.0,6.001120238984317,0.0,0.17684571594212234,0.6930561312419555,-0.0008051983606161378,4.12804899780461,0.2682693621090015,0.8647701621807298,0.18252875348466757,1.194880316285605,6.826559157556624,0.12873563218390804,0.8817966903073287,0.3977485928705441,0.18252875348466757,1.194880316285605,6.826559157556624,Computer Hardware,Technology,DELL
2018Q3,2018,Q3,2017-12-12,2017-11-03,-846000000.0,19556000000.0,-533000000.0,-1.304224,5220000000.0,0.26692575168746163,118394000000.0,9881000000.0,34525000000.0,40742000000.0,108513000000.0,2582000000.0,-8742000000.0,16305338906.09904,56250338906.09904,13.75351344608463,0.8474056256442982,0.43626366200989913,5.2273049286509465,-0.0067504558216708,13.75351344608463,-0.08561886448740007,0.8337767900439271,-4.818362560903972,1.650170924612796,0.0,5.552285050348567,0.0,0.16517728938966503,0.6515634971282706,-0.007145632380019258,13.725032749241615,0.26692575168746163,0.009514320084571638,-3.6999999999999997,0.5430014202303928,0.0,0.050724637681159424,-0.1557377049180328,0.45556690500510727,-3.6999999999999997,0.5430014202303928,0.0,Computer Hardware,Technology,DELL
2018Q2,2018,Q2,2017-09-08,2017-08-04,-732000000.0,19521000000.0,-979000000.0,-1.316752,4968000000.0,0.2544951590594744,117494000000.0,11280000000.0,32205000000.0,42126000000.0,106214000000.0,2594000000.0,-7805000000.0,12982574547.36641,52829574547.36641,15.700802719546061,0.7644922375729953,0.41755323676102607,4.349290780141844,-0.009909151173652332,15.700802719546061,-0.06489361702127659,0.6650568386540858,-4.433939394592353,1.1509374598729085,0.0,5.610254433307633,0.0,0.16614465419510782,0.5796182879931634,-0.006230105367082574,9.260038906823402,0.2544951590594744,0.29085450085226594,-1.7622641509433963,0.5045086705202313,0.0,0.11465111061251963,0.3748932536293766,0.3473333333333333,-1.7622641509433963,0.5045086705202313,0.0,Computer Hardware,Technology,DELL
2018Q1,2018,Q1,2017-06-09,2017-05-05,-1171000000.0,18000000000.0,-1500000000.0,-1.856815,4457000000.0,0.24761111111111112,116040000000.0,11833000000.0,30384000000.0,36636000000.0,104207000000.0,2466000000.0,-6859000000.0,13567284045.59934,53803284045.59934,16.470531789041537,0.8293481821159515,0.42907618062736985,4.207724161243979,-0.015880096322882512,16.470531789041537,-0.0989605340995521,0.7537380025332967,-2.896516662168945,1.146563343665963,0.0,5.491889699918897,0.0,0.15511892450879008,0.6349765258215962,-0.01009134781109962,-144.33280899573765,0.24761111111111112,-4.948318023305265,-22.290909090909093,0.4704680990115186,0.0,-0.1463321202834706,-5.353159851301116,0.10071942446043165,-22.290909090909093,0.4704680990115186,0.0,Computer Hardware,Technology,DELL
2017Q4,2017,Q4,2017-03-31,2017-02-03,269000000.0,20596000000.0,-1668000000.0,0.47028,5221000000.0,0.25349582443192853,118206000000.0,13474000000.0,30773000000.0,38135000000.0,104732000000.0,2538000000.0,-5609000000.0,10329987096.0,50245987096.0,23.555944055944057,0.8069489969843975,0.41782989019169925,3.6655781505120975,-0.012872503408366728,23.555944055944057,0.01996437583494137,0.5015530732181006,9.60035975464684,0.7666607611696601,0.0,6.057919621749409,0.0,0.17423819433869686,0.6317293824570605,0.0022756882053364467,37.97789373529412,0.25349582443192853,1.1636944801321862,3.179775645668847,1.0402768197978378,9.765525040225361,0.3390612977686586,1.130329457364341,-0.10317460317460317,3.179775645668847,1.0402768197978378,9.765525040225361,Computer Hardware,Technology,DELL
2017Q3,2017,Q3,2016-12-09,2016-10-28,-2064000000.0,16247000000.0,-1512000000.0,-2.872913,3899000000.0,0.23998276604911675,125632000000.0,14067000000.0,36407000000.0,41369000000.0,111565000000.0,3504000000.0,-5366000000.0,9853369403.04367,56703369403.04367,19.580070199987095,0.880055113732505,0.44313550687722875,3.957631335750338,-0.015390950873736663,19.580070199987095,-0.14672638089144807,0.6064731583088367,-1.1934798211050957,0.7004598992708944,0.0,3.5239726027397262,0.0,0.1293221472236373,0.5452875341439242,-0.01642893530310749,-18.383151871350133,0.23998276604911675,-4.602096124839669,-10.466666666666667,0.281915732996686,0.0,0.6690924657534246,-4.602094240837697,-25.0,-10.466666666666667,0.281915732996686,0.0,Computer Hardware,Technology,DELL
2017Q2,2017,Q2,2016-09-06,2016-07-29,573000000.0,13080000000.0,63000000.0,0.797567,2336000000.0,0.17859327217125381,68916000000.0,2244000000.0,24247000000.0,25823000000.0,66672000000.0,1446000000.0,-3309000000.0,8669836040.32798,37779836040.32798,3.123457562292674,0.9389691360415133,0.5272505659063207,16.192513368983956,0.0015171569438469938,3.123457562292674,0.2553475935828877,0.662831501554127,3.7826509774554884,3.8635632978288683,0.0,7.43015214384509,0.0,0.18979627372453423,0.5944313209154629,0.008314469789308724,4.997023654367712,0.17859327217125381,9.418222193194435,3.1622641509433964,0.008092485549133057,0.0,0.06520747834017328,9.418181818181818,1.4532374100719425,3.1622641509433964,0.008092485549133057,0.0,Computer Hardware,Technology,DELL
2017Q1,2017,Q1,2016-04-30,2016-04-30,55000000.0,12241000000.0,-139000000.0,0.076555,2193000000.0,0.17915203006290337,,,,,,,,8669836040.32798,,,0.0,0.0,0.0,0.0,,0.0,0.7082620733868131,39.40834563785446,0.0,0.0,0.0,0.0,0.0,0.0,0.0,-55.93442606663213,0.17915203006290337,1.3548371689404837,0.0,0.0,0.0,-0.027062999112688554,1.3548387096774193,-4.346153846153846,0.0,0.0,0.0,Computer Hardware,Technology,DELL
2016Q4,2016,Q4,2016-01-31,2016-01-31,-155000000.0,12679000000.0,-26000000.0,-0.2157468458802872,2254000000.0,0.1777742724189605,45122000000.0,1572000000.0,23573000000.0,25310000000.0,43550000000.0,1619000000.0,-3937000000.0,8669836040.32798,15978836040.32798,2.1880905917665254,0.9313709996048992,0.3020921058463721,8.671119592875318,-0.0014510692666319846,2.1880905917665254,-0.09860050890585242,0.6837949396898794,-13.983606516658032,5.5151628755267055,0.0,6.439159975293391,0.0,0.2809937502770267,0.5580403002765705,-0.0034351314214795445,10.45818581462965,0.1777742724189605,0.138889836634987,0.0,0.0,0.0,0.05722326454033771,0.1388888888888889,0.6666666666666666,0.0,0.0,0.0,Computer Hardware,Technology,DELL
2016Q3,2016,Q3,2015-10-31,2015-10-31,-180000000.0,12674000000.0,-78000000.0,-0.250545,2132000000.0,0.1682183998737573,,,,,,,,8669836040.32798,,,0.0,0.0,0.0,0.0,,0.0,0.6840647025665125,-12.041438944899973,0.0,0.0,0.0,0.0,0.0,0.0,0.0,24.84193707830367,0.1682183998737573,0.3207548704379463,0.0,0.0,0.0,0.025493025493025494,0.32075471698113206,0.24271844660194175,0.0,0.0,0.0,Computer Hardware,Technology,DELL
2016Q2,2016,Q2,2015-07-31,2015-07-31,-265000000.0,12975000000.0,-103000000.0,-0.368858,2079000000.0,0.16023121387283237,,,,,,,,8669836040.32798,,,0.0,0.0,0.0,0.0,,0.0,0.6681954559019638,-8.179090604083001,0.0,,0.0,,0.0,0.0,0.0,0.0,0.16023121387283237,0.0,0.0,0.0,0.0,0.0,0.0,0.0,0.0,0.0,0.0,Computer Hardware,Technology,DELL
