Quarters,Year,Quarter,FillingDate,Date,NetIncome,Revenue,OperatingIncome,EPSDiluted,GrossProfit,GrossProfitRatio,TotalAssets,CommonStockEquity,CurrentAssets,CurrentLiability,TotalLiability,Inventory,RetainedEarnings,MarketCap,EnterpriseValue,bookValuePerShare,currentRatio,debtToAssets,debtToEquity,roic,shareholdersEquityPerShare,roe,priceToSalesRatio,peRatio,pbRatio,payoutRatio,inventoryTurnover,dividendYield,assetTurnover,quickRatio,returnOnAssets,priceToFreeCashFlowsRatio,grossProfitMargin,epsdilutedGrowth,fiveYNetIncomeGrowthPerShare,fiveYRevenueGrowthPerShare,fiveYShareholdersEquityGrowthPerShare,grossProfitGrowth,netIncomeGrowth,operatingIncomeGrowth,threeYNetIncomeGrowthPerShare,threeYRevenueGrowthPerShare,threeYShareholdersEquityGrowthPerShare,Industry,Sector,Symbol
2023Q1,2023,Q1,2023-05-04,2023-03-31,-18341000.0,0.0,-19559000.0,-0.36,0.0,0.0,83116000.0,70333000.0,79744000.0,9970000.0,12783000.0,0.0,-743470000.0,42870862.980000004,2014862.9800000042,1.3787418561547231,7.99839518555667,0.03159439819048077,0.037336669842037165,-0.2504521855298243,1.3787418561547231,-0.2607737477428803,0.0,-0.5843583089798812,0.6095412250295025,0.0,0.0,0.0,0.0,7.395486459378135,-0.22066750084219644,-1.8298985393546185,0.0,0.20000000000000004,0.5523266511489745,-1.0,-0.7275435172673216,0.0,0.15201812381524804,0.14879449908608233,0.5268218239813066,-1.0,-0.8078948559749659,Biotechnology,Healthcare,ASMB
2022Q4,2022,Q4,2023-03-22,2022-12-31,-21629000.0,0.0,-22978000.0,-0.45,0.0,0.0,101794000.0,82664000.0,96967000.0,16296000.0,19130000.0,0.0,-724520000.0,62932044.5,13979044.5,1.707607004568237,5.950355915562101,0.0340393343419062,0.04191667473144295,-0.24769581703053456,1.707607004568237,-0.26164956934094646,0.0,-0.7274035380738822,0.7612992898964484,0.0,0.0,0.0,0.0,5.679553264604811,-0.21247814213018448,-3.2512938882000415,0.0,0.042553191489361625,-2.0060675404823276,-1.0,-0.694589455664008,0.0,0.05504827646467736,0.01807615059185505,0.4213023607921062,-1.0,-0.7807514281170475,Biotechnology,Healthcare,ASMB
2022Q3,2022,Q3,2022-11-08,2022-09-30,-22889000.0,0.0,-23401000.0,-0.47,0.0,0.0,121516000.0,102404000.0,115078000.0,15461000.0,19112000.0,0.0,-702125000.0,79455374.36,29071374.36,2.113671496141699,7.443114934350947,0.03529576352085322,0.04188312956525136,-0.20852181849048063,2.113671496141699,-0.22351665950548807,0.0,-0.8678336139630389,0.7759010815983751,0.0,0.0,0.0,0.0,7.108013711920315,-0.18836202639981567,-3.9879228247339893,0.0,0.06000000000000005,0.3313955655462238,-1.0,-0.22115387580341012,0.0,0.05996139471846893,0.04769462418101168,0.5102158771149098,-1.0,-0.6500031543850782,Biotechnology,Healthcare,ASMB
2022Q2,2022,Q2,2022-08-09,2022-06-30,-24349000.0,0.0,-24573000.0,-0.5,0.0,0.0,143447000.0,123980000.0,124294000.0,14961000.0,19467000.0,0.0,-678980000.0,101416339.5,63437339.5,2.5672194567819124,8.307867121181738,0.03544166138016131,0.04100661396999516,-0.18233955917106587,2.5672194567819124,-0.1963945797709308,0.0,-1.04127828144893,0.8180056420390386,0.0,0.0,0.0,0.0,7.834503041240559,-0.1697421347257175,-5.670469080234834,0.0,-0.041666666666666706,0.35700936716714576,-1.0,-0.21248236053733388,0.0,-0.05773240660295395,-0.0609187462222606,0.29859747804214953,-1.0,-0.6217580725025624,Biotechnology,Healthcare,ASMB
2022Q1,2022,Q1,2022-05-12,2022-03-31,-23020000.0,0.0,-23162000.0,-0.48,0.0,0.0,162730000.0,146791000.0,130777000.0,10709000.0,15939000.0,0.0,-654519000.0,99135295.8,53665295.8,3.0502704164019856,12.21187785974414,0.03505192650402507,0.0388579681315612,-0.14596035177109756,3.0502704164019856,-0.15682160350430205,0.0,-1.0766213705473502,0.6753499587849391,0.0,0.0,0.0,0.0,11.534597067886825,-0.14146131629078842,-3.6046576903497924,0.0,0.6363636363636364,0.40704230291475296,-1.0,-0.22412213672259457,0.0,0.6179696964668006,0.631700297349298,0.5461102384136459,-1.0,-0.5887796011365568,Biotechnology,Healthcare,ASMB
2021Q4,2021,Q4,2022-03-11,2021-12-31,-60257000.0,0.0,-62889000.0,-1.32,0.0,0.0,191060000.0,168929000.0,154204000.0,16073000.0,22131000.0,0.0,-631428000.0,106176413.08,67025413.08,3.7070810604934783,9.593977477757731,0.03389511148330367,0.038335632129474516,-0.34408328533800636,3.7070810604934783,-0.35670015213492057,0.0,-0.4405148492291352,0.6285268549508966,0.0,0.0,0.0,0.0,2.859640390717352,-0.3153826023238773,0.0,0.0,-2.219512195121952,-0.9775481459127391,0.0,-0.198591440272794,0.0,-2.2046481944370577,-2.3318675496688743,-0.2974393039733319,-1.0,-0.5482793270856201,Biotechnology,Healthcare,ASMB
2021Q3,2021,Q3,2021-11-04,2021-09-30,-18803000.0,6254000.0,-18875000.0,-0.41,0.0,0.0,248973000.0,224645000.0,188219000.0,14928000.0,24328000.0,0.0,-571171000.0,158353234.1,94828234.1,4.929746963721785,12.608453912111468,0.02905937591626401,0.03220637005052416,-0.07893691320076114,4.929746963721785,-0.08370095038839057,25.32031245602814,-2.1054251196617564,0.7049043339491198,0.0,0.0,0.0,0.025119189631004166,12.169815112540192,-0.07552224538403762,-8.386465104332167,0.0,0.25454545454545463,0.38589823219539054,0.0,-0.056940012165662905,0.0,0.20309387582114855,0.20244232231893855,0.5233143830473257,-0.20334248554761591,-0.4654467264559444,Biotechnology,Healthcare,ASMB
2021Q2,2021,Q2,2021-08-05,2021-06-30,-23595000.0,0.0,-23666000.0,-0.55,0.0,0.0,262136000.0,231794000.0,205558000.0,13910000.0,30342000.0,0.0,-552368000.0,166359919.84,114804919.84,5.406114170197835,14.777713874910136,0.030373546555986206,0.03434946547365333,-0.09553605309262952,5.406114170197835,-0.10179297134524622,0.0,-1.762660731510913,0.7177058933363245,0.0,0.0,0.0,0.0,14.333141624730409,-0.09001052888576921,-7.628389574468085,0.0,0.20289855072463756,0.06627559362726117,0.0,-0.07395674728057948,0.0,0.13253676470588235,0.13177782669308094,0.5783030861153378,-1.0,0.24634405098007134,Biotechnology,Healthcare,ASMB
2021Q1,2021,Q1,2021-05-06,2021-03-31,-27200000.0,0.0,-27258000.0,-0.69,0.0,0.0,278903000.0,247244000.0,221634000.0,14497000.0,31659000.0,0.0,-528773000.0,182526776.39999998,112851776.39999998,6.230989350886274,15.288266537904393,0.030756212733459302,0.034694471857759944,-0.10309379727685325,6.230989350886274,-0.11001278089660417,0.0,-1.6776358125,0.7382455242594359,0.0,0.0,0.0,0.0,14.83665585983307,-0.09752494594894999,-5.01144298500906,0.0,0.30541574390980475,-0.07457162478863037,0.0,-0.017862157089742214,-1.0,0.3099599167892841,0.3123959436960799,0.14647830686712426,-1.0,0.231320739925905,Biotechnology,Healthcare,ASMB
2020Q4,2020,Q4,2021-02-25,2020-12-31,-39418000.0,1037000.0,-39642000.0,-0.9934,1037000.0,1.0,283254000.0,240578000.0,224493000.0,24433000.0,42676000.0,0.0,-501573000.0,240062390.7,190747390.7,6.06299427309669,9.188106249744198,0.01201748254217063,0.014149257205563268,-0.15600269173707554,6.06299427309669,-0.1638470683104856,231.49700163934426,-1.5225429416763914,0.9978567894819974,0.0,0.0,0.0,0.003661025087024367,8.907747718249908,-0.13916131811024735,-8.884947285243717,1.0,-10.037777777777778,-1.2084962800420922,0.0,-0.12045067226611474,-0.9700384270896536,-10.77008062108092,-8.863647673550634,-5.6836948764764195,-0.8405218409799405,0.08438439072850916,Biotechnology,Healthcare,ASMB
2020Q3,2020,Q3,2020-11-05,2020-09-30,-3349000.0,34611000.0,-4019000.0,-0.09,34611000.0,1.0,306306000.0,270549000.0,246387000.0,16804000.0,35757000.0,0.0,-462155000.0,583719330.48,536181330.48,7.619801722760312,14.662401809093073,0.010897599132893251,0.012337875948534277,-0.014118597625237124,7.619801722760312,-0.012378534017867373,16.86513913148999,-43.574151275007466,2.1575364554295158,0.0,0.0,0.0,0.11299484828896593,14.373422994525113,-0.010933510933510934,54.829920202893106,1.0,-1.473684210526316,0.7547737372237746,0.0,0.04547612638673562,0.0,-1.4606602475928474,-1.6108831129350965,0.8665142983118578,5.3654823823605895,1.807746165736491,Biotechnology,Healthcare,ASMB
2020Q2,2020,Q2,2020-08-05,2020-06-30,7270000.0,39376000.0,6579000.0,0.19,0.0,0.0,294801000.0,267115000.0,235088000.0,17271000.0,27686000.0,0.0,-458806000.0,823374841.08,737799841.08,7.565353578000292,13.611719066643506,0.011024385941703047,0.012167044157011026,0.023371308601451514,7.565353578000292,0.027216741852760046,20.910576012799677,28.314127960110042,3.0824732459053217,0.0,0.0,0.0,0.13356806795092283,13.31880030108274,0.024660703321901893,-35.00594537137027,0.0,1.25,1.5077261721213344,0.0,-0.010332516831108111,0.0,1.2727443256424686,1.2375604824149635,1.262589597308249,7.197702258098249,1.3207401983917537,Biotechnology,Healthcare,ASMB
2020Q1,2020,Q1,2020-05-08,2020-03-31,-26655000.0,4081000.0,-27694000.0,-0.76,0.0,0.0,313310000.0,251768000.0,256752000.0,21146000.0,61542000.0,0.0,-466076000.0,520232781.48,489709781.48,7.177016852682784,12.141870802988745,0.010417797069994574,0.012964316354739283,-0.1037869844660558,7.177016852682784,-0.10587127831972291,127.4767903651066,-4.879317027574564,2.066318124146039,0.0,0.0,0.0,0.01302543806453672,11.92584886030455,-0.08507548434457886,-20.576386563303405,0.0,0.015633297498931477,-0.18858892060131818,0.0,-0.3563222107570427,0.0,0.015839610101905183,0.03451401478175987,0.058106931297992354,1.9354100976289483,0.8255720772894235,Biotechnology,Healthcare,ASMB
2019Q4,2019,Q4,2020-03-04,2019-12-31,-27084000.0,4766000.0,-28684000.0,-0.77207,0.0,0.0,339907000.0,273217000.0,282780000.0,24440000.0,66690000.0,0.0,-439421000.0,717731807.76,683267807.76,7.788452120362525,11.57037643207856,0.009373152068065677,0.011661060622142838,-0.0967195326335231,7.788452120362525,-0.09912999557128582,150.59416864456568,-6.625053608772707,2.6269661395886788,0.0,0.0,0.0,0.014021482346641875,11.3509410801964,-0.07968061852212517,-34.938023061870226,0.0,0.1957604166666666,-0.3852315353228297,0.0,0.48619628440082074,0.0,-0.08357671534306861,-0.10352787288885469,-0.15464353912477918,0.0,0.683732320504788,Biotechnology,Healthcare,ASMB
2019Q3,2019,Q3,2019-11-07,2019-09-30,-24995000.0,4231000.0,-25993000.0,-0.96,0.0,0.0,223345000.0,156489000.0,165322000.0,21498000.0,66856000.0,0.0,-412337000.0,254720543.44,242900543.44,6.039115845253161,7.690110707972835,0.014363428776108711,0.020499843439474977,-0.15038097089233587,6.039115845253161,-0.15972368664890185,60.20339008272276,-2.5477149773954793,1.6277217148809182,0.0,0.0,0.0,0.0189437865186147,7.43701739696716,-0.11191206429514876,-13.698335221296047,0.0,-0.3333333333333333,0.275493133444151,0.0,0.05901598986838912,0.0,-0.35086202237475006,-0.31944162436548224,-0.43558204014096935,0.0,0.1552821184263962,Biotechnology,Healthcare,ASMB
2019Q2,2019,Q2,2019-08-05,2019-06-30,-18503000.0,3080000.0,-19700000.0,-0.72,0.0,0.0,241511000.0,174707000.0,183460000.0,19935000.0,66804000.0,0.0,-387342000.0,381216805.0,359847805.0,6.7872418950680835,9.202909455731126,0.011817267122408503,0.016335922430125868,-0.10337776499902311,6.7872418950680835,-0.1059087500787032,123.77168993506494,-5.150743190293466,2.1820350930414922,0.0,0.0,0.0,0.012753042304491306,8.864509656383246,-0.07661348758441644,-18.104901453267477,0.0,0.31428571428571433,-0.36945116048037774,0.0,0.5739826395515482,0.0,0.3160209965991424,0.30477131564088084,-0.2196658842854827,0.0,0.16262427385479433,Biotechnology,Healthcare,ASMB
2019Q1,2019,Q1,2019-05-09,2019-03-31,-27052000.0,3885000.0,-28336000.0,-1.05,0.0,0.0,259247000.0,190401000.0,200806000.0,25205000.0,68846000.0,0.0,-368839000.0,496691241.3,480809241.3,7.4176048290223795,7.966911327117636,0.010430207485525388,0.01420160608400166,-0.13729787063348348,7.4176048290223795,-0.14207908571908762,127.84845335907336,-4.590152680947805,2.6086587848803315,0.0,0.0,0.0,0.014985708609935698,7.796984725252926,-0.10434836275829615,-19.534008782003383,0.0,-0.030250105477987125,-0.1442644321269298,0.0,0.4605698433608073,0.0,-0.034059477379490236,-0.07653983168883288,-0.6520723508768753,0.0,0.16917394591607557,Biotechnology,Healthcare,ASMB
2018Q4,2018,Q4,2019-02-28,2018-12-31,-26160971.0,3735227.0,-26321367.0,-1.01917,0.0,0.0,268045000.0,210653000.0,222502000.0,18472000.0,57392000.0,0.0,-341787000.0,580628210.76,539157210.76,8.206578274526139,12.045365959289736,0.0,0.0,-0.1306414308130742,8.206578274526139,-0.1241898809891148,155.44656610160507,-5.548611046967638,2.756325382311194,0.0,0.0,0.0,0.01393507433453338,11.937527067994804,-0.09759917551157454,-34.28037533002705,0.0,-0.17145977011494243,0.2552268328856169,0.0,0.48054195994684656,0.0,-0.21480960470095292,-0.16592294951846825,-1.265787445569169,0.0,0.19051578794718463,Biotechnology,Healthcare,ASMB
2018Q3,2018,Q3,2018-11-08,2018-09-30,-21535038.0,4285848.0,-22575563.0,-0.87,0.0,0.0,282977202.0,229433224.0,239872753.0,14609722.0,53543978.0,0.0,-315626044.0,906818153.85,787065814.85,9.222180852130721,16.418707556516132,0.0,0.0,-0.09836721375583948,9.222180852130721,-0.09386189857141178,211.5843011348046,-10.527241162170228,3.952427368801652,0.0,0.0,0.0,0.015145559323185336,16.189903818840634,-0.07610167125760188,-54.23055032859719,0.0,0.3307692307692308,0.29447612298283393,0.0,0.22119922353516855,0.0,0.19664061700279248,0.16897487112621729,-1.250489877150257,0.0,0.26533081370401373,Biotechnology,Healthcare,ASMB
2018Q2,2018,Q2,2018-08-08,2018-06-30,-26806232.0,3217865.0,-27165921.0,-1.3,0.0,0.0,142418089.0,89100565.0,97529218.0,13130865.0,53317524.0,0.0,-294091006.0,805434136.29,751242005.29,4.337577706530311,7.4274785400657155,0.0,0.0,-0.3045053916480881,4.337577706530311,-0.30085367023205745,250.30078523803826,-7.511631402447759,9.03960750742714,0.0,0.0,0.0,0.022594496405579492,7.219465968159752,-0.18822210147757285,-50.03176927983271,0.0,-0.625,-0.08324802566968548,0.0,-0.4497010228782343,0.0,-0.6497402663181847,-0.6294192788224241,-2.2178572098115166,0.0,-0.43257647278317574,Biotechnology,Healthcare,ASMB
2018Q1,2018,Q1,2018-05-07,2018-03-31,-16248759.0,3565060.0,-16672149.0,-0.8,0.0,0.0,156020828.0,102381249.0,113225600.0,12179933.0,53639579.0,0.0,-267284774.0,994190848.5600001,927264218.5600001,5.060411271283569,9.296077408635991,0.0,0.0,-0.16284377425401403,5.060411271283569,-0.15870834902590414,278.87071986446233,-15.29641199921791,9.710673177663617,0.0,0.0,0.0,0.022849897963623165,9.14804161894815,-0.10414480687155435,-63.97467247330214,0.0,-4.38249344008612,0.26416963748134636,0.0,-0.5085807924975335,0.0,-4.403515113705292,-0.3577090916020352,-0.2563051585036766,0.0,-0.546152056401766,Biotechnology,Healthcare,ASMB
2017Q4,2017,Q4,2018-03-08,2017-12-31,-3007072.0,3315457.0,-12279618.0,-0.14863,0.0,0.0,169303445.0,113119769.0,123118512.0,13492166.0,56183676.0,0.0,-251036015.0,915489131.0,833455922.0,5.591185491911646,9.125185088887877,0.0,0.0,-0.027311970927978553,5.591185491911646,-0.0265830811588733,276.1275839198035,-76.11134111521108,8.093095831905385,0.0,0.0,0.0,0.019582926974699186,9.058672417757089,-0.01776143421062696,-90.36056326044918,0.0,0.7906619718309859,0.8662668173240629,0.0,0.07085749177783453,0.0,0.7549651772866388,0.013699560970202841,0.7333292720631869,0.0,0.06691277997971196,Biotechnology,Healthcare,ASMB
2017Q3,2017,Q3,2017-11-01,2017-09-30,-12272019.0,2659613.0,-12450180.0,-0.71,0.0,0.0,112313122.0,47132851.0,68651761.0,12219013.0,65180271.0,0.0,-248028943.0,606473903.1600001,579226671.1600001,2.713849925519028,5.618437512096927,0.0,0.0,-0.26338024882613925,2.713849925519028,-0.2603708186462134,228.03088387671443,-12.354811037205858,12.86732905590625,0.0,0.0,0.0,0.023680340753060004,5.5405806508267075,-0.10926611941211999,-52.9175677358744,0.0,0.08974358974358981,0.6587071769330727,0.0,-0.6656933712835005,0.0,0.09757028234123086,0.08233583944160833,0.4692647223463574,0.0,-0.5241007891102463,Biotechnology,Healthcare,ASMB
2017Q2,2017,Q2,2017-08-09,2017-06-30,-13598864.0,2359311.0,-13567251.0,-0.78,0.0,0.0,122774619.0,56535012.0,77668536.0,11989349.0,66239607.0,0.0,-235756924.0,358125164.95,318672427.95,3.2598881956898906,6.4781278783360134,0.0,0.0,-0.23875916563948482,3.2598881956898906,-0.24053880098230102,151.79226687367625,-6.583733114582218,6.334573077476308,0.0,0.0,0.0,0.019216602089394387,6.39652578300957,-0.11076282794247563,-28.98120812394378,0.0,0.03703703703703707,0.7349026021290574,0.0,-0.6786413576269378,0.0,0.023812984845655888,0.026028890950491927,-0.4938576840958956,0.0,-0.24402172396075505,Biotechnology,Healthcare,ASMB
2017Q1,2017,Q1,2017-05-08,2017-03-31,-13930593.0,684369.0,-13929829.0,-0.81,0.0,0.0,134284191.0,67888164.0,92221684.0,10956639.0,66396027.0,0.0,-222158060.0,440168457.2,369350446.2,3.931379616267515,8.416968378715406,0.0,0.0,-0.20518788812730301,3.931379616267515,-0.2051991419299541,643.1741607232356,-7.899312994069957,6.483728992877167,0.0,0.0,0.0,0.005096422705484371,8.298439968680176,-0.103739635293331,12.59606820552888,0.0,-0.2113779798402776,0.7550617378172334,0.0,-0.6456866398686614,0.0,-0.20645800825812632,-0.17370499485434,0.12410292868637929,0.0,-0.22588832343061035,Biotechnology,Healthcare,ASMB
2016Q4,2016,Q4,2017-03-02,2016-12-31,-11546687.0,0.0,-11868254.0,-0.66866,0.0,0.0,98118606.0,79878001.0,53574664.0,7120954.0,18240605.0,0.0,-208227467.0,209809602.0,181234517.0,4.62570684515192,7.523523393073456,0.0,0.0,-0.14857975727259373,4.62570684515192,-0.14455403058972394,0.0,-4.542636385657635,2.626625596201387,0.0,0.0,0.0,0.0,7.437695567195069,-0.11768091161017921,-18.81621151395412,0.0,0.0020000000000000118,0.9120075191922017,0.0,-0.6675612525048976,0.0,0.0023699432103546215,-0.016211166695564876,0.5113656365049442,0.0,-0.16548007591431713,Biotechnology,Healthcare,ASMB
2016Q3,2016,Q3,2016-11-09,2016-09-30,-11574117.0,0.0,-11678925.0,-0.67,0.0,0.0,109127019.0,90044773.0,59254826.0,7482246.0,19082246.0,0.0,-196680780.0,124196244.34,100402156.34,5.227394892495185,7.91939024725998,0.0,0.0,-0.12970130981395223,5.227394892495185,-0.12853735552201348,0.0,-2.68262892840983,1.3792721132186097,0.0,0.0,0.0,0.0,7.83795066347725,-0.106060965524954,-15.726516016775964,0.0,-0.1355932203389832,0.7309089651364404,0.0,-0.7673575265266084,0.0,-0.14005998699789207,-0.11715896014302482,0.45234959053598384,0.0,-0.3077894820993542,Biotechnology,Healthcare,ASMB
2016Q2,2016,Q2,2016-08-09,2016-06-30,-10152200.0,0.0,-10454130.0,-0.59,0.0,0.0,117205921.0,100561053.0,64102987.0,5044868.0,16644868.0,0.0,-185106663.0,95602413.0,75261075.0,5.837863570974929,12.706573690332434,0.0,0.0,-0.10395804029617708,5.837863570974929,-0.10095558565799823,0.0,-2.35422896022537,0.9506902538102897,0.0,0.0,0.0,0.0,12.596235025376284,-0.08661849088665069,-14.126263592676219,0.0,0.07812500000000007,0.8784869673232123,0.0,-0.11183988840453299,0.0,0.0761117154771354,0.0729813697642809,0.5107739004369495,0.0,-0.2593630433761839,Biotechnology,Healthcare,ASMB
2016Q1,2016,Q1,2016-05-10,2016-03-31,-10988558.0,0.0,-11277152.0,-0.64,0.0,0.0,124454324.0,109284982.0,59089199.0,3569342.0,15169342.0,0.0,-174954463.0,86472823.24,66077778.239999995,6.344312456612698,16.5546476073181,0.0,0.0,-0.10319031758636334,6.344312456612698,-0.10054957047986703,0.0,-1.9673378263098757,0.7912598936970131,0.0,0.0,0.0,0.0,16.340131598485097,-0.08829390291011505,-9.386409508935413,0.0,-0.4228229696983171,0.6650408424377678,0.0,-0.27631662843102595,0.0,-0.41819393114029496,-0.3792520095627829,0.41553716626470877,0.0,-0.38390047123860893,Biotechnology,Healthcare,ASMB
2015Q4,2015,Q4,2016-03-11,2015-12-31,-7748276.0,0.0,-8176281.0,-0.44981,0.0,0.0,133744497.0,118741595.0,68368465.0,3402902.0,15002902.0,0.0,-163965905.0,129364721.61999999,102257195.61999999,6.893296466632168,20.091223608555286,0.0,0.0,-0.06885776631179663,6.893296466632168,-0.06525325855695302,0.0,-4.173984045612211,1.0894642405637216,0.0,0.0,0.0,0.0,19.884257025327205,-0.057933419122283586,-23.66945964756919,0.0,-0.18371052631578944,0.9313476916234433,0.0,-0.15241403593720523,0.0,-0.17080000658815978,-0.1479951633098978,0.5952758463106802,0.0,0.3202456214370542,Biotechnology,Healthcare,ASMB
2015Q3,2015,Q3,2015-11-09,2015-09-30,-6617933.0,0.0,-7122226.0,-0.38,0.0,0.0,139654016.0,125402447.0,66503164.0,2651569.0,14251569.0,0.0,-156217629.0,164488050.28,128086563.28,7.288355544851194,25.08068392713899,0.0,0.0,-0.05679495233454256,7.288355544851194,-0.05277355552718999,0.0,-6.213724522445302,1.311681344463717,0.0,0.0,0.0,0.0,24.814692357619204,-0.047388060791606595,-31.716934483093066,0.0,0.07317073170731701,0.9806261639465343,0.0,1.038455146568677,0.0,0.04677421701244377,0.00442821088622228,0.8142217254691508,0.0,-0.10218116772967265,Biotechnology,Healthcare,ASMB
2015Q2,2015,Q2,2015-08-13,2015-06-30,-6942671.0,0.0,-7153905.0,-0.41,0.0,0.0,144707127.0,130867167.0,71332755.0,2239960.0,13839960.0,0.0,-149599696.0,329721338.88000005,276203193.88000005,7.6443388377035575,31.845548581224666,0.0,0.0,-0.05466539212238009,7.6443388377035575,-0.05305128214474147,0.0,-11.87300027899925,2.519511550823134,0.0,0.0,0.0,0.0,31.575382149681243,-0.047977395059470705,-74.93779199415265,0.0,0.35937500000000006,0.9829483036181159,0.0,1.0453909824464278,0.0,0.028311172935637226,0.006845968010408681,0.8628949564219827,0.0,-0.24642374116631255,Biotechnology,Healthcare,ASMB
2015Q1,2015,Q1,2015-05-08,2015-03-31,-7144953.0,0.0,-7203218.0,-0.64,0.0,0.0,138347415.0,124619032.0,96337918.0,2128383.0,13728383.0,0.0,-142657025.0,147977919.2,51923837.19999999,11.150014763013372,45.26343144067586,0.0,0.0,-0.057801909422631366,11.150014763013372,-0.05733436446529291,0.0,-5.1777079289394905,1.1874423739706148,0.0,0.0,0.0,0.0,45.13007386358564,-0.05164500543794042,-39.95015183322966,0.0,-0.14827041768336452,0.9716893422741345,0.0,1.0739010776707554,0.0,-0.1469819247623067,-0.14614834685475894,0.8058995440634372,0.0,0.004888762166405092,Biotechnology,Healthcare,ASMB
2014Q4,2014,Q4,2015-03-12,2014-12-31,-6229351.0,0.0,-6284717.0,-0.55736,0.0,0.0,71225193.0,58571172.0,29216397.0,1054021.0,12654021.0,0.0,-135512072.0,87847918.8,58756805.8,5.240527245364861,27.718989469849273,0.0,0.0,-0.10730051637006684,5.240527245364861,-0.10635523905855938,0.0,-3.525564653524902,1.4998490861681921,0.0,0.0,0.0,0.0,27.60012656294324,-0.08745993850799394,-23.600078874755965,0.0,0.5809323308270677,0.9691480703737921,0.0,1.035087711067114,0.0,0.4347363736856251,0.43152719385207644,0.9266548971305311,0.0,-0.6233755462716019,Biotechnology,Healthcare,ASMB
2014Q3,2014,Q3,2014-11-17,2014-09-30,-11020258.0,0.0,-11055440.0,-1.33,0.0,0.0,60393941.0,47202220.0,18079805.0,1049019.0,13191721.0,0.0,-129282721.0,67791537.45,49858910.45,5.7025728629495775,17.234964285680242,0.0,0.0,-0.23421440771217963,5.7025728629495775,-0.23346906141278947,0.0,-1.5378845361424387,1.4361938368576732,0.0,0.0,0.0,0.0,17.094663681020076,-0.1824729073401585,-17.41341458809822,0.0,-1.5576923076923077,0.872850199627836,0.0,0.0,0.0,-3.462956505821754,-3.4113347038318627,0.4668066313167298,0.0,-0.7462099796777402,Biotechnology,Healthcare,ASMB
2014Q2,2014,Q2,2014-08-14,2014-06-30,-2469273.0,0.0,-2506144.0,-0.52,0.0,0.0,21755202.0,20285414.0,21747803.0,1469788.0,1469788.0,0.0,-118262463.0,30812844.05,9496516.05,4.312145334081876,14.796557734857,0.0,0.0,-0.12354413866041876,4.312145334081876,-0.12172652724760756,0.0,-3.1196271179816897,1.5189655015174943,0.0,0.0,0.0,0.0,14.679837500374203,-0.11350264640153651,-13.27914313258869,0.0,0.4222222222222222,0.9205783474708451,0.0,0.0,0.0,0.39328664442051275,0.3902550052297349,0.8917775932951437,0.0,-0.3439594066268256,Biotechnology,Healthcare,ASMB
2014Q1,2014,Q1,2014-05-14,2014-03-31,-4069917.0,0.0,-4110151.0,-0.9,0.0,0.0,23904341.0,22441892.0,23895916.0,1462449.0,1462449.0,0.0,-115793190.0,28170742.5,4534020.5,5.078569068600162,16.339657656437932,0.0,0.0,-0.1831463675166069,5.078569068600162,-0.18135355967313274,0.0,-1.7304248772149409,1.2552748449194926,0.0,0.0,0.0,0.0,16.16242480934378,-0.1702584898701035,-5.430347556215242,0.0,0.3423167986904797,0.9409288433835953,0.0,0.0,0.0,0.32695648808986355,0.3255463325262613,0.5163908382147544,0.0,-0.42069751270214994,Biotechnology,Healthcare,ASMB
2013Q4,2013,Q4,2014-03-31,2013-12-31,-6047034.0,0.0,-6094045.0,-1.36844,0.0,0.0,27132042.0,24493988.0,27124940.0,2638054.0,2638054.0,0.0,-111723273.0,84401754.0,57340486.0,5.54295555042612,10.282177696135106,0.0,0.0,-0.24879758249248754,5.54295555042612,-0.24687829519635593,0.0,-3.489386449621418,3.4458151118552034,0.0,0.0,0.0,0.0,10.258041723179282,-0.22287426799648916,-15.648085939578507,0.0,-0.09475200000000009,0.92425172164512,0.0,1.0371126059850617,0.0,-0.23870413471256777,-0.23536085893231878,0.7911423970446891,0.0,-0.31844925766547066,Biotechnology,Healthcare,ASMB
2013Q3,2013,Q3,2013-11-12,2013-09-30,-4881742.0,0.0,-4933008.0,-1.25,0.0,0.0,32365322.0,30047662.0,32357690.0,2317660.0,2317660.0,0.0,-105676239.0,57495177.25,25272267.25,7.551741496718318,13.961361890872691,0.0,0.0,-0.1641727732427235,7.551741496718318,-0.16246661720302896,0.0,-2.9443986004381224,1.9134659212420586,0.0,0.0,0.0,0.0,13.903208408480968,-0.15083248669671817,-12.351002674055263,0.0,-0.041666666666666706,0.8828272142237318,0.0,0.0,0.0,-0.027326822517702437,-0.025838059258116282,0.938201068255508,0.0,1.0398448352742915,Biotechnology,Healthcare,ASMB
2013Q2,2013,Q2,2013-08-09,2013-06-30,-4751888.0,0.0,-4808759.0,-1.2,0.0,0.0,33676769.0,31091386.0,33667440.0,2585383.0,2585383.0,0.0,-100794497.0,44375580.0,10885663.0,7.882220187319242,13.022225333731985,0.0,0.0,-0.15466531469520206,7.882220187319242,-0.1528361585424336,0.0,-2.334628888559663,1.4272628437986006,0.0,0.0,0.0,0.0,12.953561232513712,-0.14110284748516105,-13.11489741254953,0.0,-0.09090909090909079,0.8177216983822149,0.0,0.0,0.0,-0.2763273566750244,-0.27588215129446575,0.9493468505441852,0.0,1.046803487621039,Biotechnology,Healthcare,ASMB
2013Q1,2013,Q1,2013-05-10,2013-03-31,-3723095.0,0.0,-3768968.0,-1.1,0.0,0.0,37102742.0,35126099.0,37097168.0,1976643.0,1976643.0,0.0,-96042609.0,52019488.5,15145970.5,10.297544731721073,18.76776332397909,0.0,0.0,-0.1072982228968836,10.297544731721073,-0.10599227087528279,0.0,-3.493027205859641,1.480935543112829,0.0,0.0,0.0,0.0,18.654616943980272,-0.10034554858506145,-11.903448967865636,0.0,0.010257333093395587,0.9299971194987141,0.0,0.0,0.0,0.01794039686012721,0.01253972537419796,0.9516643683743952,0.0,1.0682509995916214,Biotechnology,Healthcare,ASMB
2012Q4,2012,Q4,2013-03-18,2012-12-31,-3791109.0,0.0,-3816830.0,-1.1114,0.0,0.0,20555644.0,17810186.0,20548803.0,2745458.0,2745458.0,0.0,-92319514.0,36840031.2,16350812.200000003,5.221222744241324,7.484653926594397,0.0,0.0,,5.221222744241324,-0.21286184209418138,0.0,-2.4293703504700077,2.068480991720132,0.0,0.0,0.0,0.0,7.462951172445544,-0.18443153617566058,-11.996649537914461,0.0,0.45785365853658533,0.9384796924214942,0.0,1.0349584586606282,0.0,0.29209561868149087,0.28927101506190617,0.9384796924214942,0.0,1.0349584586606282,Biotechnology,Healthcare,ASMB
2012Q3,2012,Q3,2012-11-13,2012-09-30,-5355397.0,0.0,-5370303.0,-2.05,0.0,0.0,23679370.0,20998174.0,23671263.0,2681196.0,2681196.0,0.0,-88528405.0,47465357.800000004,23905278.800000004,8.117846588738871,8.828620884112912,0.0,0.0,,8.117846588738871,-0.255041081191155,0.0,-2.215772136033986,2.260451684989371,0.0,0.0,0.0,0.0,8.78715282284473,-0.22616298491049383,-8.983184226658045,0.0,0.30508474576271194,0.8022727697649465,0.0,0.0,0.0,0.28308399089269576,0.28188242096538974,0.8022727697649465,0.0,0.0,Biotechnology,Healthcare,ASMB
2012Q2,2012,Q2,2012-08-09,2012-06-30,-7470048.0,0.0,-7478306.0,-2.95,0.0,0.0,29010340.0,25618502.0,29000965.0,3391838.0,3391838.0,0.0,-83173008.0,53918635.050000004,25074755.050000004,10.144081303111548,8.550221148533627,0.0,0.0,-0.29191035447740077,10.144081303111548,-0.2915880093223249,0.0,-1.8044942632898746,2.104675560264999,0.0,0.0,0.0,0.0,8.50390850034701,-0.25749605140787735,-7.770578112788359,0.0,0.10606060606060595,0.5524488476041844,0.0,0.0,0.0,0.0861070072509052,0.08690427917656739,0.5524488476041844,0.0,0.0,Biotechnology,Healthcare,ASMB
2012Q1,2012,Q1,2012-05-09,2012-03-31,-8173876.0,0.0,-8190057.0,-3.3,0.0,0.0,31390174.0,27537316.0,31382953.0,3852858.0,3852858.0,0.0,-75702960.0,123716982.25,92650371.25,11.09577018154272,8.14536974889809,0.0,0.0,-0.29741667633839114,11.09577018154272,-0.29682907368314326,0.0,-3.7839142118745137,4.4927030016287715,0.0,0.0,0.0,0.0,8.063263945881213,-0.2603960079991911,-20.316273276962455,0.0,0.565738619390955,0.7887620634753671,0.0,0.0,0.0,0.5665877915886638,0.5663840258469324,0.7887620634753671,0.0,0.0,Biotechnology,Healthcare,ASMB
2011Q4,2011,Q4,2012-03-14,2011-12-31,-18859358.0,0.0,-18887812.0,-7.59911,0.0,0.0,37045781.0,34532707.0,37037563.0,2513074.0,2513074.0,0.0,-67529084.0,99370671.39999999,62395237.39999999,13.914463581655946,14.737951608269395,0.0,0.0,,13.914463581655946,-0.5461303106066953,0.0,-1.317259466096354,2.877581285475245,0.0,0.0,0.0,0.0,14.713229296073255,-0.5090824782449586,-6.084200392871253,0.0,-2.039644,0.5793593788924888,0.0,1.093163656049847,0.0,-2.250839412202026,-2.4057271528843756,0.5793593788924888,0.0,1.093163656049847,Biotechnology,Healthcare,ASMB
2011Q3,2011,Q3,2011-11-14,2011-09-30,-5801381.0,0.0,-5545897.0,-2.5,0.0,0.0,53388460.0,52205018.0,53379245.0,1183442.0,1183442.0,0.0,-48669726.0,104899568.55,51605306.55,22.469649735275294,45.10507908287859,0.0,0.0,-0.10623302533867529,22.469649735275294,-0.11112688439260762,0.0,-4.5204567908055,2.009377116774483,0.0,0.0,0.0,0.0,45.0332690575457,-0.10866357636088399,-25.778156682197515,0.0,0.48453608247422675,0.7615315421379629,0.0,0.0,0.0,0.1666491656768193,0.19642976939598245,0.7615315421379629,0.0,0.0,Biotechnology,Healthcare,ASMB
2011Q2,2011,Q2,2011-08-15,2011-06-30,-6961511.0,0.0,-6901571.0,-4.85,0.0,0.0,11523832.0,9434193.0,11465642.0,769941.0,2089639.0,0.0,-42868345.0,105924992.39999999,94556457.39999999,6.572985540285014,14.891585199385407,0.0,0.0,-0.7315486337835149,6.572985540285014,-0.7379021183899884,0.0,-3.803951196801959,11.227774585489188,0.0,0.0,0.0,0.0,14.765462548429035,-0.604096883744921,-37.14100412732396,0.0,-1.5526315789473684,0.26612561162353987,0.0,0.0,0.0,-1.557049496818707,-1.5879674905279453,0.26612561162353987,0.0,0.0,Biotechnology,Healthcare,ASMB
2011Q1,2011,Q1,2011-03-31,2011-03-31,-2722478.0,0.0,-2666792.0,-1.9,0.0,0.0,14137821.0,12532203.0,14102055.0,310432.0,1605618.0,0.0,-35906832.0,84699297.0,70698773.0,8.76669646679594,45.42719500566952,0.0,0.0,-0.21279514862630297,8.76669646679594,-0.21723858127737,0.0,-7.777776073856244,6.7585321591104135,0.0,0.0,0.0,0.0,45.10013142974951,-0.1925670158081645,-46.361544777304005,0.0,0.7100122100122099,0.8778535203958021,0.0,0.0,0.0,0.7093308694499098,0.15224911514861753,0.8778535203958021,0.0,0.0,Biotechnology,Healthcare,ASMB
2010Q4,2010,Q4,2010-12-31,2010-12-31,-9366244.0,0.0,-3145726.0,-6.552,0.0,0.0,14616601.0,11626116.0,14589970.0,1719812.0,2990485.0,0.0,-33184354.0,47317244.4,35236242.4,8.132858210145475,8.483467960451492,0.17035786911060924,0.2141775464824194,,8.132858210145475,-0.8056210689795285,0.0,-1.2629727668849968,4.069909882199696,0.0,0.0,0.0,0.0,8.472469665288997,-0.6407949426819546,-38.83552656309376,0.0,0.6699244332493703,0.6373209436331236,0.0,1.0544531810763484,0.0,-4.273058615224814,-5.164282844909517,0.6373209436331236,0.0,1.0544531810763484,Biotechnology,Healthcare,ASMB
2010Q3,2010,Q3,2010-09-30,2010-09-30,-1776245.0,0.0,-510315.0,-19.85,0.0,0.0,579272.0,-16956947.0,275101.0,16290058.0,17536219.0,0.0,-23818110.0,2818273.5,11219512.5,-189.52874179883534,0.01688766240120201,14.971056774710327,-0.5114313325388113,,-189.52874179883534,0.10475028317302637,0.0,-0.3966617077036107,-0.16620170482339774,0.0,0.0,0.0,0.0,0.01664051779312265,-3.066340164896629,-2.759893473358057,0.0,0.16596638655462181,-0.8960325440692044,0.0,0.0,0.0,0.16523916875680558,0.22670875219342776,-0.8960325440692044,0.0,0.0,Biotechnology,Healthcare,ASMB
2010Q2,2010,Q2,2010-06-30,2010-06-30,-2127849.0,0.0,-659926.0,-23.8,0.0,0.0,1156366.0,-15067560.0,655264.0,15000278.0,16223926.0,0.0,-22041865.0,2818273.5,12856989.5,-168.41095798544748,0.043683457066595696,9.24313236466655,-0.7093679401309834,0.1506984514682872,-168.41095798544748,0.14122054267578826,0.0,-0.3311176568450111,-0.18704246075675157,0.0,0.0,0.0,0.0,0.04331439723983782,-1.8401172293201287,-2.380913901734739,0.0,-0.053989972038266006,-2.5985581069699952,0.0,0.0,0.0,-0.053240950419420605,-0.46555775167114527,-2.5985581069699952,0.0,0.0,Biotechnology,Healthcare,ASMB
2010Q1,2010,Q1,2010-03-31,2010-03-31,-2020287.0,0.0,-450290.0,-22.58086,0.0,0.0,1425252.0,-13498865.0,1068800.0,13728660.0,14924117.0,0.0,-19914016.0,2818273.5,13144750.5,-150.8775665314243,0.07785173498360365,7.994560961850957,-0.8440905216846009,,-150.8775665314243,0.14966347170669533,0.0,-0.34874667559609107,-0.2087785528635185,0.0,0.0,0.0,0.0,0.07777794773852656,-1.417494590430324,-1.5734181229235045,0.0,-0.24993966420083294,-0.4482665923042016,0.0,0.0,0.0,-0.24993936799174415,0.5731985888606433,-0.4482665923042016,0.0,0.0,Biotechnology,Healthcare,ASMB
2009Q4,2009,Q4,2009-12-31,2009-12-31,-1616308.0,0.0,-1055034.0,-18.06556,0.0,0.0,166254.0,-13362648.0,83807.0,12357448.0,13528902.0,0.0,-17893729.0,2818273.5,11749030.5,-149.35506152969185,0.00678190189430698,54.20648525749756,-0.6744205938822904,,-149.35506152969185,0.12095716358015268,0.0,-0.43591219928379993,-0.21090681278141876,0.0,0.0,0.0,0.0,0.006578057216991728,-9.721919472614193,-2.2976154566087943,0.0,-0.7253094525690701,0.0,0.0,0.0,0.0,-0.725309610577036,-0.4774089742350979,0.0,0.0,0.0,Biotechnology,Healthcare,ASMB
2009Q3,2009,Q3,2009-09-30,2009-09-30,-936822.0,0.0,-714111.0,-10.47091,0.0,0.0,,,,,,,,2818273.5,,,0.0,0.0,0.0,0.0,,0.0,0.0,-0.7520835067921121,0.0,0.0,0.0,0.0,0.0,0.0,0.0,-5.556708216347519,0.0,-0.5843266667271896,0.0,0.0,0.0,0.0,-0.5843268967336709,-0.8303451740479968,0.0,0.0,0.0,Biotechnology,Healthcare,ASMB
2009Q2,2009,Q2,2009-06-30,2009-06-30,-591306.0,0.0,-390151.0,-6.60906,0.0,0.0,,,,,,,,2818273.5,,,0.0,0.0,0.0,0.0,,0.0,0.0,-1.1915461284005235,0.0,0.0,0.0,0.0,0.0,0.0,0.0,-6.685105853051058,0.0,0.5761153120074687,0.0,0.0,0.0,0.0,0.5761153115230517,0.669625059486813,0.0,0.0,0.0,Biotechnology,Healthcare,ASMB
2009Q1,2009,Q1,2009-03-31,2009-03-31,-1394969.0,0.0,-1180934.0,-15.591646,0.0,0.0,,,,,,,,2818273.5,,,0.0,0.0,0.0,0.0,,0.0,0.0,-0.5050781594429697,0.0,0.0,0.0,0.0,0.0,0.0,0.0,-2.1172117569724858,0.0,0.0,0.0,0.0,0.0,0.0,0.0,0.0,0.0,0.0,0.0,Biotechnology,Healthcare,ASMB
