Quarters,Year,Quarter,FillingDate,Date,NetIncome,Revenue,OperatingIncome,EPSDiluted,GrossProfit,GrossProfitRatio,TotalAssets,CommonStockEquity,CurrentAssets,CurrentLiability,TotalLiability,Inventory,RetainedEarnings,MarketCap,EnterpriseValue,bookValuePerShare,currentRatio,debtToAssets,debtToEquity,roic,shareholdersEquityPerShare,roe,priceToSalesRatio,peRatio,pbRatio,payoutRatio,inventoryTurnover,dividendYield,assetTurnover,quickRatio,returnOnAssets,priceToFreeCashFlowsRatio,grossProfitMargin,epsdilutedGrowth,fiveYNetIncomeGrowthPerShare,fiveYRevenueGrowthPerShare,fiveYShareholdersEquityGrowthPerShare,grossProfitGrowth,netIncomeGrowth,operatingIncomeGrowth,threeYNetIncomeGrowthPerShare,threeYRevenueGrowthPerShare,threeYShareholdersEquityGrowthPerShare,Industry,Sector,Symbol
2023Q1,2023,Q1,2023-05-10,2023-03-31,29029000.0,185232000.0,14482000.0,0.51,76069000.0,0.4106687829,5015270000.0,2184536000.0,810987000.0,390960000.0,2668880000.0,45447000.0,646204000.0,4807306700.0,6496822700.0,38.52117792276494,2.0743477593615713,0.4195929630907209,0.9633038778028835,0.0026474726040554624,38.52117792276494,0.013288405409661365,25.952895288071176,41.40089823969134,2.2006076805326167,0.2319060250094733,2.401984729465091,0.0014003683185015011,0.03693360477102928,1.5669122160834867,0.005788123072137692,-95.34334305150632,0.41066878293167486,0.59375,-0.6272580298291642,-0.1016306573187709,0.4993335815030354,-0.05162697917965341,0.6091463414634146,-0.20279643289662005,0.0035172413825803155,-0.1322867213916726,0.39522792523143474,Utilities—Renewable,Utilities,ORA
2022Q4,2022,Q4,2023-02-24,2022-12-31,18040000.0,205486000.0,18166000.0,0.32,80210000.0,0.3903428944,4611579000.0,1867571000.0,456717000.0,343910000.0,2581014000.0,22832000.0,623907000.0,4849538960.0,6806379960.0,33.303689569698804,1.3280131429734523,0.4451215082729798,1.0991351868282384,0.007723664105972225,33.303689569698804,0.009659605980174247,23.600337541243686,67.20536252771619,2.5967092870900226,0.3861419068736142,5.486860546601261,0.001436425206077734,0.04455870754897617,0.7952952807420546,0.003911892217394519,-60.33941297234077,0.3903428944064316,0.0,-0.7531692242386159,0.11471461658128623,0.3634962175883861,0.31259409569941743,-0.003865267807840972,-0.5329236623556938,0.3019352192779307,-0.02856774047045022,0.22021683886853388,Utilities—Renewable,Utilities,ORA
2022Q3,2022,Q3,2022-11-03,2022-09-30,18110000.0,175885000.0,38893000.0,0.32,61108000.0,0.3474315604,4524531000.0,1846505000.0,474975000.0,372028000.0,2523822000.0,29805000.0,612832000.0,4827113800.0,6709450800.0,32.97389239093555,1.276718419043728,0.45020577823425234,1.1031489218821504,0.007349915795104817,32.97389239093555,0.009807717823672289,27.444715581203628,66.63602705687465,2.614189401057674,0.3710104914411927,3.85093105183694,0.0013919290653557825,0.038873642373099,0.8330286967647597,0.004002624802438087,-89.42080323070653,0.347431560394576,0.10344827586206906,-0.15079407205521103,0.006429865476804547,0.4074745467131738,0.060884359646533916,0.097110316835282,0.007407983008262751,0.05553748988708945,-0.06173405725829849,0.2163533870397249,Utilities—Renewable,Utilities,ORA
2022Q2,2022,Q2,2022-08-04,2022-06-30,16507000.0,169078000.0,38607000.0,0.29,57601000.0,0.3406770839,4541976000.0,1832627000.0,585608000.0,353113000.0,2553686000.0,32213000.0,601441000.0,4396531900.0,6213435900.0,32.658997754571054,1.658415294820638,0.4580228957616685,1.1351622561492327,0.007147563501532127,32.658997754571054,0.00900728844440249,26.00298028129029,66.5858711455746,2.3990325909200285,0.40776640213242865,3.460621488219042,0.0015309794522359774,0.037225648043935064,1.188163562372385,0.0036343212733840956,-47.43827512165647,0.3406770839494198,-0.2564102564102565,-0.582113085111591,-0.1639024318147412,0.4217685150215573,-0.17601029969243975,-0.2569769535469932,4.580659150043365,-0.5596739388151881,-0.16841169834073755,0.2113933486220837,Utilities—Renewable,Utilities,ORA
2022Q1,2022,Q1,2022-05-04,2022-03-31,22216000.0,183710000.0,6918000.0,0.39,69905000.0,0.380518208,4414189000.0,1870669000.0,507989000.0,583991000.0,2389932000.0,32888000.0,596912000.0,4587635290.0,6347043290.0,33.36726539785598,0.8698575834216623,0.42803196691396767,1.0100204793044627,0.001253689517029527,33.36726539785598,0.011875965229551567,24.972158782864298,51.625352111091104,2.452403546538698,0.3027997839395031,3.4603806859644854,0.001466332778166418,0.041618063929750176,0.5509776691764086,0.005032861075953023,-82.70480061294393,0.3805182080452888,-0.17021276595744672,-0.4424949516104047,-0.14272993301332257,0.49656820513686084,-0.0750370487985604,-0.16772187464878432,-0.8790939914013073,-0.22553077397556548,-0.1651556533525619,0.26237320359091476,Utilities—Renewable,Utilities,ORA
2021Q4,2021,Q4,2022-02-25,2021-12-31,26693000.0,190989000.0,57218000.0,0.47,75576000.0,0.3957086534,4425678000.0,1854999000.0,601932000.0,544156000.0,2427217000.0,28445000.0,585209000.0,4443416900.0,6138711900.0,33.10547356022344,1.1061754349855557,0.43712466202918515,1.04289705816553,0.009480537105500822,33.10547356022344,0.014389765169684727,23.265302713768858,41.61593769902221,2.395374283220638,0.2661371895253437,4.057409034979785,0.0015987696315418883,0.04315474374773764,0.7964646167643102,0.006031392252215367,-264.2060233083601,0.39570865337794325,0.8076923076923075,-0.16220909027477792,0.01623394203265737,0.5240628192451148,0.19695913842255305,0.7912360756945377,0.5899188618428365,0.3253665253283098,-0.09284780157721095,0.2714824332408367,Utilities—Renewable,Utilities,ORA
2021Q3,2021,Q3,2021-11-04,2021-09-30,14902000.0,158842000.0,35988000.0,0.26,63140000.0,0.39750192014706437,4359366000.0,1833385000.0,635439000.0,534272000.0,2387010000.0,27356000.0,573408000.0,3730359830.0,5415216830.0,32.73726407513883,1.1893548604456157,0.4479227025214217,1.0650567120381154,0.00803332531343427,32.73726407513883,0.008128134570753006,23.484719595572958,62.581529828210975,2.0346843843491684,0.45067776137431215,3.49839157771604,0.001800362513554088,0.03643694977664183,0.9176318429563968,0.0034183869856304794,-107.85127298485024,0.39750192014706437,0.13043478260869565,0.09254479685513536,-0.23799944873975745,0.561240658542032,0.21481481481481482,0.14401965300168892,0.25748628533491735,0.27362955360869184,-0.13716339211868445,0.2698055358145708,Utilities—Renewable,Utilities,ORA
2021Q2,2021,Q2,2021-08-05,2021-06-30,13026000.0,146901000.0,28619000.0,0.23,51975000.0,0.35380970857924726,3818550000.0,1825083000.0,587989000.0,246229000.0,1858695000.0,28526000.0,565222000.0,3893123760.0,5087448760.0,32.59542434633519,2.387976233506208,0.3782414790954682,0.7913798988867904,0.006715240631602302,32.59542434633519,0.007137209650191252,26.501683174382748,74.71832795946568,2.133121485433813,0.49500998003992014,3.327701044661011,0.0016562535376476188,0.038470361786542014,1.8656413338802498,0.003411242487331579,-43.22235278443912,0.35380970857924726,-0.14814814814814817,-0.5274770013289215,-0.18833796226095081,0.569572940981167,-0.29426860564585117,-0.14633986499770626,-0.4263464892060374,35.33514231729064,-0.2551003969821813,0.27349539146514984,Utilities—Renewable,Utilities,ORA
2021Q1,2021,Q1,2021-05-06,2021-03-31,15259000.0,166352000.0,49889000.0,0.27,73647000.0,0.4427178513032606,3859213000.0,1816608000.0,724935000.0,254234000.0,1909334000.0,38408000.0,558644000.0,4396737640.0,5448427640.0,32.446381367435876,2.851447878725898,0.370106547630307,0.7862565836988498,0.012999092261219513,32.446381367435876,0.008399720798323029,26.430326296046935,72.03515367979554,2.420300714298297,0.4402647617799332,2.413689856279942,0.001527951074196913,0.04310516159641875,2.2635249415892447,0.003953914956235895,-231.7487687117858,0.4427178513032606,-0.30769230769230765,-0.5421531143487467,-0.036220320795740155,0.586514173330739,-0.018576511507042818,-0.2627790124649725,-0.062148698185919726,-0.8015427416357592,-0.1827938486793369,0.262888411148544,Utilities—Renewable,Utilities,ORA
2020Q4,2020,Q4,2021-02-26,2020-12-31,20698000.0,179382000.0,53195000.0,0.39,75041000.0,0.41833071322652216,3888987000.0,1805985000.0,779154000.0,248647000.0,1947550000.0,35321000.0,550103000.0,4794409680.0,5801984680.0,34.007174330584114,3.1335749073988426,0.37434607006914655,0.8061124538686645,0.00835711258002904,34.007174330584114,0.011460781789439003,26.727373315048332,57.909093632235,2.6547339429729484,0.2695429510097594,2.954078310353614,0.0011636469080381134,0.04612563631608951,2.9687468579954714,0.005322208585423402,-76.29672146278585,0.41833071322652216,0.2580645161290323,-0.16797751778535963,-0.031046983182418376,0.6857236236115769,0.38887655006477884,0.3201097008737802,0.02919552683511976,-0.7009578970147625,0.027546537176250135,0.3922977955213882,Utilities—Renewable,Utilities,ORA
2020Q3,2020,Q3,2020-11-05,2020-09-30,15679000.0,158947000.0,51686000.0,0.31,54030000.0,0.33992462896437176,3520947000.0,1439742000.0,532591000.0,236303000.0,1949144000.0,34384000.0,534984000.0,3018865920.0,4274898920.0,28.190437030075188,2.2538478140353697,0.4127702007442884,1.0094461368773016,0.010821913825175472,28.190437030075188,0.01089014559553031,18.992909082901846,48.135498437400344,2.096810345186846,0.35455067287454556,3.051332014890647,0.001841419972702862,0.04514325265333446,1.6769909819172841,0.0044530633377895205,753.5861008487269,0.33992462896437176,-0.3111111111111111,-0.7913755226373751,-0.0631366317298524,0.4357411207934881,-0.17367632214847215,-0.31966501779050593,0.07511180447217888,-0.19386025568946869,-0.002749059776672361,0.2032950829747521,Utilities—Renewable,Utilities,ORA
2020Q2,2020,Q2,2020-08-06,2020-06-30,23046000.0,174900000.0,48075000.0,0.45,65386000.0,0.3738479130931961,3418377000.0,1428397000.0,517069000.0,404646000.0,1861566000.0,38932000.0,524864000.0,3240720070.0,4417224070.0,27.984189800756226,1.2778304987569382,0.39498920101556967,0.945270817566825,0.011420581243549681,27.984189800756226,0.01613416998215482,18.528988393367637,35.15490833550291,2.2687810671683013,0.24815586218866614,2.812955923148053,0.0017647312561618444,0.051164631636592454,0.9664571007745041,0.006741795887346539,871.3955552567894,0.3738479130931961,-0.11764705882352941,0.5311400984129311,0.19222317969168748,0.5269107176034205,-0.20083600185778192,-0.11473898513425268,-0.21262099349787902,-0.358611431974944,-0.04918789121480274,0.21825661265229346,Utilities—Renewable,Utilities,ORA
2020Q1,2020,Q1,2020-05-11,2020-03-31,26033000.0,192113000.0,61057000.0,0.51,81818000.0,0.425884765736832,3445613000.0,1409065000.0,584286000.0,567319000.0,1911962000.0,34107000.0,507537000.0,3453095760.0,4632277760.0,27.609236617289756,1.029907336084284,0.4093120730621808,1.0008984681331237,0.01345083112931787,27.609236617289756,0.018475371966516805,17.97429512838798,33.160755195329,2.4506291476972315,0.21564936810970692,3.2337936493974846,0.0016257875223246053,0.05575582632176045,0.7933737456351717,0.007555404510024777,-5578.506882067852,0.425884765736832,1.1250000000000002,1.402186527682308,0.47914355898675137,0.6156359693255613,0.0981987060750047,1.0651277169601776,0.12088779556469378,-0.2823596307880861,-0.01521523439797694,0.23831261557895578,Utilities—Renewable,Utilities,ORA
2019Q4,2019,Q4,2020-03-02,2019-12-31,12606000.0,192442000.0,54472000.0,0.24,74502000.0,0.3871400214090479,3250494000.0,1392420000.0,415664000.0,376476000.0,1735084000.0,34949000.0,487873000.0,3801786840.0,4968597840.0,27.293255189446654,1.1040916286828377,0.3808602630861648,0.8890880625098749,0.007775385169441026,27.293255189446654,0.009053302882750894,19.755494330759397,75.3963755354593,2.730344895936571,0.44518483261938757,3.3746316060545367,0.0014761479894017417,0.05920392408046285,0.7599714191608495,0.003878179747447619,-69.86652283377745,0.3871400214090479,-0.2,0.6181123905380604,0.1552944703532111,0.6098985337309865,0.34249932426344715,-0.19218199295097724,0.4068545158707611,-0.5654452329105275,0.12464164574077084,0.2564881567011688,Utilities—Renewable,Utilities,ORA
2019Q3,2019,Q3,2019-11-07,2019-09-30,15605000.0,170499000.0,38719000.0,0.3,55495000.0,0.32548577997524913,3259493000.0,1380733000.0,432310000.0,352723000.0,1754705000.0,39324000.0,480879000.0,3783812570.0000005,4917246570.0,27.108809612628356,1.2256359806420336,0.3776771418131593,0.8915815005507944,0.008655270981076565,27.108809612628356,0.011301967867791963,22.192579252664242,60.61859291893625,2.740437557442315,0.35924383210509453,2.9245244634320007,0.0014815744427848338,0.0523084418343589,0.8460888572619307,0.004787554383457795,-124.97316676024707,0.32548577997524913,-0.5454545454545455,-0.1523171563163286,0.09060036900579652,0.604776115737812,-0.1481572443857737,-0.5401909364134598,-0.17408276450511945,0.2579706306154962,-0.10066020731931231,0.2928195732780085,Utilities—Renewable,Utilities,ORA
2019Q2,2019,Q2,2019-08-08,2019-06-30,33938000.0,184065000.0,46880000.0,0.66,65147000.0,0.3539347513106783,3193781000.0,1369561000.0,412351000.0,276594000.0,1702140000.0,38880000.0,470880000.0,3253740000.0,4393492000.0,26.95986220472441,1.490816865152534,0.39151619976447977,0.9130057003667599,0.019587871541249843,26.95986220472441,0.02478020329141966,17.67712492869367,23.968265660911072,2.3757539824805174,0.16468265660911074,3.058590534979424,0.0017177156134171754,0.057632317306665674,1.0602977649551328,0.010626276504243717,215.9800862927315,0.3539347513106783,0.2941176470588236,2.334943073693065,0.29499651848335456,0.6224755951458429,-0.12175952762911336,0.3080243582825869,-0.12740809678920428,0.35693920719148675,0.12094412532698809,0.2982027710240244,Utilities—Renewable,Utilities,ORA
2019Q1,2019,Q1,2019-05-08,2019-03-31,25946000.0,199038000.0,53725000.0,0.51,74179000.0,0.3726876274882183,3143214000.0,1340349000.0,421621000.0,268090000.0,1680219000.0,42982000.0,442531000.0,2789502090.0,3955426090.0,26.432171803821806,1.5726845462344734,0.39618365151084206,0.9290789189979625,0.01347455191042017,26.432171803821806,0.01935764491188489,14.014922225906611,26.877958933939716,2.081175939997717,0.21502351036768674,2.9049136847982875,0.001999998501524693,0.06332308267906671,0.9971166399343504,0.008254608181307414,106.73842848396724,0.3726876274882183,0.41666666666666674,0.07971390881458315,0.2532626320830772,0.5964916769030489,-0.1831316279223425,0.42403951701427,-0.20971727810302726,-0.14044333365786935,0.27319711365067834,0.292440433458124,Utilities—Renewable,Utilities,ORA
2018Q4,2018,Q4,2019-03-01,2018-12-31,18220000.0,190465000.0,67982000.0,0.36,90809000.0,0.4767752605465571,3121350000.0,1319837000.0,473064000.0,361944000.0,1676254000.0,45024000.0,422222000.0,2651139300.0,3820250300.0,26.03690990511136,1.30700881904383,0.4062066093196854,0.9606587783188378,0.00919716520522872,26.03690990511136,0.013804734978637514,13.919299083821175,36.3767741492865,2.0086869060346086,0.27815587266739844,2.2133972992181947,0.001911630973144263,0.06102007144344594,0.823072077448445,0.005837217870472712,-174.44001184366363,0.4767752605465571,0.7142857142857143,1.0019807998136183,0.3048694753264854,0.6153942205915709,0.861145269716347,0.721954446649655,1.6245849741332716,-0.23269543154427114,0.07783373096616754,0.2906404303464693,Utilities—Renewable,Utilities,ORA
2018Q3,2018,Q3,2018-11-08,2018-09-30,10581000.0,166480000.0,25902000.0,0.21,48792000.0,0.2930802498798655,3059583000.0,1305695000.0,421774000.0,396365000.0,1629887000.0,37442000.0,410870000.0,2755088000.0,3912008000.0,25.781320959620892,1.0641050546844448,0.40165114004097946,0.9411730917250966,0.009158801018311905,25.781320959620892,0.00810373019732786,16.549062950504567,65.09517058879123,2.110054798402383,0.47859370569889426,3.1432081619571606,0.0018380538117112775,0.054412643814532896,0.6478346978164066,0.0034583144173568753,-108.35711476441438,0.2930802498798655,32.19877551020408,-0.2669399068617155,0.14236877288960972,0.6166159675024758,-0.15088232223034354,31.848396501457724,-0.29293260175251823,-0.8580223753839407,-0.01046244802303761,0.31304465449090696,Utilities—Renewable,Utilities,ORA
2018Q2,2018,Q2,2018-08-08,2018-06-30,-343000.0,178299000.0,36633000.0,-0.0067310334000549475,57462000.0,0.3222788686420002,2994149000.0,1295708000.0,395634000.0,341031000.0,1575352000.0,36696000.0,405353000.0,2692637370.0,3817071370.0,25.595243268869883,1.1601115441118257,0.3978192134058793,0.9192889138602216,0.001066214412779617,25.595243268869883,-0.0002647201375618581,15.101808591186714,-1962.5636807580174,2.0781205101766753,-14.758017492711371,3.2929202092871157,0.0018799412265454816,0.05954914067402791,0.71272406320833,-0.0001145567571954502,-108.21627562093079,0.3222788686420002,-1.0049492892647462,-1.012222402531325,0.04803073322071231,0.6345250937546951,-0.21684021152483235,-1.004934683777407,-0.3289799058487352,-1.0229774487340217,0.2254764571279523,0.3965618281308296,Utilities—Renewable,Utilities,ORA
2018Q1,2018,Q1,2018-06-19,2018-03-31,69508000.0,184023000.0,54593000.0,1.36,73372000.0,0.3987110306863816,2710817000.0,1300385000.0,322130000.0,205211000.0,1325932000.0,20069000.0,410758000.0,2853617320.0,3783221320.0,25.692199786620304,1.5697501595918348,0.3631108259982138,0.7569504415999877,0.0378584936621422,25.692199786620304,0.05345186233307828,15.506851426180424,10.263629078667204,2.194440354202794,0.16746273810208898,5.513528327270915,0.00407903327416025,0.06788470044270786,1.020681152569794,0.025640978347118232,-60.46696162566482,0.3987110306863816,0.7196339202848525,32.47840929131935,0.35714883931751423,0.6803729350335607,0.14009571757101125,0.0537901758641601,0.12795454545454546,5.46730390044701,0.4286690853343179,0.503454901044526,Utilities—Renewable,Utilities,ORA
2017Q4,2017,Q4,2018-03-16,2017-12-31,65960000.0,166365000.0,48400000.0,0.790866,64356000.0,0.3868361734739879,2586661000.0,1236137000.0,321646000.0,283345000.0,1266203000.0,19551000.0,351622000.0,3236954901.96,4102738901.96,24.42521595593642,1.1351744339938943,0.3531974232417777,0.7390782736864927,0.03920339484617865,24.42521595593642,0.05335978131873732,19.456946484897664,12.268628342783506,2.618605301807162,0.05911158277744087,5.217584778272212,0.0012045271306186957,0.06431650687894548,0.7517372814060598,0.025500055863524444,-1163.5351912149533,0.3868361734739879,1.0812263157894735,1.2662571089453352,0.2865337539071362,0.5964016591725351,0.08722315138614363,2.43881966529378,0.10075051171253127,7.534906165947762,0.006796090284670317,0.440726622038445,Utilities—Renewable,Utilities,ORA
2017Q3,2017,Q3,2017-11-09,2017-09-30,19181000.0,157185000.0,43970000.0,0.38,59193000.0,0.37658173489836816,2503738000.0,1179983000.0,332245000.0,193456000.0,1246293000.0,18685000.0,289561000.0,3074905350.0,3904171350.0,23.427700677030597,1.7174189479778348,0.36204986304477543,0.7682127623872548,0.014141091042603957,23.427700677030597,0.016255318932560894,19.56233323790438,40.07749009436421,2.605889534001761,0.21823679683019656,5.244420658282045,0.001361342715800992,0.06278013114790765,1.185148043999669,0.0076609453545059426,-310.9734375,0.37658173489836816,-0.4492753623188405,30.727232048038875,0.04145650258948846,0.1619791691456394,-0.16029960421602144,-0.45253453590592535,-0.17274984948826008,0.053644341847299624,0.016735709541853667,0.3868633492353521,Utilities—Renewable,Utilities,ORA
2017Q2,2017,Q2,2017-08-08,2017-06-30,35036000.0,179364000.0,53152000.0,0.69,70493000.0,0.3930164358511184,2510633000.0,1143274000.0,387236000.0,214177000.0,1283034000.0,18569000.0,274566000.0,2920562280.0,3739818280.0,22.97068574069237,1.8080186014371291,0.3734699575764359,0.8201411035324865,0.021930556851561613,22.97068574069237,0.030645322118757184,16.282878838562922,20.83972399817331,2.554560219160061,0.11354035848841192,5.863051322095966,0.001362066485361853,0.07144174397452754,1.2980198620766936,0.0139550463966657,-142.919612429655,0.3930164358511184,-0.0142857142857143,2.701062696800693,0.2609931809738557,0.13872263910528035,-0.0526407740895041,-0.007816039873130946,-0.10662901707677827,2.514018495427094,0.2880123043506029,0.3824023555842562,Utilities—Renewable,Utilities,ORA
2017Q1,2017,Q1,2017-05-09,2017-03-31,35312000.0,189898000.0,59496000.0,0.7,74410000.0,0.391841936197327,2499888000.0,1107658000.0,428749000.0,207491000.0,1303387000.0,17804000.0,243508000.0,2835734400.0,3617697400.0,22.29585346215781,2.066349865777311,0.3824575340975276,0.8631734705116562,0.02281914436414853,22.29585346215781,0.03187987627950144,14.932934522743789,20.07628001812415,2.560117292521699,0.23923878568192117,6.486632217479218,0.0029791224453178692,0.07596260312461998,1.4968552852894825,0.01412543281939031,152.63937991172355,0.391841936197327,0.2499999999999998,3.090165589220026,0.3120808337163456,0.11531680891538645,0.11664690787400393,0.2508678710591569,0.16137344082453298,0.4999060505423275,0.22047796085630164,0.34665984868630056,Utilities—Renewable,Utilities,ORA
2016Q4,2016,Q4,2017-03-01,2016-12-31,28230000.0,166519000.0,51229000.0,0.56,66637000.0,0.4001765564289961,2461569000.0,1078425000.0,472830000.0,189251000.0,1291562000.0,12000000.0,216644000.0,2662072140.0,3370702140.0,21.72185630551695,2.498428013590417,0.3814006432482697,0.870569580638431,0.02369911771229983,21.72185630551695,0.026177063773558662,15.98659696491091,23.574850690754516,2.4684814799360177,0.11381509032943676,8.3235,0.0012069545192715928,0.06764750449814733,2.011619489461086,0.011468295221462409,-62.31296411600852,0.4001765564289961,1.3333333333333337,1.5996453485282978,0.23149889657124587,0.09805929536956035,-0.10541153727395991,1.3369205298013245,0.06233540012027456,2.16708895456172,0.16480582298753116,0.3476776339562548,Utilities—Renewable,Utilities,ORA
2016Q3,2016,Q3,2016-11-08,2016-09-30,12080000.0,184617000.0,48223000.0,0.24,74489000.0,0.4034785528959955,2279271000.0,1040029000.0,309372000.0,201905000.0,1143329000.0,12973000.0,191627000.0,2401087590.0,3129021590.0,20.968749369946973,1.5322651742155964,0.35888667911801625,0.7865165298275336,0.015242423397070031,20.968749369946973,0.011615060733883383,13.00577731194852,49.69138224337748,2.308673690829775,0.28733443708609274,8.489015647884067,0.001445594910596327,0.08099826655101565,1.024907753646517,0.0052999402001780395,-1397.6062805587892,0.4034785528959955,-0.5102040816326531,11.776985977190648,0.52563495302917,0.013334013362529982,0.1321204936470302,-0.5038810628773256,-0.07061499026731166,-0.14543824483944234,0.29353921768093033,0.31484399511979955,Utilities—Renewable,Utilities,ORA
2016Q2,2016,Q2,2016-08-04,2016-06-30,24349000.0,159861000.0,51887000.0,0.49,65796000.0,0.41158256235104246,2273013000.0,1027056000.0,380236000.0,193145000.0,1155578000.0,16690000.0,183018000.0,2164194560.0,2842820560.0,20.767065674538983,1.968655673198892,0.3832718950573534,0.8482322288171239,0.020984969100611057,20.767065674538983,0.023707568039133212,13.537977117620933,22.22056922255534,2.1071826268480005,0.1448108751899462,5.63600958657879,0.0016292435371429823,0.07032999811263728,1.4559372492169096,0.010712213260548884,38.79805955432853,0.41158256235104246,-0.16949152542372878,1.7501961262301204,0.4037379007381063,0.0040541948302316045,0.030106617819736038,-0.1681527792012572,0.02659121935777457,-0.11187829681836131,-0.03817396794702458,0.32619524698834784,Utilities—Renewable,Utilities,ORA
2016Q1,2016,Q1,2016-05-06,2016-03-31,29271000.0,151594000.0,50543000.0,0.59,63873000.0,0.4213425333456469,2260134000.0,1005655000.0,379565000.0,185045000.0,1161801000.0,16795000.0,162195000.0,2027894520.0,2778808520.0,20.451365586805768,2.051203761247264,0.3979463164573428,0.8943544257225391,0.020435741494553093,20.451365586805768,0.029106403289398453,13.377142367112155,17.319996925284414,2.016491261913877,0.5285777732226435,5.223042572194105,0.007629588150373817,0.06707301425490701,1.424010375854522,0.012951002020234198,-508.62666666666667,0.4213425333456469,0.2826086956521738,4.01320509981614,0.43179204571105556,-0.002934997843913642,-0.004147242707245201,0.2733165129632852,0.029640645371577574,14.644558915665918,0.1507509482495725,0.33760135379462003,Utilities—Renewable,Utilities,ORA
2015Q4,2015,Q4,2016-02-26,2015-12-31,22988000.0,171074000.0,49088000.0,0.46,64139000.0,0.3749196254252546,2293044000.0,990001000.0,375136000.0,188501000.0,1209170000.0,18074000.0,148396000.0,1789728780.0,2524274780.0,20.173635733789787,1.990100848271362,0.40141619611311424,0.929761687109407,0.01757617047110148,20.173635733789787,0.023220178565476198,10.461722880157126,19.46372868453106,1.8078050224191693,0.12806681746998433,5.916509903729113,0.0016449419783035506,0.0746056333851422,1.454766818213166,0.010025102004148198,56.46188339958357,0.3749196254252546,-0.6737588652482269,3.773775179491522,0.7060134958246322,-0.024089856354800137,0.08101867457695679,-0.6813374180401724,0.05613287721336518,1.0956970364332559,0.3643316867204914,0.31852367713199475,Utilities—Renewable,Utilities,ORA
2015Q3,2015,Q3,2015-11-05,2015-09-30,72139000.0,162852000.0,46479000.0,1.41,59332000.0,0.3643308034288802,2286333000.0,962555000.0,370732000.0,180737000.0,1228376000.0,16595000.0,128352000.0,1668252690.0,2448421690.0,19.634763274381413,2.051223601144204,0.4162604484998467,0.9887331113546758,0.048326574588980625,19.634763274381413,0.07494532779945041,10.243980362537764,5.781382781851703,1.733150510879898,0.040782378463799056,6.238023501054535,0.0017635218079582416,0.07122846934370453,1.373592568206842,0.03155227169445571,-78.66519026736455,0.3643308034288802,4.035714285714285,1.059621390019768,0.48722914839600506,-0.045204835572087015,0.1683437370773684,4.004787012626613,0.20277928732241285,115.86812834819872,0.10858585316101718,-0.026144894436614552,Utilities—Renewable,Utilities,ORA
2015Q2,2015,Q2,2015-08-05,2015-06-30,14414000.0,140487000.0,38643000.0,0.28,50783000.0,0.3614782862471261,2276550000.0,895858000.0,369506000.0,217366000.0,1282737000.0,16401000.0,59155000.0,1841836080.0,2625085080.0,18.32732554571306,1.6999254713248622,0.40452175440908394,1.027968718256688,0.015497186062733107,18.32732554571306,0.016089603486266795,13.110366653142284,31.94526293880949,2.0559464557999148,0.20341334813375886,5.4694225961831595,0.0015918897625243611,0.06171048296764842,0.9979159574174434,0.006331510399508028,-129.91719545743106,0.3614782862471261,0.33333333333333354,10.322662537626886,0.3563614135604491,-0.07738493542439268,0.153503691084611,0.4368022328548644,0.29452949649927973,0.5503606141152451,0.005656999451698537,-0.09146201603440023,Utilities—Renewable,Utilities,ORA
2015Q1,2015,Q1,2015-05-07,2015-03-31,10032000.0,120231000.0,29851000.0,0.21,44025000.0,0.36617012251416026,2183333000.0,807342000.0,307060000.0,244854000.0,1364161000.0,17286000.0,47673000.0,1796216880.0000002,2726631880.0,17.088773177546354,1.254053435925082,0.45853701657053686,1.240043253045178,0.011045424528956436,17.088773177546354,0.012425960745260372,14.939715048531578,44.76218301435407,2.2248525160340975,0.3885566188197767,4.408538701839639,0.002170116561870858,0.05506764199505985,0.588848865037941,0.004594809861803033,44.067046441451396,0.36617012251416026,0.4,4.248650466833034,0.3988083590475018,-0.1418534286409456,-0.19750273423259204,0.4372492836676218,-0.14223729203183816,0.22191508018228193,-0.12644231965733635,-0.1451596144992216,Utilities—Renewable,Utilities,ORA
2014Q4,2014,Q4,2015-02-26,2014-12-31,6980000.0,149243000.0,34801000.0,0.15,54860000.0,0.3675884296080888,2121556000.0,774923000.0,273874000.0,205753000.0,1334810000.0,16930000.0,41539000.0,1242370620.0,2203550620.0,16.953400861974664,1.3310814423118982,0.4720167650535739,1.2922703287939576,0.009419319507458144,16.953400861974664,0.009007346536365549,8.324481684233096,44.49751504297994,1.6032181519970372,0.3260744985673352,5.574896633195511,0.0018319815064525592,0.07034601019251907,0.6248317156979485,0.0032900380664003213,210.6069876250212,0.3675884296080888,-0.5833333333333334,-0.527704543094586,0.556639707999787,-0.15078971064115426,-0.011086074808472285,-0.5773283274797142,-0.20523887823147893,1.1610387178849495,0.19882417973003133,-0.14299039903465724,Utilities—Renewable,Utilities,ORA
2014Q3,2014,Q3,2014-11-06,2014-09-30,16514000.0,140242000.0,43788000.0,0.36,55475000.0,0.3955662355071947,2171913000.0,771822000.0,327381000.0,197043000.0,1388369000.0,17337000.0,36835000.0,1200276300.0,2198070300.0,16.89258043335522,1.6614698314581082,0.4789533466579923,1.3477783737701179,0.01770686118560632,16.89258043335522,0.021396125013280264,8.558607977638653,18.1705870776311,1.5551206107107596,0.13782245367566912,4.889369556439984,0.0018962300596954218,0.06457072635966542,0.7262374202585222,0.007603435312556258,28.763600853123727,0.3955662355071947,0.7999999999999998,-0.3023088372983704,0.16326542582925813,-0.1458777004003044,0.3883674950571865,0.8075744308231173,0.9609493954321541,17.96118722569055,0.2580815680582003,-0.18365058284711236,Utilities—Renewable,Utilities,ORA
2014Q2,2014,Q2,2014-08-06,2014-06-30,9136000.0,127603000.0,22330000.0,0.2,39957000.0,0.3131352711143155,2144929000.0,757812000.0,306823000.0,225994000.0,1374329000.0,18292000.0,22597000.0,1314820980.0,2270667980.0,16.616497829232994,1.357659937874457,0.48298428526072423,1.367050139084628,0.008152894010524702,16.616497829232994,0.012055760531635814,10.303997398180293,35.97912051225919,1.7350226441386518,0.2491243432574431,4.7914935490924995,0.0017310341366776792,0.05949054723955898,0.8576068391196227,0.004259348444633832,-248.45445578231292,0.3131352711143155,-0.5744680851063829,-0.43377215817910236,0.2664227809549546,-0.13867593257415403,-0.2525673880918087,-0.5760950259836675,-0.4754645180991755,0.11901428860529409,0.21507025762049903,-0.19661907896387498,Utilities—Renewable,Utilities,ORA
2014Q1,2014,Q1,2014-05-09,2014-03-31,21552000.0,142436000.0,42571000.0,0.47,53459000.0,0.37531944171417336,2134347000.0,752969000.0,292613000.0,211828000.0,1368653000.0,22671000.0,15737000.0,1364824790.0,2356090790.0,16.556410651069726,1.381370734747059,0.4868903697477495,1.3801272031119476,0.018450337239402575,16.556410651069726,0.028622692302073524,9.58202132887753,15.831764917409059,1.8125909433190477,0.12653118040089087,3.9247055709937806,0.0019980586665633467,0.0667351653690801,0.7606359876881243,0.010097702013777516,69.11905145345892,0.37531944171417336,1.6111111111111112,0.47358861707170147,0.4219922084885625,-0.12587918458005354,0.2460143576356517,1.640529282038716,0.9695119130233634,3.398802598964988,0.4545662284028546,-0.19282565501856105,Utilities—Renewable,Utilities,ORA
2013Q4,2013,Q4,2014-02-28,2013-12-31,8162000.0,130905000.0,21615000.0,0.18,42904000.0,0.3277491310492342,2159433000.0,732740000.0,289340000.0,186339000.0,1414322000.0,22289000.0,-3088000.0,1236993810.0,2257496810.0,16.117991245243175,1.552761365038988,0.49913889433013203,1.4709951688184075,0.014462487450097847,16.117991245243175,0.011139012473728744,9.449553569382376,37.888808196520465,1.6881756284630294,0.22298456260720412,3.9481807169455787,0.0014713088984657087,0.060620079437519014,0.9971557215612405,0.003779695873870595,-226.68019241341398,0.3277491310492342,-0.3571428571428572,-0.30381242806066,0.36749090440768006,-0.13637160284688873,0.07918301640004025,-0.36972972972972973,-0.27459140181897507,0.8296576592270151,0.4091822408698926,-0.22028377239552832,Utilities—Renewable,Utilities,ORA
2013Q3,2013,Q3,2013-11-06,2013-09-30,12950000.0,130749000.0,29797000.0,0.28,39756000.0,0.3040635110019962,2168335000.0,724632000.0,299099000.0,194109000.0,1431365000.0,20396000.0,-13066000.0,1216375260.0,2256034260.0,15.947708966063647,1.5408816695774024,0.4958154528705205,1.4836413517481977,0.011902323965056402,15.947708966063647,0.017871140109738462,9.30313241401464,23.48214787644788,1.6786110191103898,0.14023166023166023,4.461315944302805,0.0014929603221295377,0.06029926187604775,0.812017989892277,0.005972324387144975,-40.08882934546174,0.3040635110019962,-0.4909090909090909,-0.18790681779131096,0.30816807986538597,-0.135726116447105,-0.21089299537524067,-0.4858050426841374,-0.21301040621203318,-0.6010966149970589,0.28826095885831504,-0.22449814180502475,Utilities—Renewable,Utilities,ORA
2013Q2,2013,Q2,2013-08-12,2013-06-30,25185000.0,152679000.0,37862000.0,0.55,50381000.0,0.32997989245410303,2137900000.0,711410000.0,268485000.0,208591000.0,1414185000.0,17906000.0,-24200000.0,1056725060.0000001,2078656060.0,15.659131430080782,1.2871360701084897,0.4915215866036765,1.4771004062355042,0.016913061691820865,15.659131430080782,0.03540152654587369,6.921220731076311,10.4896273575541,1.4853952854190973,0.0,5.7130570758405,0.0,0.07141540764301417,0.60328106198254,0.011780251648814258,-20.832841652866495,0.32997989245410303,14.750000000000002,0.9978920711551064,0.8360757386830062,-0.16375239147364387,0.8167099379777873,13.70686175580222,3.4485959346727766,18.526096033402922,0.5860116759811358,-0.21170437445842827,Utilities—Renewable,Utilities,ORA
2013Q1,2013,Q1,2013-05-08,2013-03-31,-1982000.0,121710000.0,8511000.0,-0.04,27732000.0,0.22785309341878235,2143568000.0,694621000.0,299813000.0,194209000.0,1437049000.0,18258000.0,-39717000.0,919977750.0,1934944750.0,15.289582003477802,1.543764707093904,0.500377874646384,1.5441427771403398,0.013435369643595083,15.289582003477802,-0.0028533545631358685,7.558768794675869,-116.0415930877901,1.3244312366024062,0.0,5.147223135064081,0.0,0.0567791644585103,0.6295485791080743,-0.0009246266038679435,-29.35006380602967,0.22785309341878235,0.9918533604887984,-1.1827730798734986,0.6278986373733587,-0.023348201524340643,0.259000317791801,0.9910874883085115,1.0385100924405108,-2.0783460282916213,0.4725240157766109,-0.23220337484276454,Utilities—Renewable,Utilities,ORA
2012Q4,2012,Q4,2013-03-11,2012-12-31,-222384000.0,116082000.0,-221007000.0,-4.91,22027000.0,0.18975379473131063,2094114000.0,695102000.0,276234000.0,212134000.0,1391916000.0,20669000.0,-37735000.0,875909680.0,1840209680.0,15.300169487794678,1.3021674979022693,0.49229793602449534,1.4831319719983542,-0.12004397689149245,15.300169487794678,-0.3199300246582516,7.545611550455712,-0.9846815418375422,1.2601167598424405,0.0,4.550534617059364,0.0,0.055432512270105636,0.6657914337164246,-0.10619479168755856,-44.686989439314324,0.18975379473131063,-490.0,-24.168746473987404,0.5248021053139998,0.04371265042702524,-0.32310008911834304,-381.10309278350513,-16.577036932619116,-16.13949213697325,0.218171514922554,-0.23360147832568143,Utilities—Renewable,Utilities,ORA
2012Q3,2012,Q3,2012-11-08,2012-09-30,-582000.0,136137000.0,14188000.0,-0.01,32541000.0,0.2390312699706913,2258363000.0,915975000.0,266522000.0,189170000.0,1335209000.0,17786000.0,184649000.0,844107979.9999999,1756276980.0,20.16189386102001,1.408902045778929,0.42052274147247365,1.036811048336472,0.0025131242537398653,20.16189386102001,-0.0006353885204290511,6.2004303018283045,-362.5893384879725,0.9215404132208848,-3.1219931271477663,5.824581131226807,0.0021525682057880794,0.060281274533810554,0.6951947983295449,-0.00025770879172214563,-12.76089949809518,0.2390312699706913,-1.0526315789473684,-1.0309862640556982,0.4376292950175917,0.6878870531754983,-0.18781510507662358,-1.0673533155884736,-0.4541397353031702,-1.0247287855374323,0.1356532847749822,0.01942525695223214,Utilities—Renewable,Utilities,ORA
2012Q2,2012,Q2,2012-08-06,2012-06-30,8641000.0,129837000.0,25992000.0,0.19,40066000.0,0.3085869205234255,2294100000.0,916449000.0,275463000.0,198320000.0,1369889000.0,18119000.0,187048000.0,971769090.0,1881627090.0,20.172327265523542,1.3889824526018555,0.4256754282725252,1.0655715702674127,0.009244347589602422,20.172327265523542,0.009428784362250382,7.484531296933848,28.115064517995602,1.06036352268375,0.21050804305057286,4.95452287653844,0.0018718438554163107,0.056596050738851836,0.669750907624042,0.003766618717579879,-28.37779143791613,0.3085869205234255,0.11764705882352934,-0.15163044675932344,0.29623932569173816,0.7457671484788211,0.006835201286626125,0.09449018366054465,0.009711755108383187,-0.46238816475484545,0.29355824360616345,0.04564217733166245,Utilities—Renewable,Utilities,ORA
2012Q1,2012,Q1,2012-05-10,2012-03-31,7895000.0,132352000.0,25742000.0,0.17,39794000.0,0.300667915860735,2327769000.0,908193000.0,275473000.0,187654000.0,1411732000.0,17200000.0,180226000.0,915434649.9999999,1844887650.0,19.990601131386057,1.4679836294456818,0.43562441118513046,1.116539105674675,0.008026997946673966,19.990601131386057,0.00869308616120142,6.916666540739844,28.987797656744775,1.0079736906142196,0.0,5.381279069767442,0.0,0.0568578755022513,0.8576955460581709,0.0033916595675945508,-38.86205849889624,0.300667915860735,1.17927739090065,2.1338097428253144,0.7980008916615827,0.7603631968370551,0.2062077536297778,1.183263695450325,0.4874609961862938,-0.45961980400465197,0.3227158772329601,0.055434111292296306,Utilities—Renewable,Utilities,ORA
2011Q4,2011,Q4,2012-02-29,2011-12-31,-43080000.0,123734000.0,17306000.0,-0.9482511941185534,32991000.0,0.2666284125624323,2314718000.0,898718000.0,292185000.0,193770000.0,1408074000.0,12541000.0,172331000.0,819120930.0,1723701930.0,19.782043098324934,1.5078959591267997,0.4339478934366951,1.117666498278659,-0.05808424282876462,19.782043098324934,-0.047934947336094304,6.620014951428064,-4.753487291086351,0.9114326518440712,0.0,7.235706881428913,0.0,0.05345532371545907,0.9475615420343706,-0.018611338400617267,-14.504903846153846,0.2666284125624323,-48.41255970592767,-9.561218847823728,0.5565235362026405,0.7102634800702025,-0.07751027598355843,-50.7459584295612,-0.2851123595505618,-4.676986696892848,0.2934330455117865,0.059954302833000135,Utilities—Renewable,Utilities,ORA
2011Q3,2011,Q3,2011-11-04,2011-09-30,866000.0,110841000.0,24208000.0,0.02,35763000.0,0.3226513654694563,2210721000.0,940096000.0,248672000.0,187676000.0,1262616000.0,17899000.0,215411000.0,730530479.9999999,1557765480.0,20.692830886399154,1.3250069268313476,0.4009153574783973,0.9427888215671592,0.018511390886221325,20.692830886399154,0.0009211825175301245,6.590796546404308,210.8921709006928,0.777080723670774,2.0981524249422634,4.19453600759819,0.002487233660668067,0.05013794142273041,0.769560306059379,0.0003917274047697561,-60.1309144785579,0.3226513654694563,-0.8882500516843511,-0.9513326656346662,0.11533225315430286,1.1362122982774145,0.07872590715772328,-0.8935202262387802,0.2495096521110767,-0.94568486054684,0.10915570678583042,0.12143213485703856,Utilities—Renewable,Utilities,ORA
2011Q2,2011,Q2,2011-08-05,2011-06-30,8133000.0,104614000.0,19374000.0,0.178971,33153000.0,0.316907870839467,2110813000.0,939659000.0,215425000.0,145126000.0,1163096000.0,14408000.0,216362000.0,999936310.0000001,1778866310.0,20.68321190376615,1.4843997629645962,0.39002412814399,0.8761348531754605,0.012505651346288817,20.68321190376615,0.008655267495974603,9.558341235398705,30.73700694700603,1.0641480686078675,0.22341079552440674,4.9598139922265405,0.0018171157321009773,0.04956099853468782,1.0229869217094112,0.003853017770877856,-35.55708377782519,0.316907870839467,1.894855,-0.2514052916694946,0.26137239879821766,1.1891170495621088,1.2112319082238379,1.906183844011142,5.211606284065406,-0.35482008279910743,0.2580592440779937,0.10454954467925277,Utilities—Renewable,Utilities,ORA
2011Q1,2011,Q1,2011-05-06,2011-03-31,-8975000.0,97820000.0,3119000.0,-0.2,14993000.0,0.15327131465957883,2093947000.0,931861000.0,230980000.0,142551000.0,1153911000.0,14554000.0,210046000.0,1150767230.0,1921008230.0,20.511566991701702,1.6203323722737828,0.38726672642621807,0.870211329801333,0.0019213089677857073,20.511566991701702,-0.009631264748712523,11.764130341443467,-32.05479749303621,1.2349129644871928,-0.2551532033426184,5.6910127799917545,0.001989976721877977,0.046715604549685354,1.0257732320362536,-0.004286163880938725,-27.408355880531605,0.15327131465957883,-3.0381785554060117,-1.7900841685663726,0.12663984054746485,2.417421540828011,-0.17152014145991049,-3.0132346343651863,-0.2640396413402548,-1.8276429827773204,0.3083645116084296,0.3102162496949076,Utilities—Renewable,Utilities,ORA
2010Q4,2010,Q4,2011-02-28,2010-12-31,4458000.0,92833000.0,4238000.0,0.09812682969778345,18097000.0,0.19494145400881152,2043328000.0,939132000.0,204654000.0,137722000.0,1098101000.0,12538000.0,221311000.0,1343848980.0,2037692980.0,20.67161189496159,1.485993523184386,0.38009511933473233,0.8269966309315411,-0.004212253580653543,20.67161189496159,0.004746936532883556,14.475983540335871,75.36165208613727,1.4309479178645812,0.5089726334679229,5.960759291753071,0.0016884337702886825,0.04543225561437028,1.1051538606758542,0.002181734895229743,-19.99031580513202,0.19494145400881152,-0.8617931976087557,1.6022121574472368,0.09721413596667967,2.5798401518754774,-0.2813802962315848,-0.86265750639268,-0.7139964907544878,-0.5355498966605698,0.21941346498694486,0.41012966272695667,Utilities—Renewable,Utilities,ORA
2010Q3,2010,Q3,2010-11-04,2010-09-30,32459000.0,101477000.0,14818000.0,0.71,25183000.0,0.24816460872907162,1964709000.0,934260000.0,218771000.0,139696000.0,1025894000.0,14615000.0,219122000.0,1325222270.0,1996821270.0,20.564372344874645,1.566050566945367,0.36689351960010363,0.7715614497035087,0.006547951433094448,20.564372344874645,0.034743005159163405,13.059336302807532,10.206893850703965,1.4184726628561644,0.06996518685110446,5.220253164556962,0.0017136747935876447,0.051649888100476965,0.8540974687893712,0.016521021688199116,-36.893715757238304,0.24816460872907162,24.666666666666668,0.8307157384193303,0.017473336684144972,2.4785324518541776,0.3500777354849086,23.588030619345858,5.423060251408756,0.728149733649329,0.0716139474977423,0.7215812203387003,Utilities—Renewable,Utilities,ORA
2010Q2,2010,Q2,2010-08-06,2010-06-30,-1437000.0,96266000.0,2307000.0,-0.03,18653000.0,0.19376519227972494,1940759000.0,902466000.0,189301000.0,150876000.0,1033680000.0,15175000.0,189627000.0,1285242990.0,1930828990.0,19.86454183266932,1.2546793393250086,0.3605707869962216,0.7754098215334428,0.0006197606535914895,19.86454183266932,-0.0015923037543796664,13.350954542621487,-223.59829331941546,1.4241456077015644,-1.5789839944328463,5.114530477759473,0.001765424917820404,0.049602243246070224,0.7462286911105809,-0.0007404319650198711,-24.723343079734537,0.19376519227972494,-1.7500000000000002,-1.2438568214974342,0.19988529982031283,2.6130565014408886,0.18854339237925322,-1.781828073993471,0.04625850340136054,-1.1410840236091715,-0.03891976149294227,0.7191305740080326,Utilities—Renewable,Utilities,ORA
2010Q1,2010,Q1,2010-05-07,2010-03-31,1838000.0,82654000.0,2205000.0,0.04,15694000.0,0.18987586807656012,1896700000.0,904694000.0,193166000.0,154588000.0,987336000.0,20014000.0,193333000.0,1278428340.0,1878781340.0,19.91358323611631,1.249553652288664,0.3392544946486002,0.711250433848351,0.0007099015859731844,19.91358323611631,0.0020316261631004515,15.46722893023931,173.8885119695321,1.4131058015196298,2.9678998911860717,3.3456580393724393,0.004266957974351539,0.04357779300891021,0.6727559707092401,0.0009690515105182686,-45.25089692765114,0.18987586807656012,-0.8762856559330111,-0.6732489957945605,0.06545060543231662,2.6709911905519292,-0.3231552162849873,-0.8748723534617742,-0.6820934256055363,1.263957227018737,0.122853947801291,0.7535810361886768,Utilities—Renewable,Utilities,ORA
2009Q4,2009,Q4,2010-03-08,2009-12-31,14689000.0,95292000.0,6936000.0,0.3233254825999868,23187000.0,0.2433257776098728,1855001000.0,906972000.0,195255000.0,139603000.0,943306000.0,15486000.0,196950000.0,1719109040.0000002,2307262040.0,19.9637252096586,1.398644728265152,0.3420267697968896,0.699536479626714,0.0033830074785390647,19.9637252096586,0.016195648818265615,18.040434034336567,29.25844237184288,1.8954378304953188,0.18551296888828375,4.656141030608292,0.0015851234195127027,0.051370322711416325,0.7770391753758873,0.007918594113965437,-68.04310469028302,0.2433257776098728,-0.37822022576925624,1.1488991803123567,0.1771434405710587,2.752605850569068,-0.41526706006960207,-0.37562696591005695,-0.7328300142521474,1.9191212547744365,0.19873471165420994,0.7259708707806358,Utilities—Renewable,Utilities,ORA
2009Q3,2009,Q3,2009-11-04,2009-09-30,23526000.0,119828000.0,25961000.0,0.52,39654000.0,0.3309243248656408,1831482000.0,898165000.0,209337000.0,135542000.0,926522000.0,14193000.0,191210000.0,1853758660.0,2406001660.0,19.77770682403717,1.5444437886411593,0.3126353412154747,0.63750647152806,0.014834551728288329,19.77770682403717,0.026193405443320546,15.470162733250993,19.699042123607924,2.06393998875485,0.11582929524781094,5.648840977946875,0.0014699863897061983,0.06542679644135187,0.7170692479083974,0.012845335089288347,-43.81890225741638,0.3309243248656408,0.4857142857142859,0.8671235126146166,0.016331987008522817,6.385505790167171,0.414446227929374,0.4657030714597221,0.5498179213181302,0.32263455237573474,0.20624142934014006,1.0417400007363296,Utilities—Renewable,Utilities,ORA
2009Q2,2009,Q2,2009-08-06,2009-06-30,16051000.0,100235000.0,16751000.0,0.35,28035000.0,0.2796927221030578,1772757000.0,875250000.0,195220000.0,141787000.0,890632000.0,14609000.0,170409000.0,1828824390.0,2310482390.0,19.29180718111486,1.376854013414488,0.29766403404414704,0.6028974578691803,0.00927950631083057,19.29180718111486,0.018338760354184518,18.24536728687584,28.48458647436297,2.0894880205655526,0.16958444956700516,4.942158943117256,0.0014883878489831382,0.056541872349114966,0.8360216380909392,0.009054258423461308,-29.970901179941002,0.2796927221030578,0.0937499999999999,2.0750311149932,0.3054772633490636,8.392715706660848,-0.11734147723694982,0.10051422694549195,-0.12413071895424836,0.4794189072410811,0.2102246647896113,1.0418503766986666,Utilities—Renewable,Utilities,ORA
2009Q1,2009,Q1,2009-05-11,2009-03-31,14585000.0,99889000.0,19125000.0,0.32,31762000.0,0.3179729499744717,1728194000.0,859015000.0,197906000.0,171749000.0,862227000.0,12724000.0,155875000.0,1245393380.0,1667327380.0,18.940643397349678,1.152297829972809,0.26886159771414553,0.5409044079556236,0.011558859525860115,18.940643397349678,0.0169787489159095,12.467773028061147,21.347161124442923,1.449792355197523,0.21768940692492286,5.354212511788746,0.0025493952762138494,0.05779964517872415,0.6517301410779685,0.008439446034415118,-39.83856498512524,0.3179729499744717,0.2408481532147743,2.615282544163105,0.42355976281871804,12.164125794335652,0.26546874377465235,0.2470075239398085,0.2938908057641567,0.2861499708950911,0.15244813146717082,2.155690775328452,Utilities—Renewable,Utilities,ORA
2008Q4,2008,Q4,2009-03-02,2008-12-31,11696000.0,95499000.0,14781000.0,0.2578881220646925,25099000.0,0.26281950596341325,1637691000.0,846428000.0,165679000.0,162383000.0,674018000.0,13724000.0,144465000.0,1445400110.0,1823858110.0,18.66310938636915,1.0202976912607846,0.2520933436161034,0.4877567849834835,0.011608761396349037,18.66310938636915,0.01381806840038373,15.135238170033194,30.89518018980848,1.7076468524198158,0.19391244870041038,5.129699795977849,0.0015691156962759605,0.058313198277330704,0.8173885197342087,0.0071417623959587,-15.886485497290703,0.26281950596341325,-0.26317679410087846,0.7139866912461339,0.18172941317778618,2.50812750313833,-0.19693479234657965,-0.2649110678147194,-0.227177663912998,2.582679913810595,0.13066541784814603,2.2320144495578793,Utilities—Renewable,Utilities,ORA
2008Q3,2008,Q3,2008-11-06,2008-09-30,15911000.0,99726000.0,19126000.0,0.35,31254000.0,0.31339871247217377,1579434000.0,836565000.0,197971000.0,197963000.0,622529000.0,12196000.0,135037000.0,1647093210.0,1912841210.0,18.45214725279573,1.0000404115920651,0.19240500077876,0.36326047587455845,0.01338986903768182,18.45214725279573,0.01901944260159103,16.5161864508754,25.87978772547294,1.9688765487439708,0.14248004525171265,5.61429977041653,0.001376364122100898,0.06314034014716664,0.6064214019791577,0.010073861902428339,-20.488017737862748,0.31339871247217377,0.2499999999999998,0.26488151142975197,-0.15274703568897607,5.890507660418537,0.35821998174785974,0.30836279911191516,0.33926195644562707,-0.10074518413335835,0.0019898792090751343,2.121242503724619,Utilities—Renewable,Utilities,ORA
2008Q2,2008,Q2,2008-08-06,2008-06-30,12161000.0,80221000.0,14281000.0,0.28,23011000.0,0.28684509043766593,1530495000.0,820700000.0,263286000.0,163196000.0,586489000.0,13391000.0,121393000.0,2155461040.0,2332771040.0,18.725472300812267,1.6133116007745287,0.2058660760080889,0.38391251370781043,0.009695769695934794,18.725472300812267,0.014817838430608018,26.869037284501566,44.31093331140531,2.626369002071402,0.1867445111421758,4.27227242177582,0.0010536028988025689,0.052415068327567226,1.2596264614328783,0.007945795314587764,-26.783565987797754,0.28684509043766593,0.16666666666666682,1.4117054356058567,0.08154736356330178,8.116980910251762,0.01544503773002074,0.2083664546899841,0.14993155648602946,1.139183659452354,0.03646709950982882,2.405877165902379,Utilities—Renewable,Utilities,ORA
2008Q1,2008,Q1,2008-05-07,2008-03-31,10064000.0,69387000.0,12419000.0,0.24,22661000.0,0.32658855405191173,1338286000.0,660066000.0,147929000.0,175687000.0,615043000.0,13184000.0,111503000.0,1813430630.0,2122164630.0,15.655100443516828,0.8420031077996665,0.2536498177519603,0.5142758451427585,0.009684863631667177,15.655100443516828,0.015246960152469602,26.135019960511336,45.04746199324324,2.7473474319234743,0.20926073131955486,3.544144417475728,0.0011613347459560669,0.051847661860020954,0.5359816036473957,0.007520066712197542,-37.934704836415364,0.32658855405191173,0.13595868881903905,1.6833724367262632,0.06367919584613674,9.880607761732767,0.15570175438596492,0.1297709923664122,0.20106382978723406,0.9278038531117634,-0.036241220365989826,1.885956542021316,Utilities—Renewable,Utilities,ORA
2007Q4,2007,Q4,2008-03-05,2007-12-31,8908000.0,70653000.0,10340000.0,0.21127528876028745,19608000.0,0.2775253704725914,1274909000.0,618083000.0,168828000.0,146491000.0,591444000.0,10312000.0,103545000.0,2319386630.0,2620831630.0,14.659369589450465,1.152480357155047,0.27348775481230425,0.5641184112813328,0.011661796854849513,14.659369589450465,0.014412303849159418,32.8278576988946,65.09279944993264,3.752548816259305,0.23304894476874718,4.950058184639255,0.0008950642265278558,0.055418072976188885,0.8225010410195848,0.006987165358468722,-41.37033800656393,0.2775253704725914,-0.48469441765783544,0.40418655277762733,-0.05957461411931838,1.7555396354790254,-0.32306842505005867,-0.4348432939982236,-0.5074314024390244,0.40418655277762733,-0.05957461411931838,1.7555396354790254,Utilities—Renewable,Utilities,ORA
2007Q3,2007,Q3,2007-11-07,2007-09-30,15762000.0,79467000.0,20992000.0,0.41,28966000.0,0.36450350459939346,1187983000.0,455405000.0,167677000.0,144921000.0,664881000.0,10460000.0,96713000.0,1813987500.0,2259919500.0,11.945049180327869,1.1570234817590273,0.39248288906491086,1.023842513806392,0.019358939801988828,11.945049180327869,0.034610950692240974,22.826928158858394,28.771531214312905,3.9832401927954235,0.12054307828955717,4.8280114722753344,0.001047416258381053,0.06689237135548236,0.6325998302523443,0.013267866627721104,-38.67942129728347,0.36450350459939346,0.8636363636363635,0.4900698203678161,-0.19714994437840114,3.4605894237406303,0.1818033455732354,0.8441558441558441,0.45122709989630144,0.4900698203678161,-0.19714994437840114,3.4605894237406303,Utilities—Renewable,Utilities,ORA
2007Q2,2007,Q2,2007-08-09,2007-06-30,8547000.0,84052000.0,14465000.0,0.22,24510000.0,0.2916051967829439,1197603000.0,440511000.0,228831000.0,214941000.0,687997000.0,9671000.0,82851000.0,1436474640.0,1804929640.0,11.554993048815676,1.0646223847474423,0.32845525604060777,0.8929606752158289,0.013529874852939786,11.554993048815676,0.01940246668074123,17.090308856422215,42.01692523692524,3.260927967746549,0.2231192231192231,6.156757315686072,0.0013275556330044225,0.07018352492436976,0.6378354990439237,0.0071367556694497255,-43.50185154901426,0.2916051967829439,2.4353661162255094,0.9486473964706914,0.3027770739361074,4.625847474062089,3.017374200950664,2.463276836158192,7.192208904109589,0.9486473964706914,0.3027770739361074,4.625847474062089,Utilities—Renewable,Utilities,ORA
2007Q1,2007,Q1,2007-05-10,2007-03-31,-5841000.0,61747000.0,-2336000.0,-0.153271,6101000.0,0.09880641974508883,1138517000.0,432764000.0,196623000.0,206751000.0,705689000.0,8572000.0,76211000.0,1599053640.0,1982853640.0,11.355952662100815,0.9510135380239999,0.3566428959778378,0.9382573411836475,-0.0021721454900613946,11.355952662100815,-0.013496963703080662,25.896863653294897,-68.44091936312275,3.6949784177981537,-0.4576271186440678,6.491600559962669,0.0016716137177236906,0.05423458762583255,0.6329739638502353,-0.005130358176469917,-70.13393157894737,0.09880641974508883,-2.383796384506041,-2.7230642990641627,0.04725482017431299,6.892614111479124,-0.5792994069783478,-2.3837953091684434,-1.341420637240573,-2.7230642990641627,0.04725482017431299,6.892614111479124,Utilities—Renewable,Utilities,ORA
