Quarters,Year,Quarter,FillingDate,Date,NetIncome,Revenue,OperatingIncome,EPSDiluted,GrossProfit,GrossProfitRatio,TotalAssets,CommonStockEquity,CurrentAssets,CurrentLiability,TotalLiability,Inventory,RetainedEarnings,MarketCap,EnterpriseValue,bookValuePerShare,currentRatio,debtToAssets,debtToEquity,roic,shareholdersEquityPerShare,roe,priceToSalesRatio,peRatio,pbRatio,payoutRatio,inventoryTurnover,dividendYield,assetTurnover,quickRatio,returnOnAssets,priceToFreeCashFlowsRatio,grossProfitMargin,epsdilutedGrowth,fiveYNetIncomeGrowthPerShare,fiveYRevenueGrowthPerShare,fiveYShareholdersEquityGrowthPerShare,grossProfitGrowth,netIncomeGrowth,operatingIncomeGrowth,threeYNetIncomeGrowthPerShare,threeYRevenueGrowthPerShare,threeYShareholdersEquityGrowthPerShare,Industry,Sector,Symbol
2023Q1,2023,Q1,2023-05-10,2023-03-31,-3492000.0,64000.0,-3510000.0,-0.17,64000.0,1.0,7128000.0,1900000.0,5289000.0,4000000.0,5228000.0,0.0,-144105000.0,19242964.1679,15940964.1679,0.09416584597827832,1.32225,0.21815375982042648,0.8184210526315789,-0.6987977771962501,0.09416584597827832,-1.8378947368421052,300.6713151234375,-1.3776463464991409,10.127875877842106,0.0,0.0,0.0,0.008978675645342313,1.2525,-0.4898989898989899,-7.487534695680933,1.0,0.0,0.1590057799193828,-0.7279804105592681,-0.8041865808769557,1.0054260279779568,-0.14944042132982224,-0.16302186878727634,0.3527127545642938,0.4245236394396227,2.252564871974142,,Industrials,BCDAW
2022Q4,2022,Q4,2023-03-29,2022-12-31,-3038000.0,106000.0,-3018000.0,-0.17,-11795000.0,-111.2735849057,9793000.0,4892000.0,7864000.0,3585000.0,4901000.0,0.0,-140604000.0,14756023.0579,9024023.0579,0.2741385523814498,2.193584379358438,0.16654753395282346,0.33340147179067864,-0.3713474337626839,0.2741385523814498,-0.6210139002452985,139.2077646971698,-1.2142876117429229,3.0163579431520846,0.0,0.0,0.0,0.010824058000612683,2.109902370990237,-0.31022158684774837,-4.920314457452484,-111.27358490566037,0.0,0.1332359342592382,0.013731644919294168,-0.5794636245965498,-56.636792452830186,0.005239030779305829,0.013725490196078431,0.227083493385732,-0.5284969093398632,0.9740367832756894,,Industrials,BCDAW
2022Q3,2022,Q3,2022-11-09,2022-09-30,-3054000.0,212000.0,-3060000.0,-0.17,212000.0,1.0,9179000.0,4097000.0,7154000.0,3684000.0,5082000.0,0.0,-137576000.0,14811342.53,9846342.53,0.22958823571275547,1.9419109663409337,0.18542324871990412,0.4154259214059068,-0.4075452680892139,0.22958823571275547,-0.7454234805955577,69.86482325471698,-1.2124543655861164,3.6151678130339273,0.0,0.0,0.0,0.023096197842902278,1.8911509229098806,-0.33271598213313,-7.332347787128713,1.0,-0.21428571428571425,0.015274862408069866,0.5595871460296833,-0.7157658003138258,1.1392904073587384,-0.22257806244995998,-0.22596153846153846,0.2297745891092657,0.04508417001989088,-0.24563564831075985,,Industrials,BCDAW
2022Q2,2022,Q2,2022-08-10,2022-06-30,-2498000.0,974000.0,-2496000.0,-0.14,-1522000.0,-1.5626283368,11266000.0,6734000.0,9152000.0,3054000.0,4532000.0,0.0,-134519000.0,6178162.199999999,-665837.8000000007,0.3814888511667758,2.9967256057629337,0.15710988815906266,0.26284526284526283,-0.24304064624483387,0.3814888511667758,-0.37095337095337094,6.343082340862423,-0.618310868694956,0.917458004158004,0.0,0.0,0.0,0.08645481981182318,2.889652914210871,-0.22172909639623647,-2.313918426966292,-1.5626283367556468,0.26315789473684204,0.17347797213316557,7.4078149445477495,-0.5951424242737345,-26.366666666666667,0.2482696358712007,0.2497745716862038,0.35165171397935835,9.94971248592265,3.911679192868549,,Industrials,BCDAW
2022Q1,2022,Q1,2022-05-11,2022-03-31,-3323000.0,60000.0,-3327000.0,-0.19,60000.0,1.0,12840000.0,7369000.0,10661000.0,3913000.0,5471000.0,0.0,-132022000.0,5121527.0068,-2969472.9932000004,0.431792490220946,2.7245080500894456,0.14322429906542056,0.2495589632243181,-0.3009865843208546,0.431792490220946,-0.45094314018184284,85.35878344666666,-0.3853089833584111,0.6950097715836613,0.0,0.0,0.0,0.004672897196261682,2.6210069000766674,-0.2588006230529595,-1.7408317494221617,1.0,0.050000000000000044,-0.1550225929787974,-0.5620437956204379,-0.5984196185286104,-0.24050632911392406,0.04153446783963081,0.03871713377636521,0.08204419889502762,-0.7222222222222222,8.008557457212714,,Industrials,BCDAW
2021Q4,2021,Q4,2022-03-29,2021-12-31,-3467000.0,79000.0,-3461000.0,-0.2,79000.0,1.0,15718000.0,10375000.0,13481000.0,3712000.0,5343000.0,0.0,-128697000.0,18943335.48,7939335.48,0.6079314813464941,3.6317349137931036,0.1188446367222293,0.18004819277108433,-0.24569484799092903,0.6079314813464941,-0.3341686746987952,239.78905670886076,-1.3659745803288146,1.8258636607228917,0.0,0.0,0.0,0.005026084743606057,3.5072737068965516,-0.2205751367858506,-6.280946777188329,1.0,-999.0,0.7775853220425969,1.0151486097794822,-0.49591876396851614,-0.9037758830694276,-0.28312361213915616,-0.27806499261447565,0.06826122010212299,-0.2330097087378641,1.7360232067510546,,Industrials,BCDAW
2021Q3,2021,Q3,2021-11-10,2021-09-30,-2702000.0,821000.0,-2708000.0,-0.0002,821000.0,1.0,17330000.0,13412000.0,17006000.0,3918000.0,3918000.0,0.0,-125236000.0,27732360.5,12005360.5,0.7858869424404028,4.340479836651353,0.009290248124639354,0.012004175365344467,-0.19688343116403084,0.7858869424404028,-0.20146137787056367,33.778758221680874,-2.5659104829755734,2.0677274455711303,0.0,0.0,0.0,0.04737449509521062,4.249106687085248,-0.15591459896133872,-10.413954374765302,1.0,0.0,-1.5276313220074205,-0.8507272727272727,-0.29974416540489734,10.898550724637682,0.2242319839219064,0.2238463743192892,0.22556606477500718,8.773809523809524,3.5557065217391304,,Industrials,BCDAW
2021Q2,2021,Q2,2021-08-12,2021-06-30,-3483000.0,69000.0,-3489000.0,-0.0002,69000.0,1.0,20218000.0,15673000.0,19741000.0,4545000.0,4545000.0,0.0,-122530000.0,25070053.892,6843053.892000001,0.9183720585198653,4.343454345434544,0.01562963695716688,0.02016206214509028,-0.21373797643448433,0.9183720585198653,-0.22222931155490333,363.3341143768116,-1.799458361469997,1.5995695713647675,0.0,0.0,0.0,0.003412800474824414,4.253905390539054,-0.1722722326639628,-8.665763529899758,1.0,0.0,-47.440000000000005,-0.5140845070422535,0.11766383798046064,0.5,-0.17589466576637408,-0.17395693135935397,-0.10676835081029562,-0.7112970711297071,1.721952066689823,,Industrials,BCDAW
2021Q1,2021,Q1,2021-05-13,2021-03-31,-2962000.0,46000.0,-2972000.0,-0.0002,46000.0,1.0,23308000.0,18562000.0,22659000.0,4746000.0,4746000.0,0.0,-119043000.0,23039191.8,2005191.8000000007,1.0876553404099878,4.774336283185841,0.020078942852239573,0.025212800344790433,-0.15206651589452344,1.0876553404099878,-0.15957332184031894,500.8519956521739,-1.9445637913571914,1.2412020148690874,0.0,0.0,0.0,0.00197357130598936,4.701854193004635,-0.12708083061609748,-12.062404083769634,1.0,-1.0,-37.1219512195122,-0.6912751677852348,0.3308001147117865,0.0,-0.19435483870967743,0.15037164093767869,0.15660592255125286,-0.7688442211055276,1.2617277933471427,,Industrials,BCDAW
2020Q4,2020,Q4,2021-03-30,2020-12-31,-2480000.0,46000.0,-3498000.0,-0.0001,46000.0,1.0,23424000.0,19176000.0,22658000.0,4248000.0,4248000.0,0.0,-116074000.0,26281744.72,5488744.719999999,1.123633164944614,5.333804143126177,0.026212431693989072,0.032019190654985395,-0.14224278802055948,1.123633164944614,-0.12932832707551106,571.3422765217391,-2.649369427419355,1.3705540634125992,0.0,0.0,0.0,0.0019637978142076503,5.239406779661017,-0.10587431693989072,-7.691467579748317,1.0,0.5,-28.555555555555554,-0.6592592592592592,0.3829511034184335,0.35294117647058826,0.3553418247985443,0.09095634095634096,0.26014319809069214,-0.54,0.7236853932584271,,Industrials,BCDAW
2020Q3,2020,Q3,2020-11-10,2020-09-30,-3847000.0,34000.0,-3848000.0,-0.0002,34000.0,1.0,9502000.0,4113000.0,8590000.0,4320000.0,5389000.0,0.0,-113085000.0,11893342.789199999,5763342.789199999,0.24100454773765112,1.9884259259259258,0.1328141443906546,0.3068319961098955,-0.6277741514360313,0.24100454773765112,-0.9353270119134451,349.8041996823529,-0.772897243904341,2.891646678628738,0.0,0.0,0.0,0.003578194064407493,1.9578703703703704,-0.40486213428751844,-3.2791129829611245,1.0,0.0,-47.34939759036144,-0.71900826446281,-0.6996275469217849,0.25925925925925924,-0.07759103641456583,-0.07666480134303301,-0.2970330411328389,-0.7384615384615385,-0.7016322089227421,,Industrials,BCDAW
2020Q2,2020,Q2,2020-08-13,2020-06-30,-3570000.0,27000.0,-3574000.0,-0.0002,27000.0,1.0,13128000.0,7291000.0,12096000.0,4551000.0,5837000.0,0.0,-109237000.0,13652854.4,3959854.4000000004,0.427222017397329,2.6578773895847068,0.10610907982937233,0.19105746811137017,-0.37314515782334773,0.427222017397329,-0.48964476752160196,505.6612740740741,-0.9560822408963586,1.8725626663009192,0.0,0.0,0.0,0.002056672760511883,2.5970116457921337,-0.2719378427787934,-5.817151427354069,1.0,0.33333333333333326,-49.9041095890411,-0.784,-0.4675381581830132,-0.20588235294117646,0.2176199868507561,0.22456064222174008,-0.22176591375770027,-0.7589285714285714,-0.546607798022511,,Industrials,BCDAW
2020Q1,2020,Q1,2020-05-15,2020-03-31,-4563000.0,38000.0,-4609000.0,-0.0003,34000.0,0.8947368421,4384000.0,-1283000.0,3219000.0,4510000.0,5667000.0,0.0,-105664000.0,17066068.0,15495068.0,-0.07517841836795681,0.7137472283813747,0.23175182481751824,-0.7918939984411536,-6.112014393883471,-0.07517841836795681,3.5565081839438815,449.10705263157894,-0.9350245452553144,-13.301689789555729,0.0,0.0,0.0,0.008667883211678832,0.6133037694013304,-1.040830291970803,-5.6924843228819215,0.8947368421052632,-0.4999999999999998,-61.03947368421054,-0.7205882352941176,-1.0941997063142437,-0.8089887640449438,-0.21388667198723066,-0.3038189533239038,-0.586027111574557,-0.7226277372262774,-1.0699182561307903,,Industrials,BCDAW
2019Q4,2019,Q4,2020-04-09,2019-12-31,-3759000.0,215000.0,-3535000.0,-0.0002,178000.0,0.8279069767,7678000.0,2370000.0,6378000.0,4003000.0,5308000.0,4000.0,-101070000.0,17748710.72,13305710.719999999,0.1388720588714401,1.5933050212340745,0.14873665016931492,0.48185654008438816,-0.8155362204205392,0.1388720588714401,-1.5860759493670886,82.55214288372092,-1.1804143868050014,7.488907476793249,0.0,9.25,0.0,0.028002083876009377,1.4319260554584061,-0.4895806199531128,-5.447731958256599,0.827906976744186,0.0,-62.622950819672134,0.6796874999999999,-0.8250147666863555,0.047058823529411764,0.00870253164556962,-0.09544468546637744,0.7588529638183218,1.0412272291466922,-0.884850840540278,,Industrials,BCDAW
2019Q3,2019,Q3,2019-11-19,2019-09-30,-3792000.0,194000.0,-3227000.0,-0.0002,170000.0,0.8762886598,10681000.0,5194000.0,9237000.0,4044000.0,5487000.0,45000.0,-97568000.0,22185888.400000002,14535888.400000002,0.30434661340854846,2.2841246290801185,0.1179664825390881,0.24258760107816713,-0.47007000122523684,0.30434661340854846,-0.7300731613400077,114.3602494845361,-1.4626772415611815,4.271445591066616,0.0,0.5333333333333333,0.0,0.018163093343319912,2.2287339268051434,-0.3550229379271604,-14.869898391420913,0.8762886597938144,0.0,-89.18604651162791,1.0208333333333333,-0.6147741600534006,2.619047619047619,-0.017986577181208052,0.14221158958001062,-1.740480374926772,-0.9647272727272727,-0.7288153291912495,,Industrials,BCDAW
2019Q2,2019,Q2,2019-08-14,2019-06-30,-3725000.0,86000.0,-3762000.0,-0.0002,-105000.0,-1.2209302326,2716000.0,-2236000.0,1152000.0,4066000.0,4952000.0,5000.0,-93776000.0,17066068.0,17923068.0,-0.1310202209436878,0.28332513526807673,0.5058910162002945,-0.6144901610017889,-7.298671875,-0.1310202209436878,1.6659212880143113,198.4426511627907,-1.1453736912751677,-7.632409660107335,0.0,38.2,0.0,0.03166421207658321,0.17732415150024594,-1.3715022091310751,-7.35289444205084,-1.2209302325581395,0.0,-57.43939393939394,-0.18095238095238086,-1.1663690476190476,-1.9545454545454546,-0.029005524861878452,-0.02034174125305126,-50.666666666666664,-0.3943661971830985,-1.1594523283177638,,Industrials,BCDAW
2019Q1,2019,Q1,2019-05-15,2019-03-31,-3620000.0,216000.0,-3687000.0,-0.0002,110000.0,0.5092592593,5157000.0,818000.0,3528000.0,3323000.0,4339000.0,118000.0,-90026000.0,17066068.0,15713068.0,0.04793136884254768,1.0616912428528438,0.2879581151832461,1.815403422982885,-0.9613859232357226,0.04793136884254768,-4.425427872860635,79.00957407407408,-1.1785958563535912,20.86316381418093,0.0,0.8983050847457628,0.0,0.041884816753926704,0.9404152873909118,-0.7019585030056235,-6.772249206349207,0.5092592592592593,0.0,-57.56249999999999,1.2040816326530612,-0.9388365485269927,9.461538461538462,0.027143241064230047,-0.007377049180327869,-45.146341463414636,0.44966442953020136,-0.9413535990823058,,Industrials,BCDAW
2018Q4,2018,Q4,2019-04-02,2018-12-31,-3721000.0,103000.0,-3660000.0,-0.0002,-13000.0,-0.1262135922,6417000.0,3792000.0,6218000.0,2548000.0,2625000.0,141000.0,-86361000.0,17066068.0,11785068.0,0.22219529419430417,2.4403453689167973,0.0,0.0,-0.9861261721546793,0.22219529419430417,-0.9812763713080169,165.68998058252427,-1.146604944907283,4.500545358649789,0.0,0.8226950354609929,0.0,0.01605111422783232,2.2103610675039245,-0.5798659809880006,-5.233384851272616,-0.1262135922330097,0.0,-414.44444444444446,0.14444444444444438,-0.7151014274981217,0.48,-0.06649469762109488,-0.025210084033613446,-42.34444444444444,-0.23703703703703705,-0.7265253137170056,,Industrials,BCDAW
2018Q3,2018,Q3,2018-11-08,2018-09-30,-3489000.0,84000.0,-3570000.0,-0.0002,-25000.0,-0.2976190476,5556000.0,2944000.0,5348000.0,2532000.0,2612000.0,134000.0,-82719000.0,17066068.0,12326068.0,0.17250605118882686,2.11216429699842,0.0,0.0,-1.1938167463072922,0.17250605118882686,-1.1851222826086956,203.16747619047618,-1.2228480940097448,5.7968980978260864,0.0,0.8134328358208955,0.0,0.01511879049676026,1.970774091627172,-0.6279697624190065,-8.473717974180735,-0.2976190476190476,0.0,-117.3,0.18309859154929592,-0.7787298008267568,-1.2403846153846154,-0.10867492850333652,-0.09778597785977859,-43.03614457831325,-0.30578512396694213,-0.7849996348499233,,Industrials,BCDAW
2018Q2,2018,Q2,2018-08-09,2018-06-30,-3147000.0,239000.0,-3252000.0,-0.0002,104000.0,0.4351464435,7661000.0,5758000.0,7443000.0,1819000.0,1903000.0,136000.0,-79175000.0,17066068.0,10316068.0,0.33739464767162536,4.091808686091259,0.0,0.0,-0.5524901738258122,0.33739464767162536,-0.5465439388676624,71.40614225941422,-1.3557410231966953,2.963888155609587,0.0,0.9926470588235294,0.0,0.031196971674716096,3.862012094557449,-0.4107818822608015,-6.053943951755942,0.4351464435146444,0.0,-350.6666666666667,2.4637681159420293,-0.566219677565165,1.4761904761904763,0.10392938496583143,0.10165745856353592,-44.109589041095894,0.912,-0.5794931716935661,,Industrials,BCDAW
2018Q1,2018,Q1,2018-05-10,2018-03-31,-3512000.0,199000.0,-3620000.0,-0.0002,42000.0,0.2110552764,10411000.0,8207000.0,10205000.0,2121000.0,2204000.0,148000.0,-75988000.0,17066068.0,7496068.0,0.48089577517211346,4.811409712399811,0.0,0.0,-0.43222575675816816,0.48089577517211346,-0.4279273790666504,85.75913567839196,-1.2148396924829157,2.079452662361399,0.0,1.0608108108108107,0.0,0.019114398232638555,4.611032531824611,-0.33733551051772165,-5.6119921078592565,0.21105527638190955,0.0,-139.48,4.2368421052631575,-0.3813041839427064,1.646153846153846,-0.0477326968973747,-0.02753335225659949,-47.21052631578947,0.4632352941176471,-0.3974302496328928,,Industrials,BCDAW
2017Q4,2017,Q4,2018-03-16,2017-12-31,-3352000.0,100000.0,-3523000.0,-0.0002,-65000.0,-0.65,13538000.0,11125000.0,13315000.0,2332000.0,2413000.0,191000.0,-72450000.0,17066068.0,4458068.0,0.6518783354197346,5.709691252144082,0.0,0.0,-0.30450136984535253,0.6518783354197346,-0.30130337078651687,170.66068,-1.2728272673031027,1.534028584269663,0.0,0.8638743455497382,0.0,0.007386615452799527,5.481989708404803,-0.24759934997784017,-6.682093970242756,-0.65,0.0,-89.21052631578948,5.666666666666666,-0.16284144781398158,-2.823529411764706,-0.1301416048550236,-0.15926291543270812,-55.950819672131146,-0.21875000000000003,-0.17860307147076204,,Industrials,BCDAW
2017Q3,2017,Q3,2017-11-09,2017-09-30,-2966000.0,130000.0,-3039000.0,-0.0002,-17000.0,-0.1307692308,15860000.0,13785000.0,15643000.0,2000000.0,2075000.0,240000.0,-68964000.0,17066068.0,3815068.0,0.8077431778661611,7.8215,0.0,0.0,-0.2178858769963875,0.8077431778661611,-0.2151614073268045,131.27744615384614,-1.4384750505731625,1.2380172651432717,0.0,0.6125,0.0,0.00819672131147541,7.6075,-0.18701134930643126,-9.566181614349777,-0.13076923076923078,0.0,-7.57649667405765,5.842105263157896,0.04037735849056608,0.8131868131868132,-0.015058179329226557,-0.023921832884097036,-69.9767441860465,0.35416666666666663,0.02239857598457328,,Industrials,BCDAW
2017Q2,2017,Q2,2017-08-14,2017-06-30,-2922000.0,112000.0,-2968000.0,-0.0002,-91000.0,-0.8125,17756000.0,16081000.0,17522000.0,1607000.0,1675000.0,193000.0,-65963000.0,17066068.0,2025068.0,0.9422791471357082,10.903546981953951,0.0,0.0,-0.18312420704647914,0.9422791471357082,-0.1817051178409303,152.37560714285715,-1.4601358658453114,1.0612566382687643,0.0,1.0518134715025906,0.0,0.0063077269655327775,10.607965152457997,-0.16456409101148908,-8.023539257169723,-0.8125,0.0,-22.756097560975608,5.588235294117647,0.2565244569463979,-1.394736842105263,-0.01564129301355579,-0.03234782608695652,-45.27272727272727,0.06666666666666664,0.19650297619047627,,Industrials,BCDAW
2017Q1,2017,Q1,2017-05-11,2017-03-31,-2877000.0,137000.0,-2875000.0,-0.0002,-38000.0,-0.2773722628,19780000.0,18350000.0,19549000.0,1368000.0,1430000.0,144000.0,-63018000.0,17066068.0,-1903932.0,1.0752330296586186,14.290204678362572,0.0,0.0,-0.1567302262830983,1.0752330296586186,-0.15678474114441418,124.5698394160584,-1.4829742787626001,0.9300309536784741,0.0,1.2152777777777777,0.0,0.00692618806875632,14.000730994152047,-0.1454499494438827,-7.286963279248505,-0.2773722627737226,0.8333333333333333,-51.30909090909091,11.454545454545455,0.41972920696324967,0.9927133269415148,0.8154349499615089,0.7768550139708165,-45.95312499999999,0.3979591836734694,0.3720652011365337,,Industrials,BCDAW
2016Q4,2016,Q4,2017-03-30,2016-12-31,-15588000.0,-5215000.0,-12884000.0,-0.0012,-5215000.0,1.0,22082000.0,20582000.0,21917000.0,1444000.0,1500000.0,135000.0,-60142000.0,17066068.0,-4285932.0,1.2060188673805823,15.17797783933518,0.0,0.0,-0.8043659805036537,1.2060188673805823,-0.7573608006996405,-3.272496260786194,-0.2737052219656146,0.8291744242542027,0.0,0.0,0.0,-0.23616520242731637,14.837950138504155,-0.7059143193551308,-1.5348563719758972,1.0,-5.0,-54.87096774193548,-435.58333333333337,0.5859146247495761,-1.9481818181818182,-4.043936731107205,-3.515914860378832,-1732.9999999999998,-58.94444444444445,0.5463561232156273,,Industrials,BCDAW
2016Q3,2016,Q3,2016-10-17,2016-09-30,5121000.0,5500000.0,5121000.0,0.0003,5500000.0,1.0,19483000.0,19153000.0,19483000.0,330000.0,330000.0,0.0,-6854000.0,17066068.0,-2370932.0,1.1222854614197013,59.03939393939394,0.0,0.0,0.2673732574531405,1.1222854614197013,0.2673732574531405,3.1029214545454544,0.833141378636985,0.891038897300684,0.0,0.0,0.0,0.282297387465996,58.9,0.2628445311297028,3.0666788858939804,1.0,0.0,10.294010889292196,0.0,0.44474617183374804,37.732394366197184,67.28,68.20270270270271,169.7,76.46478873239437,0.43953400977076273,,Industrials,BCDAW
2016Q2,2016,Q2,2016-08-02,2016-06-30,75000.0,142000.0,74000.0,0.0,142000.0,1.0,14023000.0,14023000.0,14023000.0,0.0,0.0,0.0,-11975000.0,17066068.0,3194068.0,0.8216889795587361,0.0,0.0,0.0,0.005417766051011433,0.8216889795587361,0.005348356271839122,120.18357746478873,56.88689333333333,1.2170054909791057,0.0,0.0,0.0,0.010126221208015403,0.0,0.005348356271839122,-322.0012830188679,1.0,0.0,-0.9934187434187435,0.0,-0.024554813578185862,-0.04697986577181208,-0.08536585365853659,-0.08641975308641975,7.333333333333334,1.0579710144927537,0.056426096127768666,,Industrials,BCDAW
2016Q1,2016,Q1,2016-05-03,2016-03-31,82000.0,149000.0,81000.0,0.0,149000.0,1.0,13948000.0,13948000.0,13948000.0,0.0,0.0,0.0,-12050000.0,17066068.0,3141068.0,0.8172942941514121,0.0,0.0,0.0,0.005948925276462401,0.8172942941514121,0.005878979065098939,114.53736912751678,52.030695121951226,1.2235494694579867,0.0,0.0,0.0,0.010682535130484658,0.0,0.005878979065098939,200.7772705882353,1.0,0.0,1.2554517133956384,0.0,3.6978780734253958,0.1037037037037037,-0.08888888888888889,-0.0898876404494382,4.28,2.9210526315789473,0.05148888051262729,,Industrials,BCDAW
2015Q4,2015,Q4,2016-03-25,2015-12-31,90000.0,135000.0,89000.0,0.0,135000.0,1.0,13876000.0,13866000.0,13876000.0,10000.0,10000.0,0.0,-12132000.0,17066068.0,3226068.0,0.8124894381060711,1387.6,0.0,0.0,0.006561212878824302,0.8124894381060711,0.006490696668109044,126.41531851851852,47.405744444444444,1.2307852300591373,0.0,0.0,0.0,0.009729028538483713,1384.0,0.006486019025655808,149.70235087719297,1.0,0.0,1.1918976545842217,1.049090909090909,3.228728270814273,0.11570247933884298,0.08433734939759036,0.07228915662650602,1.3684210526315792,8.0,0.043419369403265844,,Industrials,BCDAW
2015Q3,2015,Q3,2015-10-29,2015-09-30,83000.0,121000.0,83000.0,0.0,121000.0,1.0,13776000.0,13693000.0,13776000.0,0.0,83000.0,0.0,-12305000.0,17066068.0,3340068.0,0.8023523637665102,0.0,0.0,0.0,0.006061491272913167,0.8023523637665102,0.006061491272913167,141.04188429752065,51.40381927710843,1.2463352077703937,0.0,0.0,0.0,0.008783391405342626,0.0,0.006024970963995354,449.10705263157894,1.0,0.0,1.0102304942684581,-0.8430609597924772,2.6631888710540395,-0.032,0.136986301369863,0.1527777777777778,-0.8159645232815964,5.36842105263158,0.033433962264150886,,Industrials,BCDAW
2015Q2,2015,Q2,2015-08-12,2015-06-30,73000.0,125000.0,72000.0,0.0,125000.0,1.0,13697000.0,13693000.0,13697000.0,4000.0,4000.0,0.0,-12305000.0,17066068.0,3378068.0,0.8023523637665102,3424.25,0.0,0.0,0.005402220312548458,0.8023523637665102,0.005331191119550135,136.528544,58.44543835616439,1.2463352077703937,0.0,0.0,0.0,0.009126086004234504,3422.0,0.00532963422647295,189.62297777777778,1.0,0.0,1.050977653631285,-0.883936861652739,0.156894221020615,-0.08088235294117647,-0.039473684210526314,-0.04,1.5934959349593496,6.352941176470589,0.06993280200031252,,Industrials,BCDAW
2015Q1,2015,Q1,2015-05-12,2015-03-31,76000.0,136000.0,75000.0,0.0,136000.0,1.0,13620000.0,13620000.0,13620000.0,0.0,0.0,0.0,-12378000.0,17066068.0,3468068.0,0.7980748699700482,0.0,0.0,0.0,0.005651518664502667,0.7980748699700482,0.005580029368575624,125.48579411764706,56.138381578947374,1.2530152716593246,0.0,0.0,0.0,0.00998531571218796,0.0,0.005580029368575624,191.75357303370785,1.0,0.0,1.0527411519777932,-0.8492239467849223,0.024060150375939837,0.0625,0.2459016393442623,0.22950819672131148,2.381818181818182,11.363636363636363,0.05377176015473892,,Industrials,BCDAW
2014Q4,2014,Q4,2015-03-24,2014-12-31,61000.0,128000.0,61000.0,0.0,128000.0,1.0,13545000.0,13544000.0,13545000.0,1000.0,1000.0,0.0,-12454000.0,17066068.0,3557068.0,0.7936215887572932,13545.0,0.0,0.0,0.004503839338452451,0.7936215887572932,0.004503839338452451,133.32865625,69.94290163934426,1.2600463673951565,0.0,0.0,0.0,0.009449981543004799,13509.0,0.004503506829088224,322.0012830188679,1.0,0.0,1.046707503828484,-0.7693693693693694,-0.0809527040781705,0.3333333333333333,0.4186046511627907,0.4523809523809524,1.2186379928315412,9.666666666666668,0.04361226691323782,,Industrials,BCDAW
2014Q3,2014,Q3,2014-11-06,2014-09-30,43000.0,96000.0,42000.0,0.0,96000.0,1.0,13488000.0,13483000.0,13488000.0,5000.0,5000.0,0.0,-12515000.0,17066068.0,3610068.0,0.7900472446260028,2697.6,0.0,0.0,0.0032599190367197974,0.7900472446260028,0.0031892012163465106,177.77154166666668,99.22132558139535,1.2657470889267968,0.0,0.0,0.0,0.0071174377224199285,2691.2,0.0031880189798339266,310.29214545454545,1.0,0.0,1.0360435875943002,-0.7798165137614679,0.3204387425325629,-0.08571428571428572,-0.3484848484848485,-0.35384615384615387,1.0780399274047188,0.0,0.017047597495662536,,Industrials,BCDAW
2014Q2,2014,Q2,2014-08-06,2014-06-30,66000.0,105000.0,65000.0,0.0,105000.0,1.0,13441000.0,13440000.0,13441000.0,1000.0,1000.0,0.0,-12558000.0,17066068.0,3665068.0,0.7875276249924704,13441.0,0.0,0.0,0.004982864357864357,0.7875276249924704,0.004910714285714286,162.53398095238094,64.64419696969696,1.2697967261904761,0.0,0.0,0.0,0.007811918756044937,13401.0,0.004910348932371103,216.02617721518988,1.0,0.0,1.0498866213151927,-0.7645739910313901,0.1979677333095642,0.07142857142857142,0.03125,0.031746031746031744,-0.9942084942084942,0.0,-0.06510851419031723,,Industrials,BCDAW
2014Q1,2014,Q1,2014-05-12,2014-03-31,64000.0,98000.0,63000.0,0.0,98000.0,1.0,13375000.0,13374000.0,13375000.0,1000.0,1000.0,0.0,-12624000.0,17066068.0,3744068.0,0.7836603018340252,13375.0,0.0,0.0,0.0048578398384925975,0.7836603018340252,0.004785404516225512,174.14355102040815,66.664328125,1.2760631075220579,0.0,0.0,0.0,0.0073271028037383175,13322.0,0.004785046728971963,632.0765925925926,1.0,0.0,1.0529801324503312,-0.7731481481481481,0.4071969696969697,0.08888888888888889,6.111111111111111,8.0,1.1993769470404985,0.0,3.504546985517009,,Industrials,BCDAW
2013Q4,2013,Q4,2014-03-24,2013-12-31,9000.0,90000.0,7000.0,0.0,90000.0,1.0,13328000.0,13310000.0,13328000.0,18000.0,18000.0,0.0,-12688000.0,17066068.0,3771068.0,0.779910170286442,740.4444444444445,0.0,0.0,0.000946656649135988,0.779910170286442,0.00067618332081142,189.62297777777778,474.05744444444446,1.2821989481592788,0.0,0.0,0.0,0.006752701080432173,738.6111111111111,0.0006752701080432173,533.314625,1.0,0.0,1.0039508340649692,-0.7321428571428571,0.24427409554080579,0.2676056338028169,-0.7,-0.7307692307692307,1.019189765458422,1.0327272727272727,3.0591643793839585,,Industrials,BCDAW
2013Q3,2013,Q3,2013-11-01,2013-09-30,30000.0,71000.0,26000.0,0.0,71000.0,1.0,13308000.0,13305000.0,13308000.0,3000.0,3000.0,0.0,-12693000.0,17066068.0,3803068.0,0.7796171912592872,4436.0,0.0,0.0,0.002475259927345609,0.7796171912592872,0.002254791431792559,240.36715492957745,142.21723333333333,1.2826807966929725,0.0,0.0,0.0,0.0053351367598437035,4421.0,0.002254283137962128,-2844.344666666667,1.0,0.0,1.0242914979757085,-0.827250608272506,0.0006016394675491423,0.028985507246376812,2.3333333333333335,1.1666666666666667,1.0036977690126956,-0.9079118028534371,2.5593900481540937,,Industrials,BCDAW
2013Q2,2013,Q2,2013-07-26,2013-06-30,9000.0,69000.0,12000.0,0.0,69000.0,1.0,13277000.0,13274000.0,13277000.0,3000.0,3000.0,0.0,-12723000.0,17066068.0,3797068.0,0.7778007212909265,4425.666666666667,0.0,0.0,0.0015067048365225253,0.7778007212909265,0.0006780171764351364,247.3343188405797,474.05744444444446,1.285676359801115,0.0,0.0,0.0,0.0051969571439331175,4423.0,0.000677863975295624,1137.7378666666666,1.0,0.0,1.1782778361032427,0.0,4.015751212089493,0.8157894736842105,1.36,1.4615384615384615,1.0062849162011174,-0.9359331476323121,0.12149374788779986,,Industrials,BCDAW
2013Q1,2013,Q1,2013-05-10,2013-03-31,-25000.0,38000.0,-26000.0,0.0,38000.0,1.0,13275000.0,13265000.0,13275000.0,10000.0,10000.0,0.0,-12732000.0,17066068.0,3812068.0,0.7772733590420476,1327.5,0.0,0.0,-0.0018032416132679986,0.7772733590420476,-0.0018846588767433095,449.10705263157894,-170.66068,1.2865486618921975,0.0,0.0,0.0,0.0028625235404896423,1325.4,-0.0018832391713747645,-1219.0048571428572,1.0,0.0,0.6544145090612515,0.0,3.918526362782199,1.5333333333333334,-1.6578947368421053,0.6060606060606061,0.9826509368494101,-0.9578713968957872,-0.0026315789473684466,,Industrials,BCDAW
2012Q4,2012,Q4,2013-03-22,2012-12-31,38000.0,15000.0,-66000.0,0.0,15000.0,1.0,13301000.0,13289000.0,13301000.0,12000.0,12000.0,0.0,-12707000.0,17066068.0,3798068.0,0.7786796583723914,1108.4166666666667,0.0,0.0,0.0028595078636466245,0.7786796583723914,0.002859507863646625,1137.7378666666666,112.27676315789475,1.2842251486191587,0.0,0.0,0.0,0.0011277347567852042,1105.6666666666667,0.002856928050522517,38.350714606741576,1.0,0.0,1.836083608360836,0.0,8.260640084515797,-0.21052631578947367,-0.9157427937915743,0.20481927710843373,1.0290964777947933,-0.972972972972973,-0.09825609011332011,,Industrials,BCDAW
2012Q3,2012,Q3,2012-11-08,2012-09-30,451000.0,19000.0,-83000.0,0.0,19000.0,1.0,13391000.0,13250000.0,13391000.0,141000.0,141000.0,0.0,-12745000.0,17066068.0,4243068.0,0.7763944219605828,94.97163120567376,0.0,0.0,0.03518751455858374,0.7763944219605828,0.0340377358490566,898.2141052631579,9.460126385809312,1.2880051320754717,0.0,0.0,0.0,0.0014188634157269809,94.88652482269504,0.0336793368680457,-279.771606557377,1.0,0.0,5.858186205336464,0.0,8.106854677967872,0.11764705882352941,4.666666666666667,0.3712121212121212,1.3780385582564962,-0.9564220183486238,0.29762021349525025,,Industrials,BCDAW
2012Q2,2012,Q2,2012-08-10,2012-06-30,-123000.0,17000.0,-132000.0,0.0,17000.0,1.0,12940000.0,12798000.0,12940000.0,142000.0,142000.0,0.0,-13196000.0,17066068.0,4182068.0,0.7499091179057765,91.12676056338029,0.0,0.0,-0.009834385459937417,0.7499091179057765,-0.009610876699484294,1003.8863529411765,-34.687130081300815,1.333494921081419,0.0,0.0,0.0,0.0013137557959814528,90.90140845070422,-0.009505409582689335,-25.548005988023952,1.0,0.0,-6.134156951452932,0.0,207.84123953590833,0.5454545454545454,-1.2363636363636363,-1.2758620689655173,0.9070294784580498,-0.9618834080717489,0.14074338176308054,,Industrials,BCDAW
2012Q1,2012,Q1,2012-05-15,2012-03-31,-55000.0,11000.0,-58000.0,0.0,11000.0,1.0,13636000.0,12925000.0,13636000.0,711000.0,711000.0,0.0,-13067000.0,17066068.0,4414068.0,0.7573507851955119,19.178621659634317,0.0,0.0,-0.003997889924388957,0.7573507851955119,-0.00425531914893617,1551.4607272727274,-77.57303636363636,1.3203921083172148,0.0,0.0,0.0,0.0008066881783514227,17.828410689170184,-0.004033440891757114,-656.3872307692308,1.0,0.0,-2.5837622988206164,0.0,172.43871608384103,-0.08333333333333333,0.8028673835125448,0.6329113924050633,0.9544701986754967,-0.9745370370370371,0.3599537037037037,,Industrials,BCDAW
2011Q4,2011,Q4,2012-03-29,2011-12-31,-279000.0,12000.0,-158000.0,0.0,12000.0,1.0,13734000.0,12978000.0,13734000.0,756000.0,756000.0,0.0,-13012000.0,17066068.0,4388068.0,0.7604563628833543,18.166666666666668,0.0,0.0,-0.021914008321775313,0.7604563628833543,-0.021497919556171984,1422.1723333333334,-15.292175627240145,1.3149998458930499,0.0,0.0,0.0,0.0008737439930100481,16.858465608465607,-0.020314547837483616,-21.09526328800989,1.0,0.0,-14.690023619390393,0.0,150.13719735876742,0.0,0.49364791288566245,-0.43636363636363634,0.8775241439859526,-0.9642857142857143,0.21323735626811255,,Industrials,BCDAW
2011Q3,2011,Q3,2011-11-15,2011-09-30,-551000.0,0.0,-110000.0,0.0,0.0,0.0,14001000.0,13257000.0,14001000.0,744000.0,744000.0,0.0,-12727000.0,17066068.0,4458068.0,0.7768045925985998,18.818548387096776,0.0,0.0,-0.043542135870717,0.7768045925985998,-0.041562947876593495,0.0,-7.743225045372051,1.2873250358301274,0.0,0.0,0.0,0.0,17.163978494623656,-0.03935433183344047,26.37723029366306,0.0,-1.0,-20.974954135758153,0.0,132.0342896709516,0.0,-1.0483502983502984,0.5582329317269076,0.5538461538461539,-1.0,-0.0030081973377452833,,Industrials,BCDAW
2011Q2,2011,Q2,2011-08-11,2011-06-30,11396000.0,0.0,-249000.0,0.0007,0.0,0.0,14646000.0,14376000.0,14646000.0,270000.0,270000.0,0.0,-11599000.0,17066068.0,4374068.0,0.8423732988758746,54.24444444444445,0.0,0.0,0.799409271863362,0.8423732988758746,0.7927100723427936,0.0,0.37438724113724114,1.1871221480244851,0.0,0.0,0.0,0.0,48.71111111111111,0.7780964085757204,-6.9600603588907015,0.0,0.0,1147.7095995170055,0.0,121.95060936497755,0.0,36.50155763239876,-1.4653465346534653,226.73935780361705,0.0,4.432156051303192,,Industrials,BCDAW
2011Q1,2011,Q1,2011-05-16,2011-03-31,-321000.0,0.0,-101000.0,0.0,0.0,0.0,5484000.0,2969000.0,740000.0,2515000.0,2515000.0,0.0,-22995000.0,17066068.0,18049068.0,0.17397094632460156,0.294234592445328,0.22319474835886213,0.4122600202088245,-0.07110708323396137,0.17397094632460156,-0.10811721118221623,0.0,-13.291330218068536,5.748086224317952,0.0,0.0,0.0,0.0,0.2644135188866799,-0.058533916849015315,-27.977160655737705,0.0,0.0,-13.149695847659348,0.0,23.16512701138667,1.0,0.31556503198294245,-1.0096199638060768,-3.43731770365353,0.0,0.10087484139467398,,Industrials,BCDAW
2010Q4,2010,Q4,2011-03-31,2010-12-31,-469000.0,-2750000.0,10499000.0,0.0,-568000.0,0.2065454545,5435000.0,3279000.0,639000.0,2156000.0,2156000.0,0.0,-22674000.0,17066068.0,17439068.0,0.19213564600820762,0.2963821892393321,0.09199632014719411,0.15248551387618176,-0.12416603890588707,0.19213564600820762,-0.1430314120158585,-6.205842909090909,-9.09705117270789,5.204656297651724,0.0,0.0,0.0,-0.5059797608095676,0.2504638218923933,-0.08629254829806808,-29.993089630931458,0.20654545454545453,1.0,-21.629674306393245,0.0,22.165123031600363,0.44204322200392926,0.9421915444348576,3.280065226253567,-9.31903190319032,0.0,1.2850206063004965,,Industrials,BCDAW
2010Q3,2010,Q3,2010-11-22,2010-09-30,-8113000.0,771000.0,2453000.0,-0.0011,-1018000.0,-1.3203631647,5643000.0,3738000.0,3837000.0,1905000.0,1905000.0,3045000.0,-22215000.0,17066068.0,16870068.0,0.21903112070103084,2.014173228346457,0.0,0.0,1.5108814783584223,0.21903112070103084,-2.1704119850187267,22.13497795071336,-0.5258864784913102,4.56556126270733,0.0,0.58752052545156,0.0,0.1366294524189261,0.35800524934383204,-1.4377104377104377,-11.617473110959837,-1.3203631647211413,-10.0,-204.62666328728935,0.0,22.767437720157176,-2.189252336448598,-4.665502793296089,2.627737226277372,-86.39349153856926,0.0,1.5691639838674645,,Industrials,BCDAW
2010Q2,2010,Q2,2010-08-12,2010-06-30,-1432000.0,1077000.0,-1507000.0,-0.0001,856000.0,0.7948003714,13720000.0,11836000.0,6706000.0,1884000.0,1884000.0,4390000.0,-14102000.0,17066068.0,15401068.0,0.6935399530811667,3.559447983014862,0.0,0.0,-0.1230277581285212,0.6935399530811667,-0.12098681987157824,15.845931290622099,-2.979411312849162,1.441877999324096,0.0,0.05034168564920273,0.0,0.07849854227405248,1.1847133757961783,-0.1043731778425656,-8.436019772614928,0.7948003714020427,0.0,-28.086182032376662,0.0,65.97259646124857,0.1726027397260274,0.006245662734212352,-0.030779753761969904,-82.05782727219999,0.0,192.14306228684256,,Industrials,BCDAW
2010Q1,2010,Q1,2010-05-14,2010-03-31,-1441000.0,902000.0,-1462000.0,-0.0001,730000.0,0.8093126386,15089000.0,13300000.0,8089000.0,1789000.0,1789000.0,3670000.0,-12620000.0,17066068.0,13378068.0,0.7793242122321322,4.521520402459474,0.0,0.0,-0.1088671162442188,0.7793242122321322,-0.10834586466165413,18.920252771618625,-2.9608029146426094,1.283163007518797,0.0,0.046866485013623976,0.0,0.059778646696268804,2.4404695360536612,-0.09550003313672212,-13.280986770428015,0.8093126385809313,0.0,-1.7576308487226104,0.0,75.41657952495316,0.7016317016317016,-0.10336906584992343,-0.11432926829268293,-92.89457222910016,0.0,177.47078715010335,,Industrials,BCDAW
2009Q4,2009,Q4,2010-03-31,2009-12-31,-1306000.0,555000.0,-1312000.0,-0.0001,429000.0,0.772972973,15588000.0,14737000.0,8601000.0,851000.0,851000.0,3256000.0,-11165000.0,17066068.0,12093068.0,0.863526384636461,10.106933019976498,0.0,0.0,-0.0887557775076183,0.863526384636461,-0.08862047906629572,30.749672072072073,-3.2668583460949465,1.1580422066906426,0.0,0.0386977886977887,0.0,0.03560431100846805,6.204465334900117,-0.08378239671542212,-13.037485103132163,0.772972972972973,0.0,-22.27695296487069,-0.43282096457226016,20.91095265140815,0.21875,-0.09471919530595138,-0.08340214698596202,-72.44505679901023,0.0,170.62188915673875,,Industrials,BCDAW
2009Q3,2009,Q3,2009-11-12,2009-09-30,-1193000.0,436000.0,-1211000.0,-0.0001,352000.0,0.8073394495,11239000.0,10211000.0,3922000.0,1028000.0,1028000.0,1993000.0,-9855000.0,17066068.0,15459068.0,0.5983217692558122,3.815175097276265,0.0,0.0,-0.11741653598694111,0.5983217692558122,-0.11683478601508178,39.142357798165136,-3.576292539815591,1.6713414944667515,0.0,0.042147516307074764,0.0,0.03879348696503248,1.8073929961089494,-0.10614823382863244,-10.444350061199511,0.8073394495412844,0.0,-8.084125243664719,-0.4340558207878047,12.95553526741845,-0.01675977653631285,0.0982615268329554,0.10096510764662213,-46.57916566961793,0.0,101.46761196576048,,Industrials,BCDAW
2009Q2,2009,Q2,2009-08-14,2009-06-30,-1323000.0,446000.0,-1347000.0,-0.0001,358000.0,0.802690583,12420000.0,11219000.0,5180000.0,1201000.0,1201000.0,1576000.0,-8650000.0,17066068.0,13816068.0,0.6573863411302474,4.313072439633639,0.0,0.0,-0.1186295040799838,0.6573863411302474,-0.11792494874766021,38.26472645739911,-3.224880574452003,1.52117550583831,0.0,0.05583756345177665,0.0,0.03590982286634461,2.9059117402164865,-0.10652173913043478,-11.82679695079695,0.8026905829596412,0.0,-4.508712759977516,-0.5689363552892284,10.643039498536705,0.022857142857142857,-0.09519867549668874,-0.09334415584415584,-132.12537733950492,0.0,94.95039555270472,,Industrials,BCDAW
2009Q1,2009,Q1,2009-05-15,2009-03-31,-1208000.0,432000.0,-1232000.0,-0.0001,350000.0,0.8101851852,10445000.0,9504000.0,3126000.0,941000.0,941000.0,1080000.0,-7311000.0,17066068.0,15386068.0,0.5568945348161041,3.3219978746014878,0.0,0.0,-0.12793512466715082,0.5568945348161041,-0.1271043771043771,39.50478703703704,-3.5318849337748346,1.795672138047138,0.0,0.07592592592592592,0.0,0.041359502154140734,2.066950053134963,-0.11565342269028243,-12.060825441696114,0.8101851851851852,0.0,-4.30350259467718,-0.46657973892041665,7.356810483998608,0.2589928057553957,0.4697102721685689,-0.4701670644391408,-52.24869963854359,0.0,76.35445170637213,,Industrials,BCDAW
2008Q4,2008,Q4,2009-03-31,2008-12-31,-2278000.0,336000.0,-838000.0,-0.0001,278000.0,0.8273809524,11474000.0,10697000.0,4330000.0,777000.0,777000.0,942000.0,-6087000.0,17066068.0,13971068.0,0.626799330695272,5.572715572715572,0.0,0.0,,0.626799330695272,-0.2129569038048051,50.791869047619045,-1.8729223002633888,1.5954069365242591,0.0,0.06157112526539278,0.0,0.029283597699145895,4.222651222651223,-0.1985358201150427,-14.90486288209607,0.8273809523809523,0.0,-8.576579000470844,-0.6375670393110321,6.985785794005995,-0.19420289855072465,-0.8445344129554656,0.3241935483870968,-108.91556091676719,0.0,74.57100368070421,,Industrials,BCDAW
2008Q3,2008,Q3,2008-11-14,2008-09-30,-1235000.0,411000.0,-1240000.0,-0.0001,345000.0,0.8394160584,14230000.0,13297000.0,5804000.0,933000.0,933000.0,855000.0,-3809000.0,17066068.0,12484068.0,0.7791484248158392,6.220793140407288,0.0,0.0,,0.7791484248158392,-0.09287809280288786,41.5232798053528,-3.45466963562753,1.2834525080845303,,0.07719298245614035,,0.028882642304989457,5.220793140407288,-0.08678847505270555,0.0,0.8394160583941606,0.0,-43.91174426685198,-0.5839179741360983,7.725134318642929,0.0,-23.46368084305608,-17.18501789171115,-30.301482701812194,0.0,83.54671465086409,,Industrials,BCDAW
2008Q2,2008,Q2,2008-09-29,2008-06-30,-50483.0,0.0,-68188.0,0.0,0.0,0.0,2661139.0,2646463.0,2661139.0,14676.0,14676.0,0.0,-10358647.0,17066068.0,14414496.0,0.15507163102830718,181.3259062414827,0.0,0.0,,0.15507163102830718,-0.019075649272255083,0.0,-84.51393538418874,6.448632760027251,0.0,0.0,0.0,0.0,180.67402562005995,-0.018970448368161152,-593.7469296872282,0.0,0.0,-1.6078334577503792,-1.0,0.5763809385390471,0.0,0.3021523064375665,0.20041276281382286,-0.025389474539434922,0.0,13.974695720566519,,Industrials,BCDAW
2008Q1,2008,Q1,2008-05-15,2008-03-31,-72341.0,0.0,-85279.0,0.0,0.0,0.0,2696946.0,2696946.0,2696946.0,0.0,0.0,0.0,-10308164.0,17066068.0,14385753.0,0.1580297230738797,0.0,0.0,0.0,,0.1580297230738797,-0.026823303099135096,0.0,-58.97785488174065,6.327923510518936,0.0,0.0,0.0,0.0,0.0,-0.026823303099135096,-232.7455574497102,0.0,0.0,0.6459651647066309,-1.0,0.7391606592305365,0.0,-0.5916611661166117,-0.44604401939837895,0.8615615730552101,0.0,14.495593119060478,,Industrials,BCDAW
2007Q4,2007,Q4,2008-02-14,2007-12-31,-45450.0,0.0,-58974.0,0.0,0.0,0.0,1444359.0,1434998.0,1444359.0,9361.0,9361.0,0.0,-10235823.0,17066068.0,15646717.0,0.08408486360185603,154.2953744258092,0.0,0.0,,0.08408486360185603,-0.031672518010478067,0.0,-93.87276127612762,11.892746888845839,0.0,0.0,0.0,0.0,151.62386497169106,-0.03146724602401481,-129.80268792260244,0.0,0.0,0.42059839628775036,-1.0,-0.18743403200891504,0.0,0.5104111684422565,0.37319714732109643,0.189940649116866,-1.0,1.133553181303209,,Industrials,BCDAW
2007Q3,2007,Q3,2007-11-14,2007-09-30,-92833.0,0.0,-94087.0,0.0,0.0,0.0,1547341.0,1454948.0,1547341.0,92393.0,92393.0,0.0,-10190373.0,17066068.0,15522540.0,0.08525384992020424,16.747383459785915,0.0,0.0,,0.08525384992020424,-0.06380502945809748,0.0,-45.959055508278304,11.729675562288136,0.0,0.0,0.0,0.0,16.706114099552998,-0.059995178826128176,-394.4178973398969,0.0,0.0,0.5987109714399339,-1.0,-0.20372418646983265,0.0,-4.384432457514065,-4.150090316930319,0.29312104044834303,-1.0,0.9885004530662955,,Industrials,BCDAW
2007Q2,2007,Q2,2007-09-21,2007-06-30,-17241.0,0.0,-18269.0,0.0,0.0,0.0,87110.0,61281.0,87110.0,25829.0,25829.0,0.0,-10097540.0,17066068.0,16983971.0,0.003590809552616338,3.372565720701537,0.0,0.0,,0.003590809552616338,-0.28134332011553337,0.0,-247.4634301954643,278.4887322334818,0.0,0.0,0.0,0.0,3.1784815517441634,-0.19792216737458385,-2405.0264937993234,0.0,0.0,0.9464189151391971,-1.0,-0.9707210586113943,0.0,-0.12341174170847723,-0.112742112315751,0.9282118543501343,-1.0,-0.9364027895971274,,Industrials,BCDAW
2007Q1,2007,Q1,2007-05-14,2007-03-31,-15347.0,0.0,-16418.0,0.0,0.0,0.0,95423.0,74522.0,95423.0,20901.0,20901.0,0.0,-10080299.0,17066068.0,16976875.0,0.0043666766123280415,4.56547533610832,0.0,0.0,,0.0043666766123280415,-0.2059391857438072,0.0,-278.00332312504077,229.00711199377366,0.0,0.0,0.0,0.0,4.267403473518013,-0.1608312461356277,-2137.5335671342687,0.0,0.0,0.9421657961577016,-1.0,-0.9675409581868026,0.0,0.13693622764593408,0.12311061261549966,0.9326218093373255,-1.0,-0.934473250116946,,Industrials,BCDAW
