Quarters,Year,Quarter,FillingDate,Date,NetIncome,Revenue,OperatingIncome,EPSDiluted,GrossProfit,GrossProfitRatio,TotalAssets,CommonStockEquity,CurrentAssets,CurrentLiability,TotalLiability,Inventory,RetainedEarnings,MarketCap,EnterpriseValue,bookValuePerShare,currentRatio,debtToAssets,debtToEquity,roic,shareholdersEquityPerShare,roe,priceToSalesRatio,peRatio,pbRatio,payoutRatio,inventoryTurnover,dividendYield,assetTurnover,quickRatio,returnOnAssets,priceToFreeCashFlowsRatio,grossProfitMargin,epsdilutedGrowth,fiveYNetIncomeGrowthPerShare,fiveYRevenueGrowthPerShare,fiveYShareholdersEquityGrowthPerShare,grossProfitGrowth,netIncomeGrowth,operatingIncomeGrowth,threeYNetIncomeGrowthPerShare,threeYRevenueGrowthPerShare,threeYShareholdersEquityGrowthPerShare,Industry,Sector,Symbol
2023Q1,2023,Q1,2023-03-31,2023-03-31,5000000.0,147000000.0,32000000.0,0.0875,30000000.0,0.2040816327,4173000000.0,1470000000.0,1327000000.0,457000000.0,1853000000.0,3000000.0,1349000000.0,1679999995.8,2251999995.8,25.7250000643125,2.903719912472648,0.3167984663311766,0.8993197278911564,0.0031420604061113077,25.7250000643125,0.003401360544217687,11.4285714,83.99999979,1.14285714,0.0,39.0,0.0,0.03522645578720345,2.446389496717724,0.0011981787682722263,-54.1935482516129,0.20408163265306123,1.0056451612903226,-0.9913622902536351,0.370317062039654,0.6735432075695896,0.31331261217878564,1.005985579541768,-0.5751516841252772,-0.6874999967187501,0.5484550724385534,1.190977765453597,Utilities—Independent Power Producers,Utilities,KEN
2022Q4,2022,Q4,2022-12-31,2022-12-31,-835341000.0,144957000.0,75321000.0,-15.5,22843000.0,0.157584663,3772060000.0,1598485000.0,1061715000.0,192978000.0,1476142000.0,1928000.0,1504592000.0,1778205000.0,2443736000.0,29.664749002505335,5.501741131113391,0.31831466095449173,0.7511499951516593,0.026678336971989187,29.664749002505335,-0.522582945726735,12.267120594383162,-0.5321793734534759,1.1124314585373025,-9.337504085158037e-05,63.337136929460584,4.386445882223928e-05,0.03842913421313553,5.205261739680171,-0.22145485490686787,572.1380308880309,0.15758466303800436,-4.333333333333333,-4.27129926647801,1.1211118925448254,0.7229439070824202,-0.3077878787878788,-4.328051792828686,-0.7480903010033445,-36.40268526351788,0.621954077637465,1.5672405794625717,Utilities—Independent Power Producers,Utilities,KEN
2022Q3,2022,Q3,2022-09-30,2022-09-30,251000000.0,163000000.0,299000000.0,4.65,33000000.0,0.2024539877,4561000000.0,2433000000.0,1034000000.0,199000000.0,1451000000.0,4000000.0,2345000000.0,1849843023.65,2492843023.65,45.073505661838105,5.1959798994974875,0.2615654461740846,0.490341142622277,0.07705540678301356,45.073505661838105,0.10316481709823264,11.348730206441719,1.8424731311254983,0.7603136143238801,2.199203187250996,32.5,0.29840369855320287,0.0357377768033326,4.874371859296482,0.05503179127384346,17.95964100631068,0.20245398773006135,-0.05487804878048772,11.813953394169129,-0.719095712629551,2.2712461847822287,3.125,-0.052830188679245285,0.09523809523809523,7.773584897758159,0.5640434916556611,2.3304081440664013,Utilities—Independent Power Producers,Utilities,KEN
2022Q2,2022,Q2,2022-06-30,2022-06-30,265000000.0,121000000.0,273000000.0,4.92,8000000.0,0.0661157025,4666000000.0,2132000000.0,1299000000.0,733000000.0,2027000000.0,3000000.0,2042000000.0,2145853673.7600002,2514853673.76,39.58279217201642,1.7721691678035472,0.2584654950707244,0.5656660412757973,0.08024048930447035,39.58279217201642,0.12429643527204502,17.73432788231405,2.0243902582641513,1.0064979708067543,0.0,37.666666666666664,0.0,0.025932276039434207,1.7025920873124147,0.05679382768966995,4.624684641724138,0.06611570247933884,-0.5963904840032813,27.9411760080148,-0.7721612038406123,2.041450750290484,-0.7777777777777778,-0.5966514459665144,-0.6014598540145986,38.84615386150653,0.6264185100083605,2.741726807882534,Utilities—Independent Power Producers,Utilities,KEN
2022Q1,2022,Q1,2022-03-31,2022-03-31,657000000.0,146000000.0,685000000.0,12.19,36000000.0,0.2465753425,4520000000.0,2436000000.0,1291000000.0,193000000.0,1559000000.0,1000000.0,1778000000.0,3659433357.36,4211433357.36,45.2127703506976,6.689119170984456,0.28008849557522125,0.5197044334975369,0.1790400830662919,45.2127703506976,0.2697044334975369,25.06461203671233,1.3924784464840183,1.50223044226601,0.2876712328767123,110.0,0.051647340323844285,0.032300884955752215,6.466321243523316,0.14535398230088495,-53.035266048695654,0.2465753424657534,0.7564841498559076,33.08969638548215,-0.7378292778963876,2.5463777861722776,0.47850014374306954,0.7551967984355507,0.965442640636746,51.80868589287139,0.3968023613160519,2.5656758951654264,Utilities—Independent Power Producers,Utilities,KEN
2021Q4,2021,Q4,2021-12-31,2021-12-31,374317000.0,134763000.0,348522000.0,6.94,24349000.0,0.180680157,4068673000.0,1793688000.0,581593000.0,447285000.0,1788387000.0,1706000.0,1139775000.0,2830434757.5,3599946757.5,33.27001964997598,1.3002738745989693,0.3057645576334102,0.6935743562983083,0.1070765158972082,33.27001964997598,0.20868568000677934,21.003055419514258,1.8903995527186848,1.5779972645744411,0.0005583502753014157,64.72098475967175,7.384024643076408e-05,0.03312210148124462,1.2217333467475995,0.09199977486517102,105.44798291856047,0.18068015701639173,1.0115942028985507,8.96514510625077,-0.7316664690753725,1.5737294665965993,-0.35923684210526313,1.0124569892473119,14.153130434782609,7.058484573592465,0.5853019753259368,1.7638112421941947,Utilities—Independent Power Producers,Utilities,KEN
2021Q3,2021,Q3,2021-09-30,2021-09-30,186000000.0,133000000.0,23000000.0,3.45,38000000.0,0.2857142857142857,3867000000.0,1581000000.0,865000000.0,612000000.0,1857000000.0,0.0,942000000.0,2234156501.92,3066156501.92,29.32500026014113,1.4133986928104576,0.4021205068528575,0.9835547122074636,0.007618624516772665,29.32500026014113,0.11764705882352941,16.798169187368423,3.0028985240860213,1.4131287172169513,0.0,0.0,0.0,0.03439358675976209,1.3349673202614378,0.04809930178432894,101.55256826909091,0.2857142857142857,0.078125,4.833333343380376,-0.7379085800439069,1.178272986210576,2.1666666666666665,0.08139534883720931,1.8518518518518519,10.07894745803905,0.381262882543118,0.8984268977449427,Utilities—Independent Power Producers,Utilities,KEN
2021Q2,2021,Q2,2021-06-30,2021-06-30,172000000.0,105000000.0,-27000000.0,3.2,12000000.0,0.11428571428571428,3248000000.0,1390000000.0,644000000.0,220000000.0,1418000000.0,0.0,754000000.0,1857062499.9999998,2670062500.0,25.86046511627907,2.9272727272727272,0.3457512315270936,0.8079136690647482,-0.01127195836044242,25.86046511627907,0.1237410071942446,17.68630952380952,2.6992187499999996,1.3360161870503595,0.5813953488372093,0.0,0.053848483828627204,0.032327586206896554,1.8590909090909091,0.05295566502463054,-103.17013888888887,0.11428571428571428,-0.041916167664670566,1.6106870182995525,-0.7716305028766177,0.8923912823863763,-0.4782608695652174,-0.044444444444444446,-3.076923076923077,7.037735834482759,0.2724879302325581,0.7256177785592739,Utilities—Independent Power Producers,Utilities,KEN
2021Q1,2021,Q1,2021-03-31,2021-03-31,180000000.0,115000000.0,13000000.0,3.34,23000000.0,0.2,3160000000.0,1314000000.0,550000000.0,232000000.0,1389000000.0,0.0,682000000.0,1643712588.0,2270712588.0,24.381999804944,2.3706896551724137,0.34240506329113923,0.8234398782343988,0.005417275349290183,24.381999804944,0.136986301369863,14.293152939130435,2.28293415,1.2509228219178081,0.0,0.0,0.0,0.03639240506329114,2.1508620689655173,0.056962025316455694,-71.46576469565217,0.2,0.2337463647264757,5.985074595280398,-0.7277759605470783,0.2828967164567061,0.6141483612885115,0.24047248218543685,-0.6339884002477617,-0.6702862828578932,0.1366780650099857,0.5861741519345488,Utilities—Independent Power Producers,Utilities,KEN
2020Q4,2020,Q4,2020-12-31,2020-12-31,145106000.0,104470000.0,35518000.0,2.7072014925373136,14249000.0,0.13639322293481382,2482333000.0,1066823000.0,919788000.0,227937000.0,1206325000.0,0.0,459820000.0,1613536880.0,2264187880.0,19.903414179104477,4.035272904355151,0.3774010175105435,0.8781541080385405,0.018005361538032456,19.903414179104477,0.13601694001722872,15.44497827127405,2.779927914765757,1.512469153739655,0.8277741788761319,0.0,0.07444205427768097,0.04208540916951916,1.5055870701114782,0.058455493279910474,-103.2465369848989,0.13639322293481382,1.165761194029851,2.5275169862539135,-0.5963090348962623,0.15532806147754913,-0.40629166666666666,1.1657611940298507,1.3678666666666666,-0.42872535857245053,1.087749023157549,0.15600055092762585,Utilities—Independent Power Producers,Utilities,KEN
2020Q3,2020,Q3,2020-09-30,2020-09-30,67000000.0,117000000.0,15000000.0,1.25,24000000.0,0.20512820512820512,2033000000.0,960000000.0,501000000.0,149000000.0,987000000.0,0.0,355000000.0,1225296000.0,1576296000.0,17.91044776119403,3.3624161073825505,0.3851451057550418,0.815625,0.008110936682365254,17.91044776119403,0.06979166666666667,10.472615384615384,4.572,1.27635,0.0,0.0,0.0,0.057550418101328084,3.120805369127517,0.03295622233152976,51.054,0.20512820512820512,-0.7591522157996147,-0.5928338799735673,-0.6513742129727216,-0.18593170769918593,1.4,-0.7598566308243727,0.0,3.9069767391304344,-0.7969455053861129,0.29986525446039797,Utilities—Independent Power Producers,Utilities,KEN
2020Q2,2020,Q2,2020-06-30,2020-06-30,279000000.0,76000000.0,0.0,5.19,10000000.0,0.13157894736842105,1913000000.0,891000000.0,464000000.0,128000000.0,940000000.0,0.0,287000000.0,1029450858.7499999,1387450858.75,16.574516262697713,3.625,0.3951907997909043,0.8484848484848485,0.0,16.574516262697713,0.31313131313131315,13.54540603618421,0.922447006048387,1.155388169191919,0.0,0.0,0.0,0.03972817564035546,3.3515625,0.14584422373235756,60.55593286764705,0.13157894736842105,17.535714285714285,20.625000038153235,-0.7754357918890062,-0.32402669749459356,-0.5833333333333334,17.6,-1.0,29.529411739538265,-0.856616284006618,0.27354772507741926,Utilities—Independent Power Producers,Utilities,KEN
2020Q1,2020,Q1,2020-04-23,2020-03-31,15000000.0,89000000.0,22000000.0,0.28,24000000.0,0.2696629213483146,1550000000.0,629000000.0,293000000.0,164000000.0,840000000.0,0.0,6000000.0,763392863.25,1318392863.25,11.741333239402667,1.7865853658536586,0.4296774193548387,1.0588235294117647,0.01352805534204458,11.741333239402667,0.02384737678855326,8.577447901685392,12.7232143875,1.2136611498410175,0.0,0.0,0.0,0.05741935483870968,0.8536585365853658,0.00967741935483871,-95.42410790625,0.2696629213483146,1.6466363363432717,2.1111110724562443,-0.741009533163293,-0.5378839086378107,0.18249901458415452,1.6708707902857909,1.4433585073300754,1.7368421001052632,-0.839267286986842,-0.07903888531304414,Utilities—Independent Power Producers,Utilities,KEN
2019Q4,2019,Q4,2020-02-11,2019-12-31,-22359000.0,89473000.0,9004000.0,-0.43301,20296000.0,0.22683938171291898,1508374000.0,623352000.0,329543000.0,105005000.0,796586000.0,0.0,-10949000.0,1135369094.3999999,1616471094.3999999,11.555110666221777,3.138355316413504,0.4165114222334779,1.007865539855491,0.008392399671516991,11.555110666221777,-0.035868979324683324,12.689516327830741,-12.694766027103178,1.8213932006314248,-2.9146652354756473,0.0,0.05739895538942724,0.05931751674319499,2.235874482167516,-0.014823246754452145,-75.64084572951364,0.22683938171291898,-1.817,0.7206554642243719,-0.7696742432333258,-0.5633947603914295,-0.18816,-1.7985357142857143,-0.6895172413793104,0.5245103000168513,-0.8219545532749244,-0.10611027212119115,Utilities—Independent Power Producers,Utilities,KEN
2019Q3,2019,Q3,2019-10-10,2019-09-30,28000000.0,102000000.0,29000000.0,0.53,25000000.0,0.24509803921568626,1651000000.0,715000000.0,463000000.0,138000000.0,833000000.0,0.0,77000000.0,1049994723.3561,1465994723.3561,13.533928489258292,3.3550724637681157,0.3791641429436705,0.8755244755244755,0.012164429530201342,13.533928489258292,0.039160839160839164,10.294065915255882,9.374952887108037,1.46852408860993,0.0,0.0,0.0,0.061780738946093275,2.289855072463768,0.016959418534221685,34.99982411187,0.24509803921568626,5.076923076923077,-0.9571890150547213,-0.7232550409864532,0.0,0.9230769230769231,4.5,4.8,1.5888888816329365,-0.7948776348552321,0.005305731080500579,Utilities—Independent Power Producers,Utilities,KEN
2019Q2,2019,Q2,2019-07-22,2019-06-30,-8000000.0,85000000.0,5000000.0,-0.13,13000000.0,0.15294117647058825,1530000000.0,651000000.0,364000000.0,113000000.0,797000000.0,0.0,26000000.0,1320000009.8999999,1800000009.8999999,10.578749920659376,3.2212389380530975,0.403921568627451,0.9493087557603687,0.005516154452324665,10.578749920659376,-0.01228878648233487,15.529411881176468,-41.250000309375,2.0276497847926267,0.0,0.0,0.0,0.05555555555555555,2.1946902654867255,-0.00522875816993464,-440.00000329999995,0.15294117647058825,0.4583333333333333,0.9230769232015833,-0.7810631175637603,0.4177714269640762,-0.5517241379310345,0.3333333333333333,-0.7368421052631579,0.9751908400676493,-0.8385271343090003,-0.22587880618591807,Utilities—Independent Power Producers,Utilities,KEN
2019Q1,2019,Q1,2019-04-04,2019-03-31,-12000000.0,97000000.0,19000000.0,-0.24,29000000.0,0.29896907216494845,1489000000.0,634000000.0,345000000.0,114000000.0,788000000.0,0.0,16000000.0,983000000.0,1425000000.0,12.68,3.026315789473684,0.4049697783747482,0.9511041009463722,0.09215844785772029,12.68,-0.01892744479495268,10.1340206185567,-20.479166666666668,1.550473186119874,0.0,0.0,0.0,0.0651443922095366,2.1491228070175437,-0.008059100067159167,25.205128205128204,0.29896907216494845,0.7905740887791343,0.4782608683189012,-0.5651799118910182,0.0,3.3361244019138754,0.8057843883017464,3.0227829234536356,0.6417910441800483,-0.7525107124773617,-0.3328221435974048,Utilities—Independent Power Producers,Utilities,KEN
2018Q4,2018,Q4,2019-01-02,2018-12-31,-61787000.0,85012000.0,-9393000.0,-1.14599,6688000.0,0.0786712464122712,1455118000.0,649023000.0,327715000.0,89918000.0,739400000.0,0.0,28917000.0,795256870.0,1250603870.0,12.037732223551869,3.6445984118863852,0.40303947858524186,0.9036197484526742,-0.0076647925422823095,12.037732223551869,-0.09520001602408543,9.354642521055851,-3.2177354055060126,1.2253138486617579,-1.614967549808212,0.0,0.1254739239159292,0.05842275334371508,2.502646856024378,-0.04246184845490194,5.982388646912354,0.0786712464122712,-2.015763157894737,0.22762403202033393,-0.7810350613578464,-0.5451590976820854,-0.73248,-2.08935,-1.4943684210526316,0.35338292695567114,-0.6734219067854713,-0.3012490365083808,Utilities—Independent Power Producers,Utilities,KEN
2018Q3,2018,Q3,2018-11-14,2018-09-30,-20000000.0,94000000.0,19000000.0,-0.38,25000000.0,0.26595744680851063,1661000000.0,813000000.0,367000000.0,105000000.0,778000000.0,0.0,191000000.0,889473685.0999999,1222473685.1,15.446999984553,3.4952380952380953,0.3660445514750151,0.7478474784747847,0.021011360209108276,15.446999984553,-0.024600246002460024,9.462486011702127,-11.11842106375,1.094063573308733,0.0,0.0,0.0,0.056592414208308246,3.295238095238095,-0.012040939193257074,0.0,0.26595744680851063,0.28301886792452835,-1.0306946686069978,-0.7439981135676048,0.0,0.9230769230769231,0.3103448275862069,1.375,-1.123778500364257,-0.7147537853980107,-0.29790069649506984,Utilities—Independent Power Producers,Utilities,KEN
2018Q2,2018,Q2,2018-07-19,2018-06-30,-29000000.0,84000000.0,8000000.0,-0.53,13000000.0,0.15476190476190477,1769000000.0,820000000.0,478000000.0,234000000.0,882000000.0,0.0,211000000.0,820754715.0,1034754715.0,14.986206932725327,2.0427350427350426,0.3634821933295647,0.7841463414634147,0.005663509422907919,14.986206932725327,-0.03536585365853658,9.770889464285714,-7.075471681034482,1.0009203841463414,0.0,0.0,0.0,0.047484454494064444,1.9658119658119657,-0.01639344262295082,0.0,0.15476190476190477,-1.0523198420533069,0.6863905299435495,-0.7566654366623979,1.0084618832226433,-0.5666666666666667,-1.0532110091743119,-0.6521739130434783,-3.208333324750841,-0.7561510182640802,-0.38880413571147415,Utilities—Independent Power Producers,Utilities,KEN
2018Q1,2018,Q1,2018-04-02,2018-03-31,545000000.0,101000000.0,23000000.0,10.13,30000000.0,0.297029702970297,1824000000.0,827000000.0,510000000.0,253000000.0,922000000.0,0.0,240000000.0,874259620.0,1089259620.0,15.371578067393756,2.015810276679842,0.3673245614035088,0.8101571946795647,0.015198856494350708,15.371578067393756,0.6590084643288996,8.656035841584158,0.4010365229357798,1.0571458524788393,1.2201834862385321,0.0,0.7606436175103226,0.05537280701754386,1.9367588932806323,0.2987938596491228,-5.828397466666667,0.297029702970297,1.1375592154545744,23.02173930587657,-0.5792324986016637,0.0,1.1039738817609017,1.014117299235005,1.094374848692498,111.55555568535495,-0.7073413787247124,-0.39500451697135014,Utilities—Independent Power Producers,Utilities,KEN
2017Q4,2017,Q4,2018-01-02,2017-12-31,270590000.0,-1268296000.0,-243709000.0,4.73905,-288534000.0,-0.22749736654534902,2525857000.0,983118000.0,1504641000.0,806322000.0,1474510000.0,0.0,-305337000.0,1236215000.0,855326000.0,17.217478108581435,1.8660547523197928,0.4103553764128373,1.0542976529775674,-0.128388802014912,17.217478108581435,0.27523654332440256,-0.9747054315396406,1.1421477142540375,1.257443155348595,0.0,0.0,0.0,-0.5021250213293943,1.8519536859964134,0.1071279965572081,17.451297326293798,0.22749736654534902,12.021046511627906,4.193910095222884,-4.084567440265007,-0.34944446901515847,-3.466102564102564,12.764782608695652,-3.833825581395349,4.193910095222884,-4.084567440265007,-0.34944446901515847,Utilities—Independent Power Producers,Utilities,KEN
2017Q3,2017,Q3,2017-10-26,2017-09-30,-23000000.0,575000000.0,86000000.0,-0.43,117000000.0,0.20347826086956522,5359000000.0,737000000.0,1054000000.0,664000000.0,4368000000.0,83000000.0,-637000000.0,849395347.36,3920395347.36,13.778695676136863,1.5873493975903614,0.6659824594140697,4.842605156037992,0.03533531030047518,13.778695676136863,-0.031207598371777476,1.4772092997565218,-9.232558123478261,1.1525038634464044,0.0,5.518072289156627,0.0,0.1072961373390558,1.4021084337349397,-0.004291845493562232,-40.447397493333334,0.20347826086956522,-3.529411764705882,-1.0347334408872684,0.5408848189733434,0.0,0.017391304347826087,-3.5555555555555554,-0.25862068965517243,-1.0347334408872684,0.5408848189733434,0.0,Utilities—Independent Power Producers,Utilities,KEN
2017Q2,2017,Q2,2017-07-13,2017-06-30,9000000.0,522000000.0,116000000.0,0.17,115000000.0,0.22030651340996169,5211000000.0,689000000.0,884000000.0,761000000.0,4306000000.0,82000000.0,-614000000.0,714705876.0,3840705876.0,13.014444560128396,1.161629434954008,0.6701208981001727,5.068214804063861,0.011204533328427134,13.014444560128396,0.013062409288824383,1.3691683448275862,19.852940999999998,1.0373089637155297,0.0,4.963414634146342,0.0,0.1001727115716753,0.9198423127463863,0.0017271157167530224,16.243315363636363,0.22030651340996169,1.4473684210526316,1.1005917174619007,0.5628725402355164,0.7442049177402247,-0.08,1.45,0.38095238095238093,1.1005917174619007,0.5628725402355164,0.7442049177402247,Utilities—Independent Power Producers,Utilities,KEN
2017Q1,2017,Q1,2017-04-06,2017-03-31,-20000000.0,544000000.0,84000000.0,-0.38,125000000.0,0.22977941176470587,5185000000.0,671000000.0,869000000.0,1041000000.0,4296000000.0,89000000.0,-622000000.0,609473684.82,3674473684.82,12.748999987251,0.834774255523535,0.654387656702025,5.0566318926974665,-0.022965879265091867,12.748999987251,-0.029806259314456036,1.120356038272059,-7.61842106025,0.9083065347540983,0.0,4.707865168539326,0.0,0.10491803278688525,0.6983669548511047,-0.003857280617164899,10.157894747,0.22977941176470587,0.5693333333333334,0.1739130423310139,1.3166497042268737,0.0,0.4260127542580741,0.5646211115223023,0.5207748710057029,0.1739130423310139,1.3166497042268737,0.0,Utilities—Independent Power Producers,Utilities,KEN
2016Q4,2016,Q4,2017-01-17,2016-12-31,-45937000.0,490922000.0,55235000.0,-0.8823529411764706,87657000.0,0.17855586019775035,5137793000.0,681241000.0,853603000.0,1044763000.0,4243589000.0,91659000.0,-602598000.0,613807440.0,3599581440.0,12.926774193548388,0.8170302738515817,0.6447143744405428,4.862315979220276,0.02558251113760693,12.926774193548388,-0.06743134955177389,1.2503156102191386,-3.340485012081764,0.9010136500885882,0.0,4.39962251388298,0.0,0.09555114423644549,0.7017409690044536,-0.0089409985960898,-276.988916967509,0.17855586019775035,0.019607843137254954,0.4125119097521397,0.2936346365674038,-0.5115670020678834,-0.14896116504854368,0.042979166666666666,-0.21092857142857144,0.4125119097521397,0.2936346365674038,-0.5115670020678834,Utilities—Independent Power Producers,Utilities,KEN
2016Q3,2016,Q3,2016-10-07,2016-09-30,-48000000.0,502000000.0,70000000.0,-0.9,103000000.0,0.2051792828685259,5263000000.0,718000000.0,956000000.0,1043000000.0,4329000000.0,87000000.0,-556000000.0,602666662.9000001,3502666662.9,13.462500084140625,0.9165867689357622,0.6367091012730381,4.667130919220056,0.030822478905545996,13.462500084140625,-0.06685236768802229,1.200531200996016,-3.1388888692708337,0.8393686112813371,0.0,4.586206896551724,0.0,0.09538286148584457,0.7737296260786194,-0.009120273608208246,18.131856998014324,0.2051792828685259,0.8282442748091603,-1.0726978998594228,0.34917008595445076,0.0,0.32474180396393615,0.8294079389280421,3.205975040968108,-1.0726978998594228,0.34917008595445076,0.0,Utilities—Independent Power Producers,Utilities,KEN
2016Q2,2016,Q2,2016-08-29,2016-06-30,-281373000.0,459329000.0,-31732000.0,-5.24,77751000.0,0.16927082766383136,5054882000.0,733798000.0,809868000.0,955218000.0,4111522000.0,86286000.0,-508649000.0,548247768.7700001,3453153768.77,13.6654957972899,0.8478357819890329,0.6342337961598312,4.369018449218995,-0.008327074317005143,13.6654957972899,-0.3834474882733395,1.1935840514533158,-0.48711831694050245,0.7471371804910889,0.0,4.422246946202165,0.0,0.09086839218007463,0.6833351130317896,-0.055663613908296966,-10.730179057619292,0.16927082766383136,-6.82089552238806,-2.100591757567357,0.3558741371148082,0.831459257663184,-0.10953444425356468,-6.803561028371745,-1.5437938066594692,-2.100591757567357,0.3558741371148082,0.831459257663184,Utilities—Independent Power Producers,Utilities,KEN
2016Q1,2016,Q1,2016-04-06,2016-03-31,-36057000.0,421852000.0,58353000.0,-0.67,87315000.0,0.20698017314129125,5277158000.0,1022804000.0,827730000.0,922212000.0,4025576000.0,54227000.0,-227349000.0,427840523.1,3325463523.1,19.005426931238716,0.8975485029472616,0.6227113154466855,3.212879495973813,0.023314775171715013,19.005426931238716,-0.035253088568288744,1.0141957916520485,-2.966417915383975,0.418301574006359,0.0,6.169196156896011,0.0,0.07993924002275467,0.7721922941796463,-0.006832655001044122,-3.9562113764980027,0.20698017314129125,0.6839816426351215,-0.4565217401860356,0.7569248853617878,0.0,0.4589703744548599,0.6697260311615509,1.210592112740084,-0.4565217401860356,0.7569248853617878,0.0,Utilities—Independent Power Producers,Utilities,KEN
2015Q4,2015,Q4,2016-01-06,2015-12-31,-109173000.0,297412000.0,26397000.0,-2.12013,59847000.0,0.20122590884026198,4482777000.0,1061214000.0,915465000.0,653386000.0,3219222000.0,50351000.0,-191292000.0,617232000.0,2950857000.0,17.2275,1.4011089922342994,0.6062264529330814,2.5608199665665925,0.008450974725344439,17.2275,-0.10287557457779486,2.075343294823343,-1.413426396636531,0.5816282107096212,0.0,4.718178387718218,0.0,0.06634548182967834,1.273446324224884,-0.024353877072180927,-11.908548937894311,0.20122590884026198,-1.6905960912052118,-0.19448743340978225,-0.3295173706023327,-0.3490657958522156,-0.10104545317992009,-1.661867145204217,-0.8946811948659227,-0.19448743340978225,-0.3295173706023327,-0.3490657958522156,Utilities—Independent Power Producers,Utilities,KEN
2015Q3,2015,Q3,2015-10-27,2015-09-30,164947000.0,336409000.0,250639000.0,3.07,66574000.0,0.19789601348358693,4469287000.0,1182093000.0,884071000.0,461289000.0,3080304000.0,55158000.0,-69461000.0,708681078.16,2795534078.16,22.00116124234915,1.9165230473737722,0.5756260450492439,2.1763414553677247,0.06312636691499761,22.00116124234915,0.1395380904886502,2.106605584749516,1.0741042246297294,0.5995138099624987,0.0,4.892037419775916,0.0,0.07527129047653462,1.691247786095051,0.03690678177525856,11.632978958634274,0.19789601348358693,11.791666666666668,-0.7520193852997973,-0.1025231069600673,0.0,-0.4574069244311143,11.98999842494881,1.358688901018238,-0.7520193852997973,-0.1025231069600673,0.0,Utilities—Independent Power Producers,Utilities,KEN
2015Q2,2015,Q2,2015-07-07,2015-06-30,12698000.0,333089000.0,106262000.0,0.24,122696000.0,0.3683580064187049,4631582000.0,1297285000.0,1041503000.0,455837000.0,3121677000.0,56784000.0,7499000.0,1052875826.6999999,3232581826.7,24.51948353768772,2.2848145280001404,0.5700374083844354,2.035154187399068,0.01406218964233257,24.51948353768772,0.009788134450024475,3.160944452383597,20.72916653606867,0.811599476367953,0.0,3.7051458157227386,0.0,0.07191689578204596,1.8598512187470522,0.0027416118293922035,-6.7236026073795925,0.3683580064187049,1.6666666666666667,1.1420118360491769,-0.002109577799569854,2.2861182487885965,0.8540020248114961,1.80929203539823,0.4647332074379368,1.1420118360491769,-0.002109577799569854,2.2861182487885965,Utilities—Independent Power Producers,Utilities,KEN
2015Q1,2015,Q1,2015-04-30,2015-03-31,4520000.0,322158000.0,72547000.0,0.09,66179000.0,0.20542404658583677,4364562000.0,1276034000.0,993852000.0,508854000.0,2892198000.0,59463000.0,-6633000.0,956637906.8782,2844126906.8782,25.407756749591844,1.9531181832116875,0.5439941052504238,1.860683962966504,0.009344679953088042,25.407756749591844,0.003542225363900962,2.969468108438096,52.911388654767705,0.749696251728559,0.0,4.3048450296823235,0.0,0.07381221758334514,1.6981707916219584,0.0010356136537870238,-10.069236752186178,0.20542404658583677,1.0422576873776288,1.1956521752461298,0.437741692231044,0.0,0.047799240025332486,1.0648168064816808,13.70646665315224,1.1956521752461298,0.437741692231044,0.0,Utilities—Independent Power Producers,Utilities,KEN
2014Q4,2014,Q4,2014-12-31,2014-12-31,-69735000.0,338445000.0,4933000.0,-2.12979,63160000.0,0.18661820975343113,4336569000.0,1243893000.0,1136061000.0,496787000.0,2880978000.0,55335000.0,0.0,895350000.0,2662652000.0,26.465808510638297,2.286817086598482,0.5482117314402238,1.9112238753654855,0.0013539307556254079,26.465808510638297,-0.05606189599909317,2.645481540575278,-3.209830070983007,0.7197966384568448,0.0,4.974880274690522,0.0,0.07804441714175422,2.0892857502309843,-0.016080684983912397,-15.309577142075474,0.18661820975343113,-1.172034733441034,0.0,0.0,0.0,-0.23541588485237327,-1.1055139293214788,-0.9771344077797709,0.0,0.0,0.0,Utilities—Independent Power Producers,Utilities,KEN
2014Q3,2014,Q3,2014-09-30,2014-09-30,660908000.0,372442000.0,215739000.0,12.38,82607000.0,0.22179829342555352,,,,,,,,1016986859.85,,,0.0,0.0,0.0,0.0,,0.0,2.7305912325946053,0.38469305101844736,0.0,0.0,0.0,0.0,0.0,0.0,0.0,781.0958985023042,0.22179829342555352,8.325443786982248,0.0,0.0,0.0,0.24153841529397618,8.3316101835931,2.23001257635645,0.0,0.0,0.0,Utilities—Independent Power Producers,Utilities,KEN
2014Q2,2014,Q2,2014-06-30,2014-06-30,-90145000.0,336518000.0,66792000.0,-1.69,66536000.0,0.1977189927433302,6491000000.0,398000000.0,1587000000.0,3110000000.0,6093000000.0,180000000.0,0.0,1016131514.85,3594131514.85,7.4615341510387365,0.5102893890675241,0.37467262363272225,6.110552763819095,-0.07901769376945991,7.4615341510387365,-0.22649497487437187,3.0195458039391654,-2.818047353846581,2.5530942584170857,0.0,1.4999,0.0,0.0518437837005084,0.329903536977492,-0.013887690648590356,60.012492018072294,0.1977189927433302,-2.6739130434782608,0.0,0.0,0.0,-0.15080661629569123,-1.6916990146312332,-0.22911256535438523,0.0,0.0,0.0,Utilities—Independent Power Producers,Utilities,KEN
2014Q1,2014,Q1,2014-03-31,2014-03-31,-33490000.0,324825000.0,86643000.0,-0.46,78352000.0,0.24121296082505964,,,,,,,,1386922829.4,,,0.0,0.0,0.0,0.0,,0.0,4.269753957977373,-10.353260894296804,0.0,0.0,0.0,0.0,0.0,0.0,0.0,99.45663889566154,0.24121296082505964,0.0,0.0,0.0,0.0,0.0,0.0,0.0,0.0,0.0,0.0,Utilities—Independent Power Producers,Utilities,KEN
