Quarters,Year,Quarter,FillingDate,Date,NetIncome,Revenue,OperatingIncome,EPSDiluted,GrossProfit,GrossProfitRatio,TotalAssets,CommonStockEquity,CurrentAssets,CurrentLiability,TotalLiability,Inventory,RetainedEarnings,MarketCap,EnterpriseValue,bookValuePerShare,currentRatio,debtToAssets,debtToEquity,roic,shareholdersEquityPerShare,roe,priceToSalesRatio,peRatio,pbRatio,payoutRatio,inventoryTurnover,dividendYield,assetTurnover,quickRatio,returnOnAssets,priceToFreeCashFlowsRatio,grossProfitMargin,epsdilutedGrowth,fiveYNetIncomeGrowthPerShare,fiveYRevenueGrowthPerShare,fiveYShareholdersEquityGrowthPerShare,grossProfitGrowth,netIncomeGrowth,operatingIncomeGrowth,threeYNetIncomeGrowthPerShare,threeYRevenueGrowthPerShare,threeYShareholdersEquityGrowthPerShare,Industry,Sector,Symbol
2023Q1,2023,Q1,2023-03-09,2023-03-31,1799000000.0,9548000000.0,2450000000.0,1.62,2714000000.0,0.2842480101,75260000000.0,38585000000.0,6205000000.0,7504000000.0,36675000000.0,1920000000.0,27882000000.0,82362740790.7395,94294740790.7395,35.062514596129084,0.8268923240938166,0.1597661440340154,0.31162368796164314,0.03806391646252145,35.062514596129084,0.046624335881819357,8.62617729270418,11.445628236623055,2.1345792611309964,0.5214007782101168,3.559375,0.011388644804611268,0.12686686154663832,0.5301172707889126,0.02390380015944725,1247.9203150112046,0.28424801005446165,0.19117647058823528,2.4367053104198715,0.8542089520010631,0.34182379985881894,0.6448484848484849,0.18355263157894736,1.147239263803681,2.5087007151831595,1.2066459747898075,0.24718277296118613,Oil & Gas E&P,Energy,CNQ
2022Q4,2022,Q4,2022-12-31,2022-12-31,1520000000.0,11012000000.0,1141000000.0,1.36,1650000000.0,0.149836542,76142000000.0,38175000000.0,7057000000.0,8651000000.0,37967000000.0,1815000000.0,27672000000.0,83148381897.588,93673381897.588,34.51496416953425,0.8157438446422379,0.15031126053951827,0.29980353634577606,0.026279725916968963,34.51496416953425,0.0398166339227243,7.550706674317835,13.675720706840131,2.178084660054695,0.5486842105263158,5.158126721763085,0.010030261334817304,0.1446245173491634,0.5740376835047971,0.019962701268682197,25.044693342646987,0.14983654195423174,-0.4538152610441767,3.233392674970843,1.2816545347108936,0.33016133594505725,-0.6483375959079284,-0.4598436389481166,-0.7475663716814159,1.7265050321117719,0.8614725239820602,0.16831442317719175,Oil & Gas E&P,Energy,CNQ
2022Q3,2022,Q3,2022-09-30,2022-09-30,2814000000.0,12574000000.0,4520000000.0,2.49,4692000000.0,0.3731509464,77479000000.0,38139000000.0,7150000000.0,9125000000.0,39340000000.0,1836000000.0,27747000000.0,71242299886.0405,83626299886.0405,34.09173186784504,0.7835616438356164,0.16712915757818247,0.3395212249927895,0.0661269734716006,34.09173186784504,0.07378274207504129,5.665842205029465,6.329273266350436,1.8679645477343534,0.8997867803837953,4.293028322440088,0.03554068304996046,0.16228913641115658,0.5347945205479452,0.03631951883736238,14.346012864687978,0.3731509463973278,-0.16999999999999993,3.4703771169947206,2.0048629702080776,0.3223923777485662,-0.0876920085553179,-0.19645916619074813,-0.10192727995231472,1.9038058314957031,1.023017856423067,0.16165954743537786,Oil & Gas E&P,Energy,CNQ
2022Q2,2022,Q2,2022-06-30,2022-06-30,3502000000.0,13812000000.0,5033000000.0,3.0,5143000000.0,0.3723573704,78166000000.0,39340000000.0,7933000000.0,9317000000.0,38826000000.0,1917000000.0,28943000000.0,79001845629.4496,91370845629.4496,34.17567897448639,0.8514543307931738,0.16122099122380576,0.32033553634977124,0.07487459789065426,34.17567897448639,0.08901881037112354,5.719797685306227,5.639766249960708,2.008181129370859,0.24871501998857795,4.522170057381325,0.011025058883881523,0.17670086738479646,0.6026618010089084,0.04480208786428882,17.486021608997255,0.3723573704025485,0.14068441064638787,2.264588798554212,2.5148176465349996,0.2687497474057898,0.07706806282722513,0.1293131247984521,0.23782587309394984,0.28223271515450227,1.4138997326533012,0.1897621379813427,Oil & Gas E&P,Energy,CNQ
2022Q1,2022,Q1,2022-03-31,2022-03-31,3101000000.0,12132000000.0,4066000000.0,2.63,4775000000.0,0.3935872074,78012000000.0,38490000000.0,7216000000.0,9671000000.0,39522000000.0,1696000000.0,28064000000.0,90243059613.7014,104025059613.7014,33.04449803527322,0.7461482783579775,0.17826744603394348,0.36131462717588986,0.05902309881873952,33.04449803527322,0.08056638087815017,7.438432213460386,7.275319220711174,2.3445845573837722,0.22218639148661723,4.337853773584905,0.00763493617070792,0.15551453622519612,0.5401716471926378,0.03975029482643696,60.810687071227356,0.39358720738542696,0.22897196261682232,11.093674939912681,1.9937784807903263,0.39426434389350357,0.2545980031529165,0.22375690607734808,0.13543702876291538,2.3270078822551556,1.2574581231165969,0.22984764554559636,Oil & Gas E&P,Energy,CNQ
2021Q4,2021,Q4,2021-12-31,2021-12-31,2534000000.0,10190000000.0,3581000000.0,2.14,3806000000.0,0.3735034347,76665000000.0,36945000000.0,5942000000.0,7422000000.0,39720000000.0,1548000000.0,26778000000.0,63250911856.47,78784911856.47,31.45103828011472,0.8005928321207222,0.21232635492075916,0.44060089321965085,0.048553497805977335,31.45103828011472,0.06858844227906347,6.207155236159961,6.24022413737865,1.7120290122200568,0.21783741120757696,4.124031007751938,0.008727146910586956,0.13291593295506424,0.561034761519806,0.03305289245418379,20.05418892088459,0.37350343473994113,0.15053763440860216,3.219763585327429,1.615588698377379,0.3256935323415577,0.27248411902373787,0.15077202543142598,0.2789285714285714,4.349735622028004,1.7285233481451137,0.18528924205484693,Oil & Gas E&P,Energy,CNQ
2021Q3,2021,Q3,2021-09-30,2021-09-30,2202000000.0,8521000000.0,2800000000.0,1.86,2991000000.0,0.3510151390681845,75291000000.0,35526000000.0,5958000000.0,6535000000.0,39765000000.0,1235000000.0,25632000000.0,54321031688.4774,70201031688.4774,30.11691221538094,0.9117061973986228,0.22278891235340215,0.4721612340257839,0.041968352203073024,30.11691221538094,0.06198277318020605,6.3749597099492314,6.167237930117778,1.5290500390834147,0.25340599455040874,4.477732793522267,0.010272264400279481,0.11317421736993798,0.6696250956388676,0.02924652348886321,16.297939300473267,0.3510151390681845,0.4307692307692308,7.310903617989102,2.214077848928865,0.2943519318389874,0.5892667375132837,0.4197292069632495,0.7369727047146402,0.262564005490201,0.39150126888606424,0.09921273133623336,Oil & Gas E&P,Energy,CNQ
2021Q2,2021,Q2,2021-06-30,2021-06-30,1551000000.0,7124000000.0,1612000000.0,1.3,1882000000.0,0.26417742841100506,75027000000.0,34207000000.0,5484000000.0,7061000000.0,40820000000.0,1214000000.0,24390000000.0,53486783484.264,71649783484.264,28.85933615174542,0.7766605296700184,0.2443253761979021,0.5358844680913263,0.02383006539959545,28.85933615174542,0.04534159674920338,7.507970730525548,8.621338408166345,1.5636209981659894,0.3591231463571889,4.317957166392092,0.01041378755115965,0.09495248377250856,0.5411414813765756,0.0206725578791635,31.537018563834906,0.26417742841100506,0.12068965517241391,5.236617325229954,1.455981215168281,0.21739503109637529,-0.008429926238145416,0.12636165577342048,-0.009828009828009828,0.6336896901475564,0.15334777186088694,0.09167110450461483,Oil & Gas E&P,Energy,CNQ
2021Q1,2021,Q1,2021-03-31,2021-03-31,1377000000.0,7019000000.0,1628000000.0,1.16,1898000000.0,0.2704088901552928,75127000000.0,33231000000.0,4853000000.0,5999000000.0,41896000000.0,1088000000.0,23567000000.0,45915799825.602,65758799825.602,28.030004613888394,0.8089681613602268,0.2663356715960973,0.6021185038066865,0.024841658743509108,28.030004613888394,0.04143721224158166,6.541644084000854,8.336201856499999,1.38171586246583,0.36528685548293394,4.7068014705882355,0.010954834760812212,0.09342846113913773,0.5619269878313052,0.01832896295606107,25.57983277192312,0.2704088901552928,0.8412698412698412,13.111691646211039,1.8645133643393097,0.1368525893397396,3.1806167400881056,0.8384512683578104,8.410404624277456,1.4417448190814743,0.2652510592860365,0.0726933802180936,Oil & Gas E&P,Energy,CNQ
2020Q4,2020,Q4,2020-12-31,2020-12-31,749000000.0,5219000000.0,173000000.0,0.63,454000000.0,0.086989844797854,75276000000.0,32380000000.0,4361000000.0,5078000000.0,42896000000.0,1060000000.0,22766000000.0,36245561103.128,57514561103.128,27.39498869681751,0.8588026782197715,0.28499123226526385,0.6625386040765905,0.0030643431417287023,27.39498869681751,0.023131562693020382,6.944924526370569,12.097984346838452,1.1193811335122916,0.6702269692923899,4.495283018867925,0.013849971823354592,0.06933152664859982,0.588420638046475,0.009950050480896967,66.75057293393738,0.086989844797854,0.8000000000000002,4.294582005449212,0.6310857841836438,0.09508718411855942,-0.08282828282828283,0.8357843137254902,-0.5207756232686981,0.9520578489571304,0.011898338200844006,0.055766843163153244,Oil & Gas E&P,Energy,CNQ
2020Q3,2020,Q3,2020-09-30,2020-09-30,408000000.0,4676000000.0,361000000.0,0.35,495000000.0,0.10585970915312233,73730000000.0,32166000000.0,4035000000.0,4156000000.0,41564000000.0,1083000000.0,22520000000.0,25146097766.2248,46847097766.2248,27.235179662773508,0.9708854667949952,0.2967041909670419,0.6800969968289499,0.006535817199465697,27.235179662773508,0.01268420070882298,5.377694133067751,15.408148141069118,0.7817601742903936,1.2303921568627452,3.860572483841182,0.019963336047880385,0.06342058863420588,0.5712223291626564,0.005533704055337041,18.395097122329773,0.10585970915312233,2.346153846153846,4.406007986232635,0.3066776363134192,0.08445065135819539,1.707142857142857,2.3161290322580643,1.4187935034802783,-0.38604907793451365,0.05847143662892287,0.05643192702198793,Oil & Gas E&P,Energy,CNQ
2020Q2,2020,Q2,2020-08-06,2020-06-30,-310000000.0,2944000000.0,-862000000.0,-0.26,-700000000.0,-0.23777173913043478,74745000000.0,32333000000.0,4067000000.0,4917000000.0,42412000000.0,1095000000.0,22614000000.0,27999765996.825,50786765996.825,27.379384804284776,0.8271303640431157,0.3079804669208643,0.7119661027433273,-0.00794006790864756,27.379384804284776,-0.009587727708533078,9.510790080443275,-22.58045644905242,0.8659810718716173,-1.6193548387096774,3.3278538812785388,0.01792872126348926,0.03938724998327647,0.5419971527354077,-0.00414743461101077,-38.25104644375,-0.23777173913043478,0.7592592592592593,0.2908167979850488,-0.25514586121944066,0.07863616562541166,-2.888888888888889,0.7581903276131046,-6.367521367521367,-1.2816883757641286,-0.2697376312184743,0.0164417678576431,Oil & Gas E&P,Energy,CNQ
2020Q1,2020,Q1,2020-05-07,2020-03-31,-1282000000.0,4652000000.0,-117000000.0,-1.08,-180000000.0,-0.03869303525365434,76079000000.0,33262000000.0,4184000000.0,6304000000.0,42817000000.0,940000000.0,23425000000.0,22724038197.454002,44340038197.454,28.113373080739525,0.6637055837563451,0.2982031835329066,0.682069629006073,-0.001860448178312089,28.113373080739525,-0.03854248090914557,4.884788950441531,-4.431364703091654,0.6831831578814864,-0.3463338533541342,5.140425531914894,0.019538780745833532,0.06114696565412269,0.4468591370558376,-0.016850904980349374,23.28282602198156,-0.03869303525365434,-3.16,-3.6969279060336913,0.33137915415092656,0.08075463961801237,-1.1398601398601398,-3.147403685092127,-1.1192660550458715,-5.922184618621093,0.1301609977201824,0.18620272673560928,Oil & Gas E&P,Energy,CNQ
2019Q4,2019,Q4,2020-02-24,2019-12-31,597000000.0,6335000000.0,981000000.0,0.5,1287000000.0,0.20315706393054458,78121000000.0,34991000000.0,4487000000.0,6637000000.0,43130000000.0,1152000000.0,25424000000.0,50043315989.548004,72928315989.548,29.542530234003248,0.676058460147657,0.2947222897812368,0.6579977708553628,0.011863364839898447,29.542530234003248,0.01706153010774199,7.899497393772377,20.956162474685094,1.4301767880182905,0.7437185929648241,4.381944444444445,0.008872313739016284,0.08109215191817822,0.4681331927075486,0.007641991269953022,33.767419696051284,0.20315706393054458,-0.42528735632183906,-0.540798243374021,0.20362419230663298,0.11604012134254489,-0.3296875,-0.4186952288218111,-0.4451357466063348,-0.014020560576892962,0.612701186483382,0.24524796006448968,Oil & Gas E&P,Energy,CNQ
2019Q3,2019,Q3,2019-11-07,2019-09-30,1027000000.0,6587000000.0,1768000000.0,0.87,1920000000.0,0.2914832245331714,78532000000.0,34794000000.0,4678000000.0,7855000000.0,43738000000.0,1151000000.0,25382000000.0,41714815586.2375,64027815586.2375,29.34743827751438,0.5955442393380013,0.28636734070187947,0.646347071334138,0.02323874012766681,29.34743827751438,0.02951658331896304,6.33290049889745,10.154531544848467,1.1989083056342331,0.4352482960077897,4.054735013032146,0.010715617310495163,0.08387663627565833,0.40076384468491405,0.013077471603932155,25.78171544266842,0.2914832245331714,-0.6313559322033898,-0.08945245606251624,0.12995489785492575,0.14741087446656603,0.11239860950173812,-0.6372306605439774,0.10293200249532128,3.9285077903889007,1.4720383106999548,0.2612818059623817,Oil & Gas E&P,Energy,CNQ
2019Q2,2019,Q2,2019-08-01,2019-06-30,2831000000.0,5931000000.0,1603000000.0,2.36,1726000000.0,0.2910133198448828,78955000000.0,34274000000.0,4645000000.0,7900000000.0,44681000000.0,1189000000.0,24927000000.0,42260646927.712494,65369646927.712494,28.724799591010616,0.5879746835443038,0.297726553099867,0.6858551671821206,0.05067066917297851,28.724799591010616,0.08259905467701464,7.125383059806524,3.7319539851388646,1.233023485082351,0.1586012009890498,3.5365853658536586,0.010624541568613978,0.07511873852194288,0.3884810126582279,0.03585586726616427,21.19390517939443,0.2910133198448828,1.9499999999999997,1.4247994868364373,-0.11081266551784118,0.1538478602050145,0.2189265536723164,1.9458896982310094,0.29274193548387095,8.68189161249749,1.0311870534937448,0.2117197744072348,Oil & Gas E&P,Energy,CNQ
2019Q1,2019,Q1,2019-04-15,2019-03-31,961000000.0,5541000000.0,1240000000.0,0.8,1416000000.0,0.255549539794261,73968000000.0,32268000000.0,4263000000.0,5611000000.0,41700000000.0,1072000000.0,22852000000.0,44684846042.575195,65584846042.575195,26.868773668801648,0.7597576189627517,0.28377136058836255,0.6504896491880501,0.01834004465734079,26.868773668801648,0.029781827197223255,8.064401018331564,11.624569730118418,1.3848037077778355,0.41935483870967744,3.84794776119403,0.009018717433109792,0.07491077222582739,0.5214756727855997,0.012992104693921695,351.84918143759995,0.255549539794261,2.25,0.40219045951554644,0.012233177476588992,0.11193589308058297,13.102564102564102,2.23840206185567,12.69811320754717,9.344307322611963,1.2323372103426715,0.08975490152526135,Oil & Gas E&P,Energy,CNQ
2018Q4,2018,Q4,2019-02-05,2018-12-31,-776000000.0,3831000000.0,-106000000.0,-0.64,-117000000.0,-0.030540328895849646,71559000000.0,31974000000.0,3020000000.0,4762000000.0,39585000000.0,955000000.0,22529000000.0,39608146890.228004,60130146890.228004,26.534483874662033,0.634187316253675,0.2881957545521877,0.6449928066554075,-0.0017395900741937619,26.534483874662033,-0.02426971914680678,10.338853273356305,-12.760356601233248,1.2387610837001313,-0.5231958762886598,4.134031413612566,0.01025041643895153,0.053536242820609564,0.372322553548929,-0.010844198493550776,128.18170514636896,-0.030540328895849646,-1.435374149659864,-2.693805461672634,-0.20241658446381447,0.11840913910495895,-1.0591805766312594,-1.430632630410655,-1.0546955624355006,-6.380603324051001,0.17441354228420267,0.06068936731186172,Oil & Gas E&P,Energy,CNQ
2018Q3,2018,Q3,2018-10-04,2018-09-30,1802000000.0,6327000000.0,1938000000.0,1.47,1977000000.0,0.31247036510194404,73344000000.0,33393000000.0,4405000000.0,4794000000.0,39951000000.0,1118000000.0,24033000000.0,52445351706.271996,71882351706.272,27.39862026413212,0.9188569044639132,0.2690472294938918,0.5909322313059623,0.030646024532257267,27.39862026413212,0.05396340550414758,8.289134140393866,7.275992190104327,1.5705492679984425,0.22697003329633741,3.89087656529517,0.007798593901908894,0.08626472513089005,0.6113892365456821,0.024569153577661432,23.560355663194965,0.31247036510194404,0.8374999999999999,0.37575159266087266,0.06773408275248032,0.1653560067752905,0.030761209593326382,0.835030549898167,0.1962962962962963,15.577409514300712,0.7132938622119448,0.09095853082865792,Oil & Gas E&P,Energy,CNQ
2018Q2,2018,Q2,2018-07-19,2018-06-30,982000000.0,6389000000.0,1620000000.0,0.8,1918000000.0,0.30020347472217873,73679000000.0,32411000000.0,4974000000.0,4858000000.0,41268000000.0,1041000000.0,22994000000.0,58617910888.0344,79832910888.0344,26.435925648908135,1.0238781391519143,0.2904083931649452,0.6601771003671593,0.021087817709122048,26.435925648908135,0.030298355496590663,9.174817794339395,14.923093403267412,1.8085807561640923,0.4185336048879837,4.294908741594621,0.007011508833623358,0.086713989060655,0.7282832441333882,0.013328085343177839,34.70569028302806,0.30020347472217873,0.7021276595744683,0.8329681852064181,0.3419703259125466,0.17293416484896465,0.33658536585365856,0.6843910806174958,0.16045845272206305,3.16387735327797,0.5570075743746932,0.04146772034973877,Oil & Gas E&P,Energy,CNQ
2018Q1,2018,Q1,2018-05-04,2018-03-31,583000000.0,5735000000.0,1396000000.0,0.47,1435000000.0,0.25021795989537926,73214000000.0,32026000000.0,4386000000.0,4328000000.0,41188000000.0,989000000.0,22785000000.0,49705414755.402,71531414755.40201,26.13049090336467,1.0134011090573012,0.3001884885404431,0.6862549178792231,0.01724315022346849,26.13049090336467,0.018203959283082497,8.667029599895727,21.314500323928815,1.5520331841441952,0.5763293310463122,4.3478260869565215,0.006759826905246445,0.07833201300297757,0.7238909426987061,0.007962957904225968,34.138334310028846,0.25021795989537926,0.4687499999999999,1.4396517462184089,0.2464720309826237,0.1711560805798625,0.4763374485596708,0.4722222222222222,0.871313672922252,3.0619336983917953,0.5844397948007083,0.004527247520337817,Oil & Gas E&P,Energy,CNQ
2017Q4,2017,Q4,2018-03-01,2017-12-31,396000000.0,5323000000.0,746000000.0,0.32,972000000.0,0.18260379485252676,73867000000.0,31653000000.0,4897000000.0,6261000000.0,42214000000.0,894000000.0,22612000000.0,54620351243.855995,76941351243.85599,25.947953257122716,0.7821434275674812,0.30403292403915144,0.7095062079423752,0.009068844643264665,25.947953257122716,0.012510662496445835,10.261196927269584,34.48254497718182,1.7255979289121408,0.8459595959595959,4.866890380313199,0.006133245070218816,0.0720619491789297,0.5987861363999362,0.00536098663814694,152.57081353032402,0.18260379485252676,-0.4285714285714286,0.008853951051960704,0.1760158947632612,0.16892948839920804,0.3224489795918367,-0.42105263157894735,0.4801587301587302,-0.7042523582568632,-0.01803128865746973,-0.019753667939438717,Oil & Gas E&P,Energy,CNQ
2017Q3,2017,Q3,2017-11-02,2017-09-30,684000000.0,4547000000.0,504000000.0,0.56,735000000.0,0.1616450406861667,72988000000.0,31339000000.0,4121000000.0,5791000000.0,41649000000.0,877000000.0,22552000000.0,50629395858.419205,73238395858.4192,25.780345108981784,0.7116214816093939,0.31403792404230835,0.7313890041162768,0.008124564590495887,25.780345108981784,0.02182584000765819,11.134681297211174,18.504896147083045,1.6155396106582598,0.48830409356725146,4.346636259977195,0.006596958038646216,0.06229791198553187,0.49473320670005183,0.009371403518386584,102.69654332336553,0.1616450406861667,-0.3978494623655914,0.711895286011372,0.02987323244869257,0.17066174322052866,0.13777089783281735,-0.3619402985074627,-0.20754716981132076,-0.40853910112235436,-0.23926017326676138,0.00794652145877237,Oil & Gas E&P,Energy,CNQ
2017Q2,2017,Q2,2017-07-13,2017-06-30,1072000000.0,3927000000.0,636000000.0,0.93,646000000.0,0.1645021645021645,72390000000.0,30986000000.0,4369000000.0,5439000000.0,41404000000.0,929000000.0,22203000000.0,43103809830.564,66329809830.564,26.936501106199497,0.8032726604155176,0.3215361237740019,0.75117795133286,0.010878627840774462,26.936501106199497,0.03459626928290196,10.976269373711231,10.052194456754664,1.3910737052399151,0.28544776119402987,3.5317545748116252,0.007099140451919446,0.05424782428512225,0.5666482809339952,0.01480867523138555,50.889976187206614,0.1645021645021645,3.2272727272727275,0.3601642170742214,-0.10391444490159628,0.23754091609247277,0.07846410684474124,3.3755102040816327,0.41648106904231624,-0.04761137724650622,-0.38932562515692065,0.08201361211672065,Oil & Gas E&P,Energy,CNQ
2017Q1,2017,Q1,2017-05-04,2017-03-31,245000000.0,3872000000.0,449000000.0,0.22,599000000.0,0.1547004132231405,57940000000.0,26377000000.0,4142000000.0,6049000000.0,31563000000.0,658000000.0,21465000000.0,48654651974.182495,64939651974.182495,23.700310619000682,0.6847412795503389,0.281394546082154,0.6181142662167798,0.007716695659078974,23.700310619000682,0.00928839519278159,12.565767555315727,49.64760405528826,1.8445862673610531,1.1306122448979592,4.974164133738602,0.005693186340064335,0.06682775284777356,0.49016366341544054,0.00422851225405592,56.18320089397517,0.1547004132231405,-0.5686274509803922,-0.4328207551003745,-0.03613195516543271,0.11479719221583111,0.07155635062611806,-0.5671378091872792,0.13383838383838384,-0.614253009576518,-0.23672575521372105,-0.019187612383460683,Oil & Gas E&P,Energy,CNQ
2016Q4,2016,Q4,2017-02-02,2016-12-31,566000000.0,3672000000.0,396000000.0,0.51,559000000.0,0.1522331154684096,58648000000.0,26267000000.0,4336000000.0,5092000000.0,32381000000.0,689000000.0,21526000000.0,47573555600.68679,64361555600.68679,23.72421492059564,0.8515318146111548,0.28654003546583,0.6397761449727796,0.011048305429628718,23.72421492059564,0.021547949899112954,12.955761329163069,21.013054593942933,1.8111529904704304,0.44876325088339225,4.518142235123367,0.005339100615728061,0.0626108307188651,0.6313825608798115,0.009650797981175829,78.1174968812591,0.1522331154684096,2.7586206896551726,-0.3271517067635318,-0.24147031593268095,0.1345848319297104,2.7523510971786833,2.736196319018405,1.7749510763209393,0.34457781271889826,-0.16797890557721734,-4.164729123290773e-05,Oil & Gas E&P,Energy,CNQ
2016Q3,2016,Q3,2016-11-03,2016-09-30,-326000000.0,2477000000.0,-511000000.0,-0.29,-319000000.0,-0.12878482034719418,57960000000.0,25644000000.0,3533000000.0,5142000000.0,32316000000.0,616000000.0,21237000000.0,46444588907.943596,63717588907.943596,23.26794705099368,0.6870867366783353,0.29834368530020705,0.6743097800655125,-0.006587211731884752,23.26794705099368,-0.012712525347059741,18.750338679024463,-35.61701603369907,1.8111288764601308,-0.7730061349693251,4.538961038961039,0.005425820443786929,0.042736369910282956,0.48619214313496695,-0.005624568668046929,-283.1987128533146,-0.12878482034719418,0.06451612903225812,-1.3880531957346134,-0.3319952015580519,0.1524169494299728,-2.0673076923076925,0.038348082595870206,-0.45170454545454547,-1.2752338724423273,-0.5377357360904865,-0.010335498656402821,Oil & Gas E&P,Energy,CNQ
2016Q2,2016,Q2,2016-08-04,2016-06-30,-339000000.0,2686000000.0,-352000000.0,-0.31,-104000000.0,-0.0387192851824274,58195000000.0,26019000000.0,3644000000.0,5363000000.0,32176000000.0,611000000.0,21816000000.0,43675171987.699,60887171987.699,23.70581069790876,0.6794704456460936,0.2961766474783057,0.6624389868941927,-0.005783459068606603,23.70581069790876,-0.013028940389715207,16.260302303685403,-32.20882889948304,1.6785876470156038,-0.7433628318584071,4.566284779050736,0.005769868520975148,0.046155167969756855,0.4732425881036733,-0.005825242718446602,-107.83993083382468,-0.0387192851824274,-2.0999999999999996,-1.3646441927151711,-0.27983512942942057,0.21201537761025355,0.8184991273996509,-2.2285714285714286,0.5665024630541872,-1.7068141860977892,-0.3698003568856233,0.05180184126322386,Oil & Gas E&P,Energy,CNQ
2016Q1,2016,Q1,2016-05-05,2016-03-31,-105000000.0,2263000000.0,-812000000.0,-0.1,-573000000.0,-0.25320371188687585,58362000000.0,26996000000.0,3678000000.0,3818000000.0,31366000000.0,590000000.0,22408000000.0,38460783577.950005,55009783577.950005,24.655795198714056,0.9633315872184389,0.2838148110071622,0.6135723810934953,-0.004182265545901909,24.655795198714056,-0.003889465105941621,16.995485452032703,-91.5732942332143,1.424684530224848,0.0,4.806779661016949,0.0,0.03877523045817484,0.747773703509691,-0.0017991158630615812,-99.8981391635065,-0.25320371188687585,-1.8333333333333335,-3.28004447039665,-0.31542767938810407,0.3093310692840777,-0.5361930294906166,-1.8015267175572518,-0.43716814159292033,-1.4918393883942243,-0.4494352593342029,0.1050609257703452,Oil & Gas E&P,Energy,CNQ
2015Q4,2015,Q4,2016-03-03,2015-12-31,131000000.0,2963000000.0,-565000000.0,0.12,-373000000.0,-0.12588592642591967,59275000000.0,27381000000.0,4059000000.0,4595000000.0,31894000000.0,525000000.0,22765000000.0,33145127344.128,49870127344.128,25.016262717810783,0.8833514689880305,0.28332349219738506,0.61334502026953,0.033509903791737405,25.016262717810783,0.004784339505496512,11.186340649385082,63.25405981703816,1.2105155890627808,3.8396946564885495,6.354285714285714,0.015175684642198595,0.04998734711092366,0.6522306855277475,0.002210037958667229,47.2826352983281,-0.12588592642591967,2.1999999999999997,1.313313399439337,-0.2215381212623296,0.2981991946483652,-12.65625,2.18018018018018,-30.38888888888889,-0.6280459398729613,-0.2704194094829167,0.12695775619079858,Oil & Gas E&P,Energy,CNQ
2015Q3,2015,Q3,2015-11-05,2015-09-30,-111000000.0,3316000000.0,-18000000.0,-0.1,32000000.0,0.009650180940892641,60628000000.0,27485000000.0,3344000000.0,4708000000.0,33143000000.0,663000000.0,22885000000.0,28173352558.316,44653352558.316,25.114263732207114,0.7102803738317757,0.2723164214554331,0.6006912861560851,-0.0004634107308112471,25.114263732207114,-0.004038566490813171,8.496185934353438,-63.45349675296397,1.0250446628457706,-2.27027027027027,4.953242835595777,0.00894462238664658,0.054694200699346836,0.4127017841971113,-0.0018308372369202348,65.0654793494596,0.009650180940892641,0.7297297297297298,-1.190433428965608,-0.012388249563909676,0.27680471276715646,-0.9015384615384615,0.725925925925926,-1.0689655172413792,-1.3085781635200358,-0.16575338124622857,0.14041560096116454,Oil & Gas E&P,Energy,CNQ
2015Q2,2015,Q2,2015-08-06,2015-06-30,-405000000.0,3662000000.0,261000000.0,-0.37,325000000.0,0.08874931731294375,60543000000.0,27773000000.0,3560000000.0,4545000000.0,32770000000.0,733000000.0,23248000000.0,37386564764.1892,53337564764.1892,25.38333654741656,0.7832783278327833,0.26399418595048146,0.5754869837612069,-0.020131524819453333,25.38333654741656,-0.014582508191408923,10.209329536916767,-23.078126397647654,1.3461478689442696,-0.6197530864197531,4.552523874488404,0.006713641694099183,0.06048593561600846,0.4781078107810781,-0.006689460383529062,849.6946537315728,0.08874931731294375,-0.608695652173913,-1.6042041028048184,0.008288171597641813,0.3123193432421448,2.555023923444976,-0.6071428571428571,1.6214285714285714,-1.5402587765637006,-0.12146885406532715,0.16618403557779382,Oil & Gas E&P,Energy,CNQ
2015Q1,2015,Q1,2015-04-07,2015-03-31,-252000000.0,3226000000.0,-420000000.0,-0.23,-209000000.0,-0.06478611283323,60699000000.0,28415000000.0,3548000000.0,5228000000.0,32284000000.0,716000000.0,23905000000.0,42292870400.69,57947870400.69,26.012724859248408,0.6786534047436878,0.2584721329840689,0.5521379553052965,-0.0037555279071490436,26.012724859248408,-0.008868555340489179,13.11000322402046,-41.95721269909722,1.4883994510184761,-0.9722222222222222,4.7974860335195535,0.00579293856573998,0.05314749831133956,0.39288446824789597,-0.004151633470073642,-3020.9193143350003,-0.06478611283323,-1.2110091743119267,-1.2891922630944515,-0.104459239510532,0.3932876445604638,-1.2548780487804878,-1.2103505843071787,-1.5153374233128833,-1.5943802015057025,-0.1818062737240748,0.22356677518498314,Oil & Gas E&P,Energy,CNQ
2014Q4,2014,Q4,2014-12-31,2014-12-31,1198000000.0,4850000000.0,815000000.0,1.09,820000000.0,0.16907216494845362,60200000000.0,28891000000.0,3489000000.0,5142000000.0,31309000000.0,665000000.0,24408000000.0,39264641643.0576,53241641643.0576,26.47084963080444,0.6785297549591599,0.23259136212624584,0.4846491987124018,0.015401164877438199,26.47084963080444,0.04146620054688311,8.095802400630433,8.193789992290817,1.3590613562374996,0.20534223706176963,6.06015037593985,0.006265178789515206,0.08056478405315615,0.41656942823803966,0.01990033222591362,197.30975700028947,0.16907216494845362,0.15957446808510653,1.616497524759827,0.45214302454571736,0.47793078912645415,-0.4429347826086957,0.1530317613089509,-0.4410150891632373,0.4447126419040253,0.0163319492057779,0.26593965616666443,Oil & Gas E&P,Energy,CNQ
2014Q3,2014,Q3,2014-11-07,2014-09-30,1039000000.0,5370000000.0,1458000000.0,0.94,1472000000.0,0.27411545623836125,59016000000.0,27934000000.0,3093000000.0,5922000000.0,31082000000.0,799000000.0,23499000000.0,47005416701.3392,60674416701.3392,25.57709616544995,0.522289766970618,0.23188626813067642,0.48990477554234985,0.02724425725065403,25.57709616544995,0.03719481635283167,8.753336443452366,11.310254259225026,1.6827313203028282,0.23676612127045235,4.878598247809762,0.005233439404718464,0.09099227328182188,0.33991894630192504,0.01760539514707876,197.50175084596304,0.27411545623836125,-0.03092783505154642,0.5676416926544652,0.8885155231234584,0.4546331165852129,-0.20475418692598596,-0.02897196261682243,-0.04204993429697766,0.2480587250610918,0.46141536853793164,0.2667846919913852,Oil & Gas E&P,Energy,CNQ
2014Q2,2014,Q2,2014-08-07,2014-06-30,1070000000.0,6113000000.0,1522000000.0,0.97,1851000000.0,0.3027973171928677,57989000000.0,27223000000.0,3094000000.0,5929000000.0,30766000000.0,789000000.0,22856000000.0,53408090490.126595,66814090490.126595,24.89478949669051,0.5218417945690673,0.2317163599993102,0.4935899790618227,0.027737279486805655,24.89478949669051,0.039304999448995334,8.736805249489056,12.478525815450139,1.961873801202167,0.22990654205607478,5.401774397972116,0.0046060437237589935,0.10541654451706359,0.3420475628267836,0.018451775336701788,-18.271669685298185,0.3027973171928677,0.7017543859649124,5.547400661958942,1.2035446592835723,0.4517889087182336,0.37825763216679076,0.7202572347266881,0.4291079812206573,0.15521187659899108,0.6450859169466832,0.2728047176644696,Oil & Gas E&P,Energy,CNQ
2014Q1,2014,Q1,2014-04-02,2014-03-31,622000000.0,4968000000.0,1065000000.0,0.57,1343000000.0,0.27033011272141705,53248000000.0,26337000000.0,2859000000.0,5382000000.0,26911000000.0,748000000.0,22193000000.0,46149005318.05499,56484005318.05499,24.16395930377116,0.5312151616499443,0.19444861778846154,0.3931351330827353,0.019949493086280815,24.16395930377116,0.023616964726430496,9.289252278191423,18.54863557799638,1.7522498886758173,0.34887459807073956,4.846256684491979,0.004702159851646955,0.09329927884615384,0.35990338164251207,0.011681189903846154,-101.8741839250662,0.27033011272141705,0.49999999999999983,1.0254477517553446,1.257157835281643,0.3976028143968205,0.6141826923076923,0.5060532687651331,0.695859872611465,12.568336341972335,0.5097275000234943,0.2832124220026686,Oil & Gas E&P,Energy,CNQ
2013Q4,2013,Q4,2014-04-02,2013-12-31,413000000.0,4330000000.0,628000000.0,0.38,832000000.0,0.19214780600461895,51754000000.0,25772000000.0,2216000000.0,5234000000.0,25982000000.0,632000000.0,21876000000.0,39088854492.256805,48733854492.256805,23.725203011035,0.42338555598012995,0.18667156161842563,0.3748641936985876,0.014103743900058984,23.725203011035,0.016025143566661494,9.027449074424204,23.66153419628136,1.5167179300115166,0.32929782082324455,5.534810126582278,0.0034792526352221587,0.08366503072226301,0.27569736339319834,0.007980059512308228,241.2892252608445,0.19214780600461895,-0.6448598130841122,-0.7677073456095672,0.7173235234029239,0.39684500857478294,-0.4704010184595799,-0.646404109589041,-0.5514285714285714,1.9952826086817972,0.14625775151921394,0.23120067090860688,Oil & Gas E&P,Energy,CNQ
2013Q3,2013,Q3,2013-10-15,2013-09-30,1168000000.0,5284000000.0,1400000000.0,1.07,1571000000.0,0.29731264193792584,51426000000.0,25552000000.0,2644000000.0,4127000000.0,25874000000.0,697000000.0,21720000000.0,35345169798.77521,44720169798.77521,23.510944385096607,0.6406590743881754,0.182650799206627,0.3676033187226049,0.030424923728370478,23.510944385096607,0.045710707576706325,6.689093451698563,7.565318878162501,1.3832643158568882,0.11643835616438356,5.327116212338594,0.003847767623532897,0.10274958192354063,0.42282529682578146,0.022712246723447283,67.71105325435863,0.29731264193792584,1.431818181818182,-0.5899381714581167,0.14753864725197355,0.5407451024231575,1.019280205655527,1.453781512605042,0.9886363636363636,1.0178250885212403,0.5847289859930417,0.1952922415957968,Oil & Gas E&P,Energy,CNQ
2013Q2,2013,Q2,2013-07-24,2013-06-30,476000000.0,4230000000.0,704000000.0,0.44,778000000.0,0.18392434988179668,50810000000.0,24551000000.0,2535000000.0,3746000000.0,26259000000.0,656000000.0,20748000000.0,32595302262.0576,42611302262.0576,22.53828598497019,0.6767218366257342,0.19746112969887816,0.40865952507026193,0.01486129973930283,22.53828598497019,0.019388212292778297,7.705745215616454,17.1193814401563,1.3276568067311962,0.2857142857142857,5.262195121951219,0.004172380391094276,0.08325132847864594,0.43539775760811533,0.00936823459948829,-1917.3707212975057,0.18392434988179668,1.3157894736842106,2.3445448413997227,-0.18885236581477385,0.768725738176804,0.24879614767255218,1.2347417840375587,0.6334106728538283,-0.28671780264983354,0.16985621068959955,0.1652301345943434,Oil & Gas E&P,Energy,CNQ
2013Q1,2013,Q1,2013-04-03,2013-03-31,213000000.0,4101000000.0,431000000.0,0.19,623000000.0,0.15191416727627408,49843000000.0,24374000000.0,2239000000.0,3671000000.0,25469000000.0,627000000.0,20564000000.0,35264564103.696,44568564103.696,22.311706643257104,0.6099155543448651,0.18702726561402805,0.3824567161729712,0.008331645277363933,22.311706643257104,0.008738820054156068,8.599015875078273,41.39033345504226,1.4468107041805203,0.539906103286385,5.5470494417862835,0.0032610639865515052,0.08227835403165941,0.3979842004903296,0.00427341853419738,-68.34217849553488,0.15191416727627408,-0.40625,-0.710348245507558,0.022512716669629017,0.7134983420398869,1.2555373256767843,-0.39488636363636365,-0.3003246753246753,-0.7555818064963883,0.13835720619180372,0.1950545497756799,Oil & Gas E&P,Energy,CNQ
2012Q4,2012,Q4,2013-03-08,2012-12-31,352000000.0,4059000000.0,616000000.0,0.32,-2438000000.0,-0.600640551860064,48980000000.0,24283000000.0,1914000000.0,3976000000.0,24697000000.0,554000000.0,20516000000.0,31189055278.657497,39888055278.6575,22.198048312270036,0.4813883299798793,0.17835851367905267,0.35975785528970883,0.01391289350096837,22.198048312270036,0.014495737758925998,7.683925912455654,22.151317669501065,1.284398767807005,0.32670454545454547,11.727436823104693,0.003687190874251772,0.0828705594120049,0.3103621730382294,0.007186606778276847,-280.9824799879054,-0.600640551860064,-0.030303030303030328,-0.5650153694365754,0.2513573982091257,0.798528754386181,-2.3114577729962344,-0.022222222222222223,-0.05521472392638037,-0.23296828865309344,0.21253379384405016,0.23937008130794205,Oil & Gas E&P,Energy,CNQ
2012Q3,2012,Q3,2012-10-03,2012-09-30,360000000.0,3978000000.0,652000000.0,0.33,1859000000.0,0.4673202614379085,47869000000.0,24120000000.0,2147000000.0,4287000000.0,23749000000.0,570000000.0,20383000000.0,33895826412.4155,42290826412.4155,22.022027505621917,0.5008164217401446,0.17581315674027032,0.34892205638474294,0.014342271915592748,22.022027505621917,0.014925373134328358,8.520821119259804,23.538768341955212,1.4052996025047886,0.3194444444444444,3.7175438596491226,0.0033927480805683303,0.08310179865883975,0.32330300909727083,0.00752052476550586,-664.6240473022647,0.4673202614379085,-0.5147058823529412,-0.4930630749681918,0.27540870905436166,0.8900640965203872,-0.10062893081761007,-0.5219123505976095,-0.3614103819784525,-0.45837880842828344,0.3949959340413723,0.2524475138542198,Oil & Gas E&P,Energy,CNQ
2012Q2,2012,Q2,2012-08-10,2012-06-30,753000000.0,4187000000.0,1021000000.0,0.68,2067000000.0,0.4936708860759494,47582000000.0,23922000000.0,2304000000.0,4201000000.0,23660000000.0,593000000.0,20193000000.0,30494998562.340004,39006998562.340004,21.766149915472145,0.5484408474172816,0.179101340843176,0.3562411169634646,0.0230511825944207,21.766149915472145,0.03147730122899423,7.28325735904944,10.124501514721118,1.27476793588914,0.15272244355909695,3.57504215851602,0.0037711101958214223,0.08799546046824429,0.36586527017376813,0.015825312092808203,92.40908655254546,0.4936708860759494,0.7435897435897436,-0.12087740828332748,0.3036552632741274,0.9761753515279982,0.1664785553047404,0.7634660421545667,0.2169249106078665,3.5844978281163846,0.5016961824577447,0.2693361009130698,Oil & Gas E&P,Energy,CNQ
2012Q1,2012,Q1,2012-03-31,2012-03-31,427000000.0,3971000000.0,839000000.0,0.39,1772000000.0,0.44623520523797533,47128000000.0,23389000000.0,2157000000.0,4612000000.0,23739000000.0,671000000.0,19656000000.0,36371698525.008,44599698525.008,21.25975090760021,0.46769297484822203,0.17486419962654898,0.35234511950062,0.018690375202553452,21.25975090760021,0.01825644533755184,9.159329772099724,21.294905459606557,1.5550771099665655,0.23185011709601874,3.277198211624441,0.0027218965298508343,0.0842598879646919,0.29466608846487424,0.009060431166185707,-577.328548016,0.44623520523797533,-0.4868421052631579,0.5569256049255735,0.2476394745402645,1.0898657482274434,-0.31898539584934665,-0.48677884615384615,-0.36294608959757024,0.37753696300699724,0.7874131747813311,0.22962827938550145,Oil & Gas E&P,Energy,CNQ
2011Q4,2011,Q4,2012-02-15,2011-12-31,832000000.0,4788000000.0,1317000000.0,0.76,2602000000.0,0.5434419381787803,47278000000.0,22898000000.0,2781000000.0,4034000000.0,24380000000.0,550000000.0,19365000000.0,41753574304.992,50290574304.992,20.91004061833377,0.6893901834407536,0.1812893946444435,0.37431216700148484,0.027309639925753266,20.91004061833377,0.0363350510961656,8.720462469714285,12.546146125298076,1.8234594420906631,0.11899038461538461,3.9745454545454546,0.00237105449408588,0.10127331951436186,0.5233019335647,0.017598037142011084,88.83739213828085,0.5434419381787803,0.0,1.6043586703462565,0.27240227815004897,1.103199337217355,0.38995726495726496,-0.004784688995215311,0.12660393498716851,-0.5358009341918821,0.8837092699629675,0.23109951275149526,Oil & Gas E&P,Energy,CNQ
2011Q3,2011,Q3,2011-11-04,2011-09-30,836000000.0,3690000000.0,1169000000.0,0.76,1872000000.0,0.5073170731707317,45475000000.0,22144000000.0,2806000000.0,3019000000.0,23331000000.0,625000000.0,18642000000.0,33299272344.250004,42608272344.25,20.1905630271256,0.9294468367008943,0.2051017042330951,0.4211976156069364,0.026909426174144973,20.1905630271256,0.0377528901734104,9.024193047222223,9.957916370888158,1.5037604924245846,0.11842105263157894,2.9088,0.0029730379383829074,0.0811434854315558,0.667770785028155,0.018383727322704782,-336.3562863055556,0.5073170731707317,-0.09523809523809519,-0.26567908094180476,0.26454995425565303,1.0875168474735983,0.020163487738419618,-0.10010764262648009,0.07841328413284133,-0.7091560995994212,-0.205894764054226,0.32315021420106266,Oil & Gas E&P,Energy,CNQ
2011Q2,2011,Q2,2011-08-05,2011-06-30,929000000.0,3727000000.0,1084000000.0,0.84,1835000000.0,0.49235309900724444,44658000000.0,21452000000.0,2623000000.0,4041000000.0,23206000000.0,605000000.0,17989000000.0,43996873767.392,52614873767.392,19.55900159010343,0.6490967582281614,0.19311209637690896,0.4020137982472497,0.027649085844624395,19.55900159010343,0.04330598545590155,11.8049030768425,11.83984762308719,2.050945075862017,0.1054897739504844,3.1272727272727274,0.002227430987895146,0.0834564915580635,0.46151942588468203,0.02080254377715079,785.658460132,0.49235309900724444,19.999999999999996,-0.1234367116199278,0.34400026211953016,1.259805488734066,0.2356902356902357,19.195652173913043,1.3876651982378854,3.606221041584646,-0.29018344206154656,0.5349219345484638,Oil & Gas E&P,Energy,CNQ
2011Q1,2011,Q1,2011-04-22,2011-03-31,46000000.0,3302000000.0,454000000.0,0.04,1485000000.0,0.4497274379164143,43841000000.0,20595000000.0,2278000000.0,4324000000.0,23246000000.0,496000000.0,17158000000.0,52129255395.5785,60547255395.5785,18.830833375240587,0.526827012025902,0.19315252845509912,0.4111677591648458,0.002661395869254659,18.830833375240587,0.0022335518329691675,15.78717607376696,283.311170628144,2.531160737828526,1.7826086956521738,3.663306451612903,0.0015730130687221571,0.07531762505417304,0.3871415356151711,0.0010492461394584977,-135.40066336513897,0.4497274379164143,1.1409691629955947,-0.21016935123060088,0.3678528366176762,1.434652935079765,-0.2655786350148368,1.1105769230769231,2.3633633633633635,-0.9375178231711889,-0.17764795372167538,0.44617362910046654,Oil & Gas E&P,Energy,CNQ
2010Q4,2010,Q4,2010-12-31,2010-12-31,-416000000.0,3787000000.0,-333000000.0,-0.28375,2022000000.0,0.5339318721943491,42669000000.0,20985000000.0,2172000000.0,3156000000.0,21684000000.0,610000000.0,18005000000.0,48354030648.00001,57550030648.00001,19.269972451790633,0.688212927756654,0.2160350605826244,0.4392661424827258,-0.03176808679348836,19.269972451790633,-0.019823683583512032,12.768426365988912,-29.058912649038465,2.304218758541816,-0.1971153846153846,2.8934426229508197,0.0016958255372117909,0.08875295882256438,0.4762357414448669,-0.009749466826032952,-131.04073346341465,0.5339318721943491,-1.535377358490566,-1.3714272857973822,0.23086439462501387,1.5102184823723708,0.11651021535063501,-1.717241379310345,-1.3538788522848033,-1.5163976380213895,0.172781987749705,0.5612903919854043,Oil & Gas E&P,Energy,CNQ
2010Q3,2010,Q3,2010-10-06,2010-09-30,580000000.0,3341000000.0,941000000.0,0.53,1811000000.0,0.5420532774618377,41925000000.0,21420000000.0,1860000000.0,2375000000.0,20505000000.0,582000000.0,18502000000.0,38435614109.552,47108614109.552,19.669620170635334,0.783157894736842,0.2075134168157424,0.4061624649859944,0.023353559229086968,19.669620170635334,0.02707749766573296,11.504224516477702,16.567075047220694,1.794379743676564,0.1413793103448276,2.6288659793814433,0.00213343800794434,0.07968992248062015,0.536,0.013834227787716159,53.606156359207816,0.5420532774618377,-0.13114754098360648,2.7882149451749356,0.1292934571348375,1.941509066930808,-0.05627931214174049,-0.13043478260869565,-0.1429872495446266,-0.17855984531444655,0.0773519073541714,0.6881662175392491,Oil & Gas E&P,Energy,CNQ
2010Q2,2010,Q2,2010-07-29,2010-06-30,667000000.0,3614000000.0,1098000000.0,0.61,1919000000.0,0.5309905921416713,42255000000.0,21059000000.0,2100000000.0,2345000000.0,21196000000.0,610000000.0,18066000000.0,38322813077.002495,47824813077.002495,19.34234733194275,0.8955223880597015,0.22532244704768667,0.45211073650220807,0.026137051276565834,19.34234733194275,0.03167291894202004,10.603988123132954,14.36387296739224,1.8197831367587487,0.12143928035982009,2.778688524590164,0.002113623544212313,0.08552833984143889,0.5893390191897655,0.015785114187670098,161.02022301261553,0.5309905921416713,-0.23750000000000007,2.0097309257566347,0.6464846074768364,1.9329835847093004,0.0,-0.22979214780600463,-0.2294736842105263,-0.2139184529771592,0.1358873232969159,0.7561153528078813,Oil & Gas E&P,Energy,CNQ
2010Q1,2010,Q1,2010-04-01,2010-03-31,866000000.0,3580000000.0,1425000000.0,0.8,1919000000.0,0.5360335195530727,41304000000.0,20268000000.0,2007000000.0,2541000000.0,21036000000.0,640000000.0,17481000000.0,40615745999.334,49886745999.334,18.670031964185373,0.7898465171192444,0.22496610497772612,0.45845668048154725,0.033424574571700665,18.670031964185373,0.04272745214130649,11.34518044674134,11.725099884334297,2.0039345766397276,0.06581986143187067,2.5953125,0.0014033966038918665,0.08667441410032926,0.529319165682802,0.020966492349409258,123.82849390040853,0.5360335195530727,0.906986722604944,5.032204336285497,2.5502388834658882,4.82348639036795,0.029506437768240343,0.9032967032967033,0.8037974683544303,2.1999671944294326,0.13988199729189385,0.8352924495608244,Oil & Gas E&P,Energy,CNQ
2009Q4,2009,Q4,2010-02-09,2009-12-31,455000000.0,3319000000.0,790000000.0,0.41951,1864000000.0,0.5616149442603193,41024000000.0,19426000000.0,1891000000.0,2405000000.0,21598000000.0,584000000.0,16696000000.0,41055249917.00001,51343249917.00001,17.91075050709939,0.7862785862785863,0.25109691887675506,0.5302687120354165,0.019728820887966677,17.91075050709939,0.023422217646453206,12.369764964447125,22.557829624725276,2.1134175804077016,0.12527472527472527,2.4914383561643834,0.0013883729879914251,0.08090386115444617,0.48274428274428277,0.01109106864274571,49.52382378407721,0.5616149442603193,-0.306595041322314,-0.21046258369900545,0.6806593212372917,1.6454510657275583,0.21909744931327665,-0.30851063829787234,-0.20682730923694778,0.4380101106523942,-0.10946575807801996,0.801521062688332,Oil & Gas E&P,Energy,CNQ
2009Q3,2009,Q3,2009-11-12,2009-09-30,658000000.0,2823000000.0,996000000.0,0.605,1529000000.0,0.5416223875309953,40853000000.0,19065000000.0,1836000000.0,2232000000.0,21788000000.0,637000000.0,16299000000.0,39496548166.1787,50400548166.1787,17.583193915928998,0.8225806451612904,0.2672508750887328,0.5726724364017833,0.02648948377538841,17.583193915928998,0.034513506425386836,13.990984118377153,15.006287297180357,2.0716783722097407,0.08662613981762918,2.0313971742543173,0.0014431640901928155,0.0691014123809757,0.45698924731182794,0.016106528284336525,40.63430881294105,0.5416223875309953,3.033333333333333,3.2396287598280247,1.6946914318951254,4.493564277733744,-0.08333333333333333,3.0617283950617282,1.189010989010989,-0.41537939803476054,-0.02143630020226323,0.8179390779040866,Oil & Gas E&P,Energy,CNQ
2009Q2,2009,Q2,2009-08-10,2009-06-30,162000000.0,2750000000.0,455000000.0,0.15,1668000000.0,0.6065454545454545,41762000000.0,18588000000.0,2273000000.0,2386000000.0,23174000000.0,590000000.0,15697000000.0,33061134920.742,45023134920.742004,17.14766475153045,0.9526404023470243,0.2870312724486375,0.6448784161824833,0.02537676980677368,17.14766475153045,0.008715300193673338,12.022230880269818,51.02026993941667,1.778627873937056,0.35185185185185186,1.8338983050847457,0.0017240787449265438,0.06584933671759015,0.5046102263202011,0.0038791245629998562,42.277666139056265,0.6065454545454545,-0.46428571428571436,0.22095377574696934,1.920626065929149,4.587841415204394,0.29603729603729606,-0.46885245901639344,-0.29457364341085274,-0.8453407125043182,0.00338148095638781,0.9812047535231712,Oil & Gas E&P,Energy,CNQ
2009Q1,2009,Q1,2009-04-02,2009-03-31,305000000.0,2186000000.0,645000000.0,0.28,1287000000.0,0.5887465690759378,43344000000.0,18716000000.0,3060000000.0,3028000000.0,24628000000.0,525000000.0,15592000000.0,26338745862.72,39460745862.72,17.289575446511876,1.010568031704095,0.3029715762273902,0.7016456507800812,0.01669458644778916,17.289575446511876,0.01629621714041462,12.048831593193047,21.58913595304918,1.4072849894592863,0.17704918032786884,1.7123809523809523,0.0020502115127824625,0.05043373938722776,0.380449141347424,0.007036729420450351,107.94567976524591,0.5887465690759378,-0.8288675924115001,3.654992696340653,4.288981818901822,10.654324332290438,-0.03839841665417911,-0.8277431613101747,-0.18211307207399163,4.291021645171473,-0.08509497601474869,1.2353825116672708,Oil & Gas E&P,Energy,CNQ
2008Q4,2008,Q4,2009-03-10,2008-12-31,1770611851.0,2510987607.0,788617568.0,1.63616,1338392139.0,0.5330142352231848,42650558524.0,18374210782.0,3392423507.0,3420349684.0,24276347742.0,0.0,15343613405.0,26294058793.799995,39283373995.799995,16.984850048068036,0.9918352859853379,0.3051783528385852,0.7083856472763957,0.017096361577100722,16.984850048068036,0.09636396751987582,10.471600385640611,3.7125667574954004,1.4310306497386296,0.030086333133890225,0.0,0.002025979268463531,0.05887349882152273,0.45047923322216665,0.04151438837556265,-56.498555377885815,0.5330142352231848,-0.37670095238095236,6.151256978402545,0.6158432246158136,2.0141091003419413,-0.5319115505474933,-0.3753988837295706,-0.6229886292662336,0.5914197498586228,-0.1784379389317316,1.2125451719066562,Oil & Gas E&P,Energy,CNQ
2008Q3,2008,Q3,2008-11-12,2008-09-30,2834788163.0,4582712370.0,2091760698.0,2.625,2859271876.0,0.6239256678463545,39828614009.0,16505216095.0,2174792421.0,3277624015.0,23323397914.0,0.0,13627847562.0,39368117611.242,50987236198.242,15.259463975008275,0.6635271193544754,0.29207537084698254,0.7048049016773567,0.052715159502062105,15.259463975008275,0.17175104807375138,8.590571354414285,3.471874735216502,2.385192498216849,0.01926720582260312,0.0,0.0013873776627918604,0.11506080450011273,0.6044170185273676,0.07117466257699623,-637.3727500429806,0.6239256678463545,9.076923076923077,54.41485827343806,12.32720631330322,10.166538429486037,-0.08514472619734209,9.168512762197553,0.11704568591704832,17.64098198134127,0.55953272641362,1.2819887343834282,Oil & Gas E&P,Energy,CNQ
2008Q2,2008,Q2,2008-08-12,2008-06-30,-347038469.0,5111947893.0,1872582943.0,-0.325,3125381640.0,0.6113876168964307,39866680236.0,13606757582.0,3354365968.0,6533686139.0,26259922654.0,0.0,10846733157.0,54557023427.911026,65574731548.911026,12.74266863340982,0.5133956386392009,0.276925433335447,0.8113687359731195,0.0498206861215434,12.74266863340982,-0.025504861603405614,10.672452961153652,-39.301855774893234,4.009553569182638,-0.1539998206942297,0.0,0.0009795963680206655,0.12822607407335265,0.36152647980754193,-0.008704975356503874,-463.04105622635973,0.6113876168964307,-1.4827258414282742,-3.6837932472062707,13.550800958097554,8.496552261650987,0.27815881037387413,-1.477165623308437,0.6669760796278801,-2.596664850479479,1.3745988556033524,0.9322390031462245,Oil & Gas E&P,Energy,CNQ
2008Q1,2008,Q1,2008-04-01,2008-03-31,727291431.0,3966670096.0,1123341220.0,0.67326,2445221685.0,0.6164419086592978,37755374961.0,14068511470.0,2668449748.0,4240304495.0,23686863491.0,0.0,11247814011.0,37808225281.204,50718419705.204,13.02114282567408,0.629306162127397,0.3426516266190817,0.9195671248935621,0.03194873570473155,13.02114282567408,0.051696402462399246,9.531477124687004,12.996243207904646,2.687436077500245,0.06364922234316824,0.0,0.0012243773320672999,0.10506239442986418,0.5097040272811824,0.01926325541068701,-1750.160733548689,0.6164419086592978,-0.08941396053396812,5.847857515593124,8.674186668764161,9.613306561679583,-0.29507445798510135,-0.08906982204139932,3.4552814693094422,4.402513827127699,2.95245941767736,3.061506063718134,Oil & Gas E&P,Energy,CNQ
2007Q4,2007,Q4,2008-04-01,2007-12-31,798405244.0,3200311965.0,-457520343.0,0.73937,3468765904.0,1.0838836781963537,36113814679.0,13321084517.0,2180951435.0,3563412454.0,22792730162.0,0.0,10575032277.0,39375272997.600006,50293934234.600006,12.342337178726952,0.6120401337633087,0.30291780104751087,0.8212182210869761,-0.14569780595588844,12.342337178726952,0.059935453677296115,12.303573347918913,12.32935069424469,2.9558609096241653,0.05712139085098494,0.0,0.001158240045796756,0.08861738903647211,0.4721293200599001,0.022108028495374337,-107.49314958100814,1.0838836781963537,0.13753605907919536,3.0160377436867014,1.5146599165447714,1.8600511274402531,0.8970756141017395,0.14124317733067052,-1.4950566892125585,0.3922336401020609,0.6285165420012603,0.8229860903980539,Oil & Gas E&P,Energy,CNQ
2007Q3,2007,Q3,2007-11-07,2007-09-30,699592567.0,3072642353.0,924177681.0,0.649975,1828480572.0,0.5950840878746424,35281725132.0,12571797675.0,2048096989.0,2871906986.0,22709927457.0,0.0,9824108119.0,40792510036.278,51457321723.278,11.651471262887076,0.7131487889350466,0.3028672825668677,0.8499723342071682,0.0288149873836465,11.651471262887076,0.0556477748915093,13.276035851178674,14.577238224244171,3.2447634849705773,0.06587935346088375,0.0,0.0011298325589430985,0.08708877872338389,0.629411764660821,0.019828751694612574,795.816538025926,0.5950840878746424,-0.16752052461032058,21.321942319691225,9.347822548180835,9.65669976010825,-0.01285128072561783,-0.1677413334756579,0.03653301275418614,3.5297011666208613,1.9473560626514432,2.6403003128374407,Oil & Gas E&P,Energy,CNQ
2007Q2,2007,Q2,2007-08-14,2007-06-30,840595112.0,3151965994.0,891604676.0,0.78077,1852284804.0,0.5876601484679597,34631243358.0,11879914984.0,1974495218.0,2834218916.0,22751328374.0,0.0,9168969182.0,38090247279.2,49037112316.2,11.01428063994541,0.6966629171985951,0.3164048115953296,0.9223544145524333,0.031815839358135346,11.01428063994541,0.07075767066785602,12.084599691655175,11.32835735523525,3.206272715798081,0.054388682907306744,0.0,0.0012002773482903005,0.09101509759313563,0.6167979005189873,0.024272738443444252,198.51969105908503,0.5876601484679597,2.1217064491623683,20.750139278738317,12.3299152331176,9.743025058759914,0.0185804578289191,2.1286012043167415,0.7375271330558815,5.367098270347322,2.3643043043275287,2.5891798918612436,Oil & Gas E&P,Energy,CNQ
2007Q1,2007,Q1,2007-04-17,2007-03-31,268680812.0,3118081181.0,513145757.0,0.25011,1818496310.0,0.5832100591482323,34315036901.0,10964022140.0,2215175277.0,3318726937.0,23351014760.0,0.0,8374077491.0,34330427723.13,45623093775.130005,10.172783072612221,0.6674774150001122,0.32949122924214336,1.0312368531937313,0.015255045307569529,10.172783072612221,0.02450567944584614,11.010113505806762,31.94350525776474,3.1311892008939344,0.1502145936643961,0.0,0.001175627036327536,0.09086632166521534,0.580264072204986,0.007829827278786058,-65.7204124677516,0.5832100591482323,-0.14084023221462671,8.736567624406842,14.784130296060534,9.15459860880908,0.09760966662938025,-0.1434207702504977,-0.2754547478241793,3.11864541340329,6.577185538929461,5.8571327073375565,Oil & Gas E&P,Energy,CNQ
