Quarters,Year,Quarter,FillingDate,Date,NetIncome,Revenue,OperatingIncome,EPSDiluted,GrossProfit,GrossProfitRatio,TotalAssets,CommonStockEquity,CurrentAssets,CurrentLiability,TotalLiability,Inventory,RetainedEarnings,MarketCap,EnterpriseValue,bookValuePerShare,currentRatio,debtToAssets,debtToEquity,roic,shareholdersEquityPerShare,roe,priceToSalesRatio,peRatio,pbRatio,payoutRatio,inventoryTurnover,dividendYield,assetTurnover,quickRatio,returnOnAssets,priceToFreeCashFlowsRatio,grossProfitMargin,epsdilutedGrowth,fiveYNetIncomeGrowthPerShare,fiveYRevenueGrowthPerShare,fiveYShareholdersEquityGrowthPerShare,grossProfitGrowth,netIncomeGrowth,operatingIncomeGrowth,threeYNetIncomeGrowthPerShare,threeYRevenueGrowthPerShare,threeYShareholdersEquityGrowthPerShare,Industry,Sector,Symbol
2023Q1,2023,Q1,2023-05-10,2023-03-31,81000000.0,230000000.0,125000000.0,1.34,175000000.0,0.7608695652,16778000000.0,5220000000.0,8333000000.0,0.0,1676000000.0,0.0,5638000000.0,2981529333.9700003,4539529333.97,88.01167810433502,0.0,0.09989271665275956,0.3210727969348659,0.01465221384377417,88.01167810433502,0.015517241379310345,12.963171017260871,9.202251030771604,0.5711742019099617,0.2222222222222222,0.0,0.006037170184749595,0.013708427702944332,0.0,0.004827750625819526,9.556183762724359,0.7608695652173914,-0.1184210526315789,-0.20137836636990594,0.5457963270442805,0.49453793007361363,0.26811594202898553,-0.13829787234042554,-0.05303030303030303,3.2993395778104326,2.069182827825469,0.30607073597138196,Insurance—Specialty,Financial Services,AGO
2022Q4,2022,Q4,2023-03-01,2022-12-31,94000000.0,305000000.0,132000000.0,1.52,138000000.0,0.4524590164,16843000000.0,5064000000.0,9591000000.0,0.0,11551000000.0,0.0,5577000000.0,3674151870.4,5242151870.4,85.81154266921345,0.0,0.0994478418334026,0.3307661927330174,0.01622396992629965,85.81154266921345,0.018562401263823063,12.046399575081967,9.771680506382978,0.7255434183254343,0.1595744680851064,0.0,0.004082574844236629,0.018108412990559878,0.0,0.005580953511844683,-5.822744644057052,0.4524590163934426,18.119496855345915,2.5870168564569664,1.192803243270409,0.46929838376442384,10.2,17.8,67.0,0.08448736397550476,0.6341617202926962,0.20561387662612296,Insurance—Specialty,Financial Services,AGO
2022Q3,2022,Q3,2022-11-08,2022-09-30,5000000.0,22000000.0,-2000000.0,0.0795,-15000000.0,-0.6818181818,16660000000.0,4929000000.0,9651000000.0,0.0,11486000000.0,0.0,5579000000.0,2989365000.0,4533365000.0,79.88654781199352,0.0,0.10054021608643457,0.3398255224183404,6.88288089862893e-05,79.88654781199352,0.0010144045445323595,135.88022727272727,149.46825,0.6064850882531954,3.2,0.0,0.005352307262579176,0.0013205282112845138,0.0,0.00030012004801920766,-55.35861111111111,-0.6818181818181818,1.2038461538461538,-0.9537542077047749,-0.9317352433732421,0.3786759559877335,-1.4166666666666667,1.2,0.0,-0.8846686867263288,-0.8266604618322448,0.17932336066412574,Insurance—Specialty,Financial Services,AGO
2022Q2,2022,Q2,2022-08-04,2022-06-30,-25000000.0,77000000.0,-2000000.0,-0.39,36000000.0,0.4675324675,16960000000.0,5304000000.0,10134000000.0,0.0,11392000000.0,0.0,5672000000.0,3559402000.0,5095402000.0,83.13479623824452,0.0,0.09870283018867924,0.3156108597285068,-0.00032569894994658534,83.13479623824452,-0.00471342383107089,46.226,-35.59402,0.6710788084464555,-0.64,0.0,0.004495137104491147,0.004540094339622641,0.0,-0.001474056603773585,-3.9461219512195123,0.4675324675324675,-1.3513513513513513,-1.3106624049828917,-0.5054170549860205,0.4939630790665274,-0.8714285714285714,-1.3333333333333333,-1.0176991150442478,-1.2792617775619233,-0.4758028710966405,0.25159794396167,Insurance—Specialty,Financial Services,AGO
2022Q1,2022,Q1,2022-05-06,2022-03-31,75000000.0,280000000.0,113000000.0,1.11,280000000.0,1.0,17845000000.0,5802000000.0,10724000000.0,0.0,11829000000.0,0.0,5878000000.0,4220658000.0,5774658000.0,87.51131221719457,0.0,0.09375175119080975,0.2883488452257842,0.012191174884022007,87.51131221719457,0.012926577042399173,15.073778571428571,14.068859999999999,0.7274488107549121,0.22666666666666666,0.0,0.004027807986337675,0.015690669655365648,0.0,0.004202857943401513,-4.731679372197309,1.0,-0.7231920199501246,-0.5528640963786631,0.15287676994712748,0.6521270786220401,0.5217391304347826,-0.7340425531914894,-0.6789772727272727,1.1577006871124518,1.28943399222037,0.35157672190299,Insurance—Specialty,Financial Services,AGO
2021Q4,2021,Q4,2022-02-25,2021-12-31,282000000.0,184000000.0,352000000.0,4.01,184000000.0,1.0,18000000000.0,6292000000.0,11720000000.0,0.0,11708000000.0,0.0,5990000000.0,3389424884.8,4942424884.8,93.18937894640432,0.0,0.09294444444444444,0.26589319771137954,0.03753772150749892,93.18937894640432,0.044818817546090274,18.420787417391306,3.0048092950354612,0.5386879982199619,0.05319148936170213,0.0,0.0044255295543701376,0.010222222222222223,0.0,0.015666666666666666,-23.37534403310345,1.0,17.227272727272727,1.7561569055340456,-0.20028516472313146,0.8626413381046374,0.0,15.588235294117647,0.0,3.992980609532322,0.3587163797779464,0.49557935395297237,Insurance—Specialty,Financial Services,AGO
2021Q3,2021,Q3,2021-11-05,2021-09-30,17000000.0,191000000.0,0.0,0.22,0.0,0.0,17614000000.0,6300000000.0,0.0,0.0,11218000000.0,0.0,5924000000.0,3403087000.0,4973087000.0,86.65749656121045,0.0,0.09486771885999773,0.2652380952380952,0.0,86.65749656121045,0.0026984126984126986,17.81720942408377,50.04539705882353,0.5401725396825398,0.9411764705882353,0.0,0.004701613564390214,0.010843647098898604,0.0,0.0009651413648234359,-4.036876631079478,0.0,-0.8294573643410853,-0.9356092041822573,0.0897242912633117,0.7214041862083823,0.0,-0.826530612244898,0.0,-0.84313993523969,0.05480075474399539,0.42169370022948943,Insurance—Specialty,Financial Services,AGO
2021Q2,2021,Q2,2021-08-06,2021-06-30,98000000.0,175000000.0,0.0,1.29,0.0,0.0,17226000000.0,6503000000.0,0.0,0.0,10653000000.0,0.0,6056000000.0,3570496000.0,5146496000.0,86.47606382978724,0.0,0.09984906536630675,0.26449331077964017,0.0,86.47606382978724,0.015069967707212056,20.402834285714285,9.108408163265306,0.5490536675380593,0.17346938775510204,0.0,0.0047612432558389655,0.010159061883199814,0.0,0.005689074654591896,-7.392331262939958,0.0,8.214285714285714,0.19607986009909636,-0.20450227963525844,0.8540468085106383,0.0,7.909090909090909,0.0,0.9408865248226947,0.1869413679199455,0.456041050616104,Insurance—Specialty,Financial Services,AGO
2021Q1,2021,Q1,2021-05-07,2021-03-31,11000000.0,156000000.0,0.0,0.14,0.0,0.0,16018000000.0,6430000000.0,0.0,0.0,9525000000.0,0.0,6055000000.0,3242876000.0,4372876000.0,83.83311603650587,0.0,0.07647646397802473,0.1905132192846034,0.0,83.83311603650587,0.0017107309486780716,20.787666666666667,73.70172727272728,0.5043353032659409,1.6363636363636365,0.0,0.005550628516168981,0.009739043575977026,0.0,0.0006867274316394057,-6.958961373390558,0.0,-0.9267015706806283,-0.6689280268711467,0.22033898305084734,0.8678341901148534,0.0,-0.9256756756756757,0.0,-0.9161344548938114,-0.1892557621253885,0.4235812157142507,Insurance—Specialty,Financial Services,AGO
2020Q4,2020,Q4,2021-02-26,2020-12-31,148000000.0,377000000.0,0.0,1.91,0.0,0.0,15334000000.0,6643000000.0,0.0,0.0,8629000000.0,0.0,6143000000.0,2415283000.0,3477283000.0,86.61016949152543,0.0,0.07982261640798226,0.18425410206232123,0.0,86.61016949152543,0.022279090772241456,6.406586206896551,4.079869932432432,0.3635831702544031,0.10810810810810811,0.0,0.006624482514057359,0.024585887570105647,0.0,0.00965175427155341,-12.779275132275131,0.0,0.872549019607843,-0.3680461216315193,-0.06296713658211255,1.007047470486446,0.0,0.7209302325581395,0.0,3.345301373984555,1.0854212724146401,0.4829727807366028,Insurance—Specialty,Financial Services,AGO
2020Q3,2020,Q3,2020-11-06,2020-09-30,86000000.0,250000000.0,0.0,1.02,0.0,0.0,14695000000.0,6549000000.0,0.0,0.0,8078000000.0,0.0,6143000000.0,1787136000.0,2787136000.0,78.7139423076923,0.0,0.08322558693433141,0.1867460681020003,0.0,78.7139423076923,0.01313177584364025,7.148544,5.195162790697674,0.2728868529546496,0.18604651162790697,0.0,0.008952872081363701,0.01701258931609391,0.0,0.005852330724736305,-8.160438356164384,0.0,-0.5142857142857143,0.16826923076923092,0.19699716267339232,0.972244851084643,0.0,-0.5300546448087432,0.0,-0.41012157914201175,-0.4247247208436724,0.3584392195293802,Insurance—Specialty,Financial Services,AGO
2020Q2,2020,Q2,2020-08-07,2020-06-30,183000000.0,340000000.0,0.0,2.1,0.0,0.0,14780000000.0,6444000000.0,0.0,0.0,8271000000.0,0.0,6109000000.0,2111465000.0,3040465000.0,74.4971098265896,0.0,0.08267929634641408,0.18963376784605834,0.0,74.4971098265896,0.028398510242085662,6.210191176470588,2.8845150273224043,0.3276637181874612,0.09289617486338798,0.0,0.008051281929844918,0.023004059539918808,0.0,0.012381596752368065,-7.514110320284698,0.0,4.559322033898305,0.07276230513224739,0.2436003303055326,0.9323569996356171,0.0,4.327272727272727,0.0,0.6772753031848577,0.6107639431338852,0.33874065510597295,Insurance—Specialty,Financial Services,AGO
2020Q1,2020,Q1,2020-05-08,2020-03-31,-55000000.0,117000000.0,0.0,-0.59,0.0,0.0,13745000000.0,6240000000.0,0.0,0.0,7472000000.0,0.0,6100000000.0,2388154000.0,3470154000.0,67.3866090712743,0.0,0.08883230265551109,0.19567307692307692,0.0,67.3866090712743,-0.008814102564102564,20.41157264957265,-10.855245454545454,0.3827169871794872,-0.36363636363636365,0.0,0.008374669305245809,0.008512186249545289,0.0,-0.004001455074572572,-14.561914634146342,0.0,-1.4154929577464788,-1.4603870496330442,-0.4764544368365425,0.8145236248365942,0.0,-1.4014598540145986,0.0,-1.234770492808525,-0.6550840638631262,0.27219257445090694,Insurance—Specialty,Financial Services,AGO
2019Q4,2019,Q4,2020-02-28,2019-12-31,137000000.0,295000000.0,0.0,1.42,0.0,0.0,14326000000.0,6639000000.0,0.0,0.0,7674000000.0,0.0,6295000000.0,4572339862.740001,5638339862.740001,71.17663816988792,0.0,0.08620689655172414,0.18602199126374455,0.0,71.17663816988792,0.020635637897273684,15.499457161830511,8.34368588091241,0.688709122268414,0.13138686131386862,0.0,0.003936715235602237,0.02059193075527014,0.0,0.009563032249057657,-31.752360157916673,0.0,1.0285714285714287,-0.5546739453859456,-0.4319130020391648,0.9938853311571592,0.0,0.9855072463768116,0.0,-0.030757395114315328,-0.07189642643997346,0.4226572819934548,Insurance—Specialty,Financial Services,AGO
2019Q3,2019,Q3,2019-11-08,2019-09-30,69000000.0,202000000.0,0.0,0.7,0.0,0.0,13367000000.0,6652000000.0,0.0,0.0,6715000000.0,0.0,6331000000.0,4365972000.0,5370972000.0,67.73930753564154,0.0,0.09231689982793446,0.18550811785929044,0.0,67.73930753564154,0.01037282020444979,21.613722772277228,15.818739130434782,0.6563397474443777,0.2463768115942029,0.0,0.0038937492040718538,0.01511184259744146,0.0,0.005161966035759706,-26.143544910179642,0.0,-0.49640287769784175,-0.6658959869194803,-0.2689977489548719,1.1356733492746158,0.0,-0.5140845070422535,0.0,-0.8065151856591932,-0.14678681679027528,0.34560461806492765,Insurance—Specialty,Financial Services,AGO
2019Q2,2019,Q2,2019-08-08,2019-06-30,142000000.0,233000000.0,0.0,1.39,0.0,0.0,13581000000.0,6722000000.0,0.0,0.0,6859000000.0,0.0,6425000000.0,4400176000.0,5443176000.0,66.42292490118577,0.0,0.09078860172299535,0.1834275513240107,0.0,66.42292490118577,0.021124665278191016,18.88487553648069,7.746788732394366,0.6545932758107706,0.13380281690140844,0.0,0.004318009097817906,0.01715632133127163,0.0,0.01045578381562477,32.83713432835821,0.0,1.673076923076923,0.5743654759241305,0.25226549696326994,1.2605589092658416,0.0,1.6296296296296295,0.0,0.2878336672261626,-0.2129648302008551,0.4241075098814228,Insurance—Specialty,Financial Services,AGO
2019Q1,2019,Q1,2019-05-10,2019-03-31,54000000.0,190000000.0,0.0,0.52,0.0,0.0,13551000000.0,6669000000.0,0.0,0.0,6882000000.0,0.0,6406000000.0,4612340000.0,5721340000.0,64.74757281553399,0.0,0.09091579957198731,0.18473534263007949,0.0,64.74757281553399,0.008097165991902834,24.275473684210528,21.353425925925926,0.6916089368720947,0.37037037037037035,0.0,0.004336193775827454,0.014021105453472068,0.0,0.003984945760460483,-13.892590361445784,0.0,-0.3734939759036144,1.2730929264909847,7.83980582524272,1.263492610809894,0.0,-0.38636363636363635,0.0,0.21026822445285506,0.10679611650485436,0.44260091893926523,Insurance—Specialty,Financial Services,AGO
2018Q4,2018,Q4,2019-03-01,2018-12-31,88000000.0,211000000.0,0.0,0.83,0.0,0.0,13603000000.0,6555000000.0,0.0,0.0,7048000000.0,0.0,6374000000.0,4027056000.0,5156056000.0,62.30988593155894,0.0,0.09064177019775049,0.18810068649885583,0.0,62.30988593155894,0.013424866514111365,19.08557345971564,11.4405,0.6143487414187643,0.18181818181818182,0.0,0.00397312577724273,0.015511284275527457,0.0,0.006469161214437992,36.6096,0.0,-0.435374149659864,-0.5637726475426803,-0.34345679350056074,1.2170868503506795,0.0,-0.453416149068323,0.0,-0.7260407526567222,-0.6176372716438547,0.44392857881973136,Insurance—Specialty,Financial Services,AGO
2018Q3,2018,Q3,2018-11-09,2018-09-30,161000000.0,269000000.0,0.0,1.47,0.0,0.0,13739000000.0,6583000000.0,0.0,0.0,7156000000.0,0.0,6303000000.0,4537080000.0,5704080000.0,60.9537037037037,0.0,0.09090909090909091,0.189731125626614,0.0,60.9537037037037,0.02445693452833055,16.86646840148699,7.045155279503105,0.689211605650919,0.11180124223602485,0.0,0.003967309370784734,0.019579299803479146,0.0,0.011718465681636219,-49.31608695652174,0.0,1.1940298507462686,-0.2899570794753087,-0.27689447383891824,1.306254118205918,0.0,1.1466666666666667,0.0,0.6848837209302325,-0.007786885245901527,0.5272469496477057,Insurance—Specialty,Financial Services,AGO
2018Q2,2018,Q2,2018-08-02,2018-06-30,75000000.0,219000000.0,0.0,0.67,0.0,0.0,14132000000.0,6634000000.0,0.0,0.0,7498000000.0,0.0,6159000000.0,3991040999.9999995,5070041000.0,59.391226499552374,0.0,0.08944240022643646,0.19053361471208924,0.0,59.391226499552374,0.011305396442568586,18.22393150684931,13.303469999999997,0.6016040096472716,0.25333333333333335,0.0,0.0047606626942694906,0.015496744975941126,0.0,0.005307104443815454,9.570841726618704,0.0,-0.601190476190476,-0.4242160385572901,0.14348548963783875,1.48743807685458,0.0,-0.6192893401015228,0.0,-0.6595317544288,-0.37968974519082477,0.5405302636638973,Insurance—Specialty,Financial Services,AGO
2018Q1,2018,Q1,2018-05-04,2018-03-31,197000000.0,289000000.0,0.0,1.68,0.0,0.0,14019000000.0,6784000000.0,0.0,0.0,7235000000.0,0.0,6102000000.0,4170240000.0000005,5337240000.0,58.888888888888886,0.0,0.09137598972822598,0.18882665094339623,0.0,58.888888888888886,0.02903891509433962,14.429896193771627,5.2921827411167515,0.6147169811320755,0.09137055837563451,0.0,0.004316298342541436,0.020614879805977603,0.0,0.014052357514801342,154.45333333333335,0.0,2.8181818181818183,3.3026560088734565,2.9773705679765134,1.4171370778060024,0.0,2.7884615384615383,0.0,0.3255165146489772,0.03950114509456249,0.5857049583285323,Insurance—Specialty,Financial Services,AGO
2017Q4,2017,Q4,2018-02-23,2017-12-31,52000000.0,276000000.0,0.0,0.44,0.0,0.0,14433000000.0,6839000000.0,0.0,0.0,7594000000.0,0.0,5892000000.0,3966176999.9999995,5114177000.0,58.40307429547396,0.0,0.0895170789163722,0.18891650826144174,0.0,58.40307429547396,0.007603450796900131,14.370206521739128,19.068158653846154,0.5799352244480186,0.3269230769230769,0.0,0.004286243402651975,0.019122843483683226,0.0,0.003602854569389593,50.20477215189873,0.0,-0.7441860465116279,0.16417014794469967,23.065800710144277,1.2687617968205742,0.0,-0.75,-1.0,-0.8653615250765684,-0.5766396147430765,0.636056944053482,Insurance—Specialty,Financial Services,AGO
2017Q3,2017,Q3,2017-11-03,2017-09-30,208000000.0,620000000.0,313000000.0,1.72,0.0,0.0,14649000000.0,6878000000.0,0.0,0.0,7771000000.0,0.0,5913000000.0,4480925000.0,5700925000.0,57.94439764111205,0.0,0.08819714656290532,0.1878453038674033,0.025458996328029376,57.94439764111205,0.03024134922942716,7.227298387096774,5.385727163461539,0.65148662401861,0.08173076923076923,0.0,0.003793859526771816,0.04232370810294218,0.0,0.014198921428083829,28.723878205128205,0.0,0.3870967741935484,1.3940102281761337,1.9628972740753878,1.270034964130803,0.0,0.35947712418300654,0.0,-0.16678571852344057,0.8561787788764245,0.8268610985841826,Insurance—Specialty,Financial Services,AGO
2017Q2,2017,Q2,2017-08-03,2017-06-30,153000000.0,296000000.0,0.0,1.24,0.0,0.0,14655000000.0,6750000000.0,0.0,0.0,7905000000.0,0.0,5722000000.0,5063062000.0,6157062000.0,55.647155812036274,0.0,0.08829750938246332,0.1917037037037037,0.0,55.647155812036274,0.02266666666666667,17.10493918918919,8.272977124183006,0.7500832592592593,0.1111111111111111,0.0,0.0033576519505390213,0.020197884680996248,0.0,0.010440122824974411,52.740229166666666,0.0,-0.5020080321285141,-0.3759446084879834,-0.4014269897721764,1.1945216531230423,0.0,-0.5173501577287066,0.0,0.41523433246745184,0.3272475016588584,0.8938291867354582,Insurance—Specialty,Financial Services,AGO
2017Q1,2017,Q1,2017-05-05,2017-03-31,317000000.0,459000000.0,0.0,2.49,0.0,0.0,14675000000.0,6637000000.0,0.0,0.0,8038000000.0,0.0,5588000000.0,4649883000.0,5809883000.0,52.968874700718274,0.0,0.08906303236797274,0.19692632213349404,0.0,52.968874700718274,0.04776254331776405,10.130464052287582,3.667100157728707,0.700600120536387,0.05993690851735016,0.0,0.004086124317536592,0.03127768313458262,0.0,0.021601362862010223,45.58708823529412,0.0,0.6711409395973156,1.9553539754613767,2.869496298144287,1.3099775650483785,0.0,0.6091370558375635,0.0,9.969045718846196,16.554479774856134,0.8517243392207329,Insurance—Specialty,Financial Services,AGO
2016Q4,2016,Q4,2017-02-24,2016-12-31,197000000.0,443000000.0,0.0,1.49,0.0,0.0,14151000000.0,6504000000.0,0.0,0.0,7647000000.0,0.0,5289000000.0,4910100000.0,6098100000.0,50.03076923076923,0.0,0.09229029750547664,0.20079950799507995,0.0,50.03076923076923,0.030289052890528904,11.08374717832957,6.231091370558376,0.7549354243542437,0.08629441624365482,0.0,0.003462251277978045,0.031305208112500885,0.0,0.01392127764822274,100.20612244897958,0.0,-0.5861111111111111,4.30593780389855,6.877160162255274,0.9340332914746132,0.0,-0.5887265135699373,0.0,-0.2097421203438396,0.11546762589928061,0.7801759530791788,Insurance—Specialty,Financial Services,AGO
2016Q3,2016,Q3,2016-11-04,2016-09-30,479000000.0,318000000.0,0.0,3.6,0.0,0.0,14669000000.0,6640000000.0,0.0,0.0,8029000000.0,0.0,5110000000.0,3660225000.0,4866225000.0,50.34116755117513,0.0,0.08889494853091554,0.1963855421686747,0.0,50.34116755117513,0.07213855421686748,11.510141509433963,1.9103470772442588,0.5512387048192771,0.03549060542797495,0.0,0.004644523219201006,0.02167836935033063,0.0,0.032653895971095505,-25.59597902097902,0.0,2.3027522935779814,-0.12593400670470595,-0.6716619171944008,0.9347709891141561,0.0,2.280821917808219,0.0,0.7297096127116502,-0.30006859453409873,0.904716496712853,Insurance—Specialty,Financial Services,AGO
2016Q2,2016,Q2,2016-08-04,2016-06-30,146000000.0,392000000.0,0.0,1.09,0.0,0.0,14092000000.0,6250000000.0,0.0,0.0,7842000000.0,0.0,4648000000.0,3399580000.0,4512580000.0,46.64179104477612,0.0,0.09246380925347715,0.20848,0.0,46.64179104477612,0.02336,8.672397959183673,5.821198630136986,0.5439328,0.11643835616438356,0.0,0.005000617723365828,0.027817201248935566,0.0,0.010360488220266818,79.06,0.0,1.5348837209302328,4.480249057312843,4.282258276901577,1.1750507686605802,0.0,1.4745762711864407,0.0,-0.06567164179104469,0.7061648280337444,0.9534630593686342,Insurance—Specialty,Financial Services,AGO
2016Q1,2016,Q1,2016-05-05,2016-03-31,59000000.0,227000000.0,0.0,0.43,0.0,0.0,14452000000.0,6113000000.0,0.0,0.0,8339000000.0,0.0,4519000000.0,3445860000.0,4635860000.0,44.882525697503674,0.0,0.09009133683919181,0.21298871257974808,0.0,44.882525697503674,0.009651562244397185,15.18,14.601101694915256,0.5636937673809913,0.3050847457627119,0.0,0.005223659695983006,0.015707168557985055,0.0,0.004082479933573208,-38.287333333333336,0.0,-0.858085808580858,-0.3647643624780622,0.2064411756601969,1.1193774682675925,0.0,-0.8624708624708625,0.0,1.5832976423560123,2.3136856368563685,0.8422357605304748,Insurance—Specialty,Financial Services,AGO
2015Q4,2015,Q4,2016-02-26,2015-12-31,429000000.0,737000000.0,0.0,3.03,0.0,0.0,14544000000.0,6063000000.0,0.0,0.0,8481000000.0,0.0,4478000000.0,3713415000.0,4847415000.0,43.15302491103203,0.0,0.08938393839383939,0.21441530595414812,0.0,43.15302491103203,0.07075705096486888,5.038554952510176,2.163994755244755,0.6124715487382484,0.039627039627039624,0.0,0.004577996264893636,0.05067381738173817,0.0,0.029496699669966996,-285.6473076923077,0.0,2.443181818181818,4.566159179830987,19.55172652225871,1.0890587783654868,0.0,2.3255813953488373,0.0,7.004809079542176,52.559842667166144,0.6763489853304391,Insurance—Specialty,Financial Services,AGO
2015Q3,2015,Q3,2015-11-06,2015-09-30,129000000.0,366000000.0,0.0,0.88,0.0,0.0,15034000000.0,5819000000.0,0.0,0.0,9215000000.0,0.0,4066000000.0,3645000000.0,4885000000.0,39.91083676268862,0.0,0.08686976187308766,0.22443718852036432,0.0,39.91083676268862,0.022168757518473966,9.959016393442623,7.063953488372094,0.6263962880219969,0.13953488372093023,0.0,0.0049382716049382715,0.024344818411600373,0.0,0.00858055075162964,-25.3125,0.0,-0.5510204081632654,-0.10131804790138295,0.8881533554525821,0.7501146903151013,0.0,-0.5656565656565656,0.0,0.2087752854576016,0.4239645753615864,0.5635505516885282,Insurance—Specialty,Financial Services,AGO
2015Q2,2015,Q2,2015-08-06,2015-06-30,297000000.0,476000000.0,0.0,1.96,0.0,0.0,15479000000.0,5806000000.0,0.0,0.0,9673000000.0,0.0,3955000000.0,3612894000.0,4842894000.0,38.55245683930943,0.0,0.08430777181988501,0.22476748191526008,0.0,38.55245683930943,0.05115397864278333,7.590113445378151,3.0411565656565656,0.622269032035825,0.06060606060606061,0.0,0.004982155579432998,0.030751340525873763,0.0,0.019187286000387622,44.05968292682927,0.0,0.5312499999999999,0.783928754515881,0.35941997355436045,0.8348209590445799,0.0,0.47761194029850745,0.0,-0.024282740925142175,-0.2247028255683963,0.5203688325191363,Insurance—Specialty,Financial Services,AGO
2015Q1,2015,Q1,2015-05-08,2015-03-31,201000000.0,376000000.0,0.0,1.28,0.0,0.0,14677000000.0,5786000000.0,0.0,0.0,8891000000.0,0.0,3676000000.0,4111562000.0,4530562000.0,37.13735558408216,0.0,0.08884649451522791,0.22537158658831663,0.0,37.13735558408216,0.03473902523332181,10.935005319148937,5.113883084577114,0.7106052540615279,0.0945273631840796,0.0,0.004621114797733805,0.025618314369421545,0.0,0.01369489677727056,178.76356521739132,0.0,-0.6097560975609756,-0.26167205950995837,-0.3497502934862546,0.8908672689545414,0.0,-0.6221804511278195,0.0,1.4871747018175736,2.23163886994404,0.619563540081976,Insurance—Specialty,Financial Services,AGO
2014Q4,2014,Q4,2014-12-31,2014-12-31,532000000.0,898000000.0,0.0,3.28,0.0,0.0,14925000000.0,5758000000.0,0.0,0.0,9167000000.0,0.0,3494000000.0,4192186999.9999995,5420187000.0,35.69745815251085,0.0,0.08730318257956449,0.22629385203195554,0.0,35.69745815251085,0.09239319208058354,4.668359688195991,1.9700126879699247,0.7280630427231678,0.03383458646616541,0.0,0.004293701592987145,0.06016750418760469,0.0,0.035644891122278054,18.226899999999997,0.0,0.569377990430622,1.8041360553281056,0.7982611901159014,0.8684212978559944,0.0,0.49859154929577465,0.0,8.195302712341153,11.86919173002762,0.37995224837594044,Insurance—Specialty,Financial Services,AGO
2014Q3,2014,Q3,2014-09-30,2014-09-30,355000000.0,475000000.0,0.0,2.09,0.0,0.0,15369000000.0,5354000000.0,0.0,0.0,10015000000.0,0.0,2979000000.0,3740608000.0,4961608000.0,31.718009478672986,0.0,0.08478105276856009,0.24336944340679867,0.0,31.718009478672986,0.06630556593201345,7.874964210526316,2.634230985915493,0.69865670526709,0.05070422535211268,0.0,0.004812051944496723,0.030906369965514997,0.0,0.02309844492159542,29.924864,0.0,1.3483146067415728,6.519821026797612,-0.09396456322262138,0.0409085702369319,0.0,1.2327044025157232,0.0,-0.49381483067192344,-0.6167694690419648,0.21902386370758295,Insurance—Specialty,Financial Services,AGO
2014Q2,2014,Q2,2014-06-30,2014-06-30,159000000.0,328000000.0,0.0,0.89,0.0,0.0,15690000000.0,5242000000.0,0.0,0.0,10448000000.0,0.0,2643000000.0,4370800000.0,5575800000.0,29.383408071748878,0.0,0.08355640535372849,0.25009538344143456,0.0,29.383408071748878,0.030331934376192294,13.325609756097561,6.872327044025157,0.8338038916444106,0.12578616352201258,0.0,0.0045758213599341084,0.020905035054174632,0.0,0.010133843212237094,36.12231404958678,0.0,2.869565217391304,1.4878618392835494,2.0093993147876237,0.16112749030468013,0.0,2.7857142857142856,0.0,3.8468497149359386,2.319841559130738,0.3702390684562457,Insurance—Specialty,Financial Services,AGO
2014Q1,2014,Q1,2014-03-31,2014-03-31,42000000.0,38000000.0,0.0,0.23,0.0,0.0,15106000000.0,5209000000.0,0.0,0.0,9897000000.0,0.0,2504000000.0,4610772000.0,5203772000.0,28.605161998901703,0.0,0.05375347544022243,0.15588404684200421,0.0,28.605161998901703,0.008062967940103668,121.33610526315789,27.445071428571428,0.8851549241697062,0.47619047619047616,0.0,0.004337668399131425,0.0025155567324242024,0.0,0.0027803521779425394,45.65120792079208,0.0,-0.8789473684210526,-0.754999164319203,-0.9220371162390937,0.2824211805048017,0.0,-0.8796561604584527,-1.0,-0.6617799922858093,-0.8489464096372736,0.35075143108509504,Insurance—Specialty,Financial Services,AGO
2013Q4,2013,Q4,2013-12-31,2013-12-31,349000000.0,556000000.0,489000000.0,1.9,0.0,0.0,16287000000.0,5115000000.0,0.0,0.0,11172000000.0,0.0,2482000000.0,4293380000.0,4925380000.0,28.104395604395606,0.0,0.05010130779149015,0.15953079178885632,0.0588433653684033,28.104395604395606,0.06823069403714566,7.721906474820144,3.0754871060171918,0.8393704789833821,0.05157593123209169,0.0,0.004192501013187745,0.03413765579910358,0.0,0.021428132866703507,43.81,0.0,-0.09090909090909088,1.714310934774542,2.5420763270259106,0.324970989445022,0.0,-0.09114583333333333,0.0,3.2396172071956575,10.96907400409893,0.36054736531365256,Insurance—Specialty,Financial Services,AGO
2013Q3,2013,Q3,2013-09-30,2013-09-30,384000000.0,630000000.0,0.0,2.09,0.0,0.0,16354000000.0,4834000000.0,0.0,0.0,11520000000.0,0.0,2151000000.0,3429375000.0,4142375000.0,26.429743028977583,0.0,0.050079491255961846,0.1694249069093918,0.0,26.429743028977583,0.07943731899048408,5.443452380952381,2.232666015625,0.7094280099296649,0.049479166666666664,0.0,0.005540368142883179,0.03852268558150911,0.0,0.023480494068729364,142.890625,0.0,0.8017241379310345,3.8167679854596757,8.819208550453217,0.07465503106272793,0.0,0.7534246575342466,0.0,1.1325113561668256,1.5908397241728065,0.1589604550588933,Insurance—Specialty,Financial Services,AGO
2013Q2,2013,Q2,2013-06-30,2013-06-30,219000000.0,322000000.0,0.0,1.16,0.0,0.0,16608000000.0,4484000000.0,0.0,0.0,12124000000.0,0.0,1786000000.0,4174794000.0,4858794000.0,23.876464323748667,0.0,0.049795279383429675,0.1844335414808207,0.0,23.876464323748667,0.048840321141837645,12.965198757763975,4.765746575342466,0.931042372881356,0.0867579908675799,0.0,0.004551122761985381,0.01938824662813102,0.0,0.013186416184971099,30.697014705882353,0.0,2.5675675675675675,-0.8076876152985603,-0.8170605397531673,-0.042618087711782375,0.0,2.5208333333333335,0.0,0.054859346467695656,-0.26255107053849625,0.13634877672504142,Insurance—Specialty,Financial Services,AGO
2013Q1,2013,Q1,2013-03-31,2013-03-31,-144000000.0,-246000000.0,0.0,-0.74,0.0,0.0,17299000000.0,4724000000.0,0.0,0.0,12575000000.0,0.0,1586000000.0,3866366000.0000005,4573366000.0,24.363073749355337,0.0,0.04809526562229031,0.17612193056731584,0.0,24.363073749355337,-0.03048264182895851,-15.716934959349596,-6.712440972222222,0.8184517358171043,-0.13194444444444445,0.0,0.004914175222935438,-0.014220475171975258,0.0,-0.008324180588473323,-276.16900000000004,0.0,-2.947368421052632,0.6480327714564468,0.2703247492960619,0.3089084752831693,0.0,-2.945945945945946,0.0,-1.4250161007875062,-1.3418354280503633,0.2404582393994424,Insurance—Specialty,Financial Services,AGO
2012Q4,2012,Q4,2012-12-31,2012-12-31,74000000.0,19000000.0,0.0,0.38,0.0,0.0,17242000000.0,4994000000.0,0.0,0.0,12248000000.0,0.0,1749000000.0,2760620000.0,3458620000.0,25.742268041237114,0.0,0.048486254494838184,0.16740088105726872,0.0,25.742268041237114,0.014817781337605127,145.2957894736842,9.32641891891892,0.5527873448137766,0.24324324324324326,0.0,0.006520274431106056,0.0011019603294281405,0.0,0.004291845493562232,47.596896551724136,0.0,-0.4794520547945205,1.1176198812056548,1.0254680330568975,0.2386946235644554,0.0,-0.4788732394366197,0.0,-0.6756963725330659,-0.9683653762694406,0.3473620911012152,Insurance—Specialty,Financial Services,AGO
2012Q3,2012,Q3,2012-09-30,2012-09-30,142000000.0,342000000.0,0.0,0.73,0.0,0.0,17563000000.0,4952000000.0,0.0,0.0,12611000000.0,0.0,1693000000.0,2622880000.0,3329880000.0,25.52577319587629,0.0,0.047827819848545235,0.16962843295638125,0.0,25.52577319587629,0.028675282714054926,7.669239766081871,4.617746478873239,0.5296607431340872,0.12761971830985916,0.0,0.006909199048374307,0.01947275522405056,0.0,0.008085179069635028,-6.810234253696078,0.0,-0.6368159203980099,1.4305639785431272,1.8988135490552154,0.07589476719837783,0.0,-0.6228900432348599,0.0,2.9211253388112106,-0.43239215028775524,-0.1623056894734423,Insurance—Specialty,Financial Services,AGO
2012Q2,2012,Q2,2012-06-30,2012-06-30,376548000.0,759498000.0,0.0,2.01,0.0,0.0,18074464000.0,4724066000.0,0.0,0.0,13350398000.0,0.0,1568397000.0,2626830000.0,3297837000.0,25.357305421363392,0.0,0.04682595290239312,0.17915795418607613,0.0,25.357305421363392,0.07970845453895013,3.4586397857532214,1.744020682622136,0.5560527731831012,0.04369429661025952,0.0,0.0062634430092545,0.04202049919709929,0.0,0.020833148911082507,30.234455928730924,0.0,1.758490566037736,3.21081588835212,3.200008897123689,0.02255766218524991,0.0,1.7795637483851734,0.0,2.1063742639606735,3.2381943319130344,0.0020302727614981532,Insurance—Specialty,Financial Services,AGO
2012Q1,2012,Q1,2012-03-31,2012-03-31,-483024000.0,-357406000.0,0.0,-2.65,0.0,0.0,18504813000.0,4182518000.0,0.0,0.0,14322295000.0,0.0,1208380000.0,3013248000.0,3865912000.0,22.93047149122807,0.0,0.05591339939506549,0.24737897123216207,0.0,22.93047149122807,-0.11548641273032179,-8.430882525755024,-1.55957467951903,0.7204387404907762,-0.03400452151445891,0.0,0.005450928698865809,-0.019314218414420076,0.0,-0.02610261449278088,40.03997023493143,0.0,-4.754239680368271,-5.565789504161099,-2.7461940314395386,-0.09110373152162322,0.0,-4.777177098159289,0.0,-3.81301531868366,-1.7320677058996035,0.02801453529406564,Insurance—Specialty,Financial Services,AGO
2011Q4,2011,Q4,2012-02-29,2011-12-31,-83609000.0,78907000.0,0.0,-0.46053,0.0,0.0,18091531000.0,4718436000.0,0.0,0.0,13373095000.0,0.0,1774793000.0,2396736000.0,3220494000.0,25.86861842105263,0.0,0.057391604944877245,0.22005215287438465,0.0,25.86861842105263,-0.017719642695164246,30.37418733445702,-7.166501213984141,0.5079513635450391,-0.09813536820198783,0.0,0.0034234058319314266,0.004361543531058814,0.0,-0.004621444144224168,32.11878693665322,0.0,-1.1115084745762713,-1.7254113988362298,-0.676011715464262,0.05239713249521539,0.0,-1.1098451953812176,0.0,0.8292497081873528,1.2183700958253196,0.2195661286363723,Insurance—Specialty,Financial Services,AGO
2011Q3,2011,Q3,2011-11-14,2011-09-30,761153000.0,1345199000.0,0.0,4.13,0.0,0.0,18404995000.0,4766715000.0,0.0,0.0,13638280000.0,0.0,1866664000.0,2013368000.0,2881761000.0,26.019186681222706,0.0,0.05659621206091064,0.21852638557161483,0.0,26.019186681222706,0.15968082841118045,1.4967064352560475,0.6612888604524977,0.4223806122245614,0.010842760916661958,0.0,0.004099101604873029,0.07308880007845696,0.0,0.04135578412273407,-149.848764513248,0.0,14.322580645161288,6.989933288752434,5.783242531305606,0.07946281225483391,0.0,14.199108675672395,0.0,6.5741679674088545,19.93199906192641,0.0579614731962826,Insurance—Specialty,Financial Services,AGO
2011Q2,2011,Q2,2011-08-09,2011-06-30,-57667000.0,102012000.0,0.0,-0.31,0.0,0.0,19238864000.0,3949985000.0,0.0,0.0,15288879000.0,0.0,1149898000.0,3004302000.0,3891514000.0,21.44400108577633,0.0,0.05438897015956867,0.2649078414221826,0.0,21.44400108577633,-0.014599295946693468,29.450476414539466,-13.024355350547106,0.760585673110151,-0.14377373541193403,0.0,0.002759709243611328,0.005302392074708777,0.0,-0.002997422301025674,3.888600969204962,0.0,-1.4626865671641789,-1.5217788635541079,-0.4874985200423043,-0.05458091289894106,0.0,-1.4598387649812212,0.0,-1.0516293264367929,-0.9409107134920887,-0.14015331213881013,Insurance—Specialty,Financial Services,AGO
2011Q1,2011,Q1,2011-05-10,2011-03-31,125407000.0,254053000.0,0.0,0.67,0.0,0.0,19509178000.0,3894491000.0,0.0,0.0,15614687000.0,0.0,1215912000.0,2740110000.0,3693952000.0,21.177221315932574,0.0,0.05380585486482311,0.2695366352111226,0.0,21.177221315932574,0.032201127181960366,10.78558411040216,5.462434313874026,0.7035861682566477,0.06607286674587542,0.0,0.003023966191138312,0.013022229844845334,0.0,0.006428102711452015,-17.32514321121916,0.0,1.6831436844895795,0.4509157327944981,0.39845132281993334,-0.06077786999521603,0.0,1.7964523647726045,0.0,1.3231897621438853,1.7945384456020257,0.13774824755455994,Insurance—Specialty,Financial Services,AGO
2010Q4,2010,Q4,2011-03-01,2010-12-31,-157457000.0,46938000.0,0.0,-0.98076,0.0,0.0,20471512000.0,3798764000.0,0.0,0.0,16672748000.0,0.0,1098859000.0,3255030000.0,4200787000.0,20.65668297988037,0.0,0.05143420769311031,0.27717857703189774,0.0,20.65668297988037,-0.041449534638108604,69.34743704461204,-5.168125265945623,0.8568655488995894,-0.05271915507090825,0.0,0.002550206910535387,0.002292844807945793,0.0,-0.007691517851734645,13.341161715522329,0.0,-2.0216250000000002,-2.665016320778948,-0.7562862392533036,-0.07730034341703988,0.0,-1.8706160115450328,0.0,0.735983548257002,1.0663722262989563,-0.00601912361162958,Insurance—Specialty,Financial Services,AGO
2010Q3,2010,Q3,2010-11-09,2010-09-30,180857000.0,244228000.0,0.0,0.96,0.0,0.0,18371128000.0,4189223000.0,0.0,0.0,14181905000.0,0.0,1264660000.0,3143107000.0,4111583000.0,22.804697876973325,0.0,0.05747475059778583,0.25204578510143766,0.0,22.804697876973325,0.04317196768947368,12.869560410763713,4.344740596161608,0.7502840025465343,0.045759909762961896,0.0,0.002633063398732528,0.013294121079554832,0.0,0.00984463229476165,28.679291938500842,0.0,-0.1111111111111112,0.8575918422554706,0.23588326548525124,0.032074103205855374,0.0,-0.11143373718912439,0.0,1.5791315769231304,1.677846770239099,-0.03879679079263779,Insurance—Specialty,Financial Services,AGO
2010Q2,2010,Q2,2010-08-09,2010-06-30,203538000.0,428075000.0,0.0,1.08,0.0,0.0,17588590000.0,3868565000.0,0.0,0.0,13720025000.0,0.0,1092129000.0,2443219320.0,3405267320.0,21.01156336222816,0.0,0.06022427039347668,0.2738121241338843,0.0,21.01156336222816,0.052613307518420915,5.707456216784442,3.000937564484273,0.6315570036951687,0.0408179308040759,0.0,0.0034004315257297494,0.024338221540214422,0.0,0.011572161270459997,-187.9544057235172,0.0,-0.36094674556213013,0.22831983287575666,1.8312421723887613,-0.03775861370504113,0.0,-0.36784532960633587,0.0,1.303099676291034,1.3953267524926367,-0.15268855450091204,Insurance—Specialty,Financial Services,AGO
2010Q1,2010,Q1,2010-05-10,2010-03-31,321975000.0,683885000.0,0.0,1.69,0.0,0.0,17388454000.0,3619035000.0,0.0,0.0,13769419000.0,0.0,885344000.0,4048302050.0,5019726050.0,19.64038205844843,0.0,0.06106902890849296,0.29341965468695386,0.0,19.64038205844843,0.08896708652997277,5.919565497123054,3.1433357015296215,1.118613677402954,0.025793928100007763,0.0,0.0020514773595018683,0.03932983346305543,0.0,0.01851659727771083,-17.11104463417727,0.0,0.5648148148148147,1.9122459369925706,2.592126284056269,-0.0559183054014682,0.0,0.48559735340122084,0.0,2.01266824437818,2.3074685340742374,-0.221513174238817,Insurance—Specialty,Financial Services,AGO
2009Q4,2009,Q4,2010-03-01,2009-12-31,216731000.0,570469000.0,0.0,1.08,0.0,0.0,16593436000.0,3520508000.0,0.0,0.0,13073277000.0,0.0,789869000.0,4009606400.0000005,5031886400.0,19.105679320543782,0.0,0.06426715961660985,0.302914522563221,0.0,19.105679320543782,0.061562422241335624,7.028614000059601,4.625095625452751,1.138928359202706,0.032598013205309806,0.0,0.0017620183367624313,0.03437919668958256,0.0,0.013061249038475213,-278.27096953293085,0.0,5.832366114374947,0.8011532391632467,1.2990082343227212,-0.07557387752219397,0.0,7.187011133314302,-1.0,0.8613770882093618,1.3186105416112692,-0.22273536978109562,Insurance—Specialty,Financial Services,AGO
2009Q3,2009,Q3,2009-11-16,2009-09-30,-35030000.0,285552000.0,70100000.0,-0.223493,0.0,0.0,16202630000.0,2801577000.0,0.0,0.0,13405498000.0,0.0,580239000.0,1785494220.0000002,2596074220.0,30.47146539628675,0.0,0.06610432997605944,0.38230753607700235,0.025973872834560627,30.47146539628675,-0.012503672038998036,6.252781349806691,-12.742607907507852,0.6373175607880848,-0.20176991150442478,0.0,0.003958567841233336,0.017623805517993068,0.0,-0.0021619946885166174,19.664249826539944,0.0,0.8772016483516484,-1.6457715431559876,1.5809075140872206,0.5450364565879383,0.0,0.7939460247994164,0.0,-1.7327023312988796,1.8691434477833861,0.2641753231256588,Insurance—Specialty,Financial Services,AGO
2009Q2,2009,Q2,2009-08-10,2009-06-30,-170004000.0,-169500000.0,0.0,-1.82,0.0,0.0,6495739000.0,2354919000.0,0.0,0.0,4140820000.0,0.0,622369000.0,1152058040.0,1660525040.0,25.30592748608395,0.0,0.07958663363783551,0.21952941905857484,0.0,25.30592748608395,-0.07219101803501522,-6.796802595870206,-1.694163137337945,0.4892134464072862,-0.023981788663796147,0.0,0.0035388842041326318,-0.02609402871636314,0.0,-0.0261716180406879,32.21368565276962,0.0,-2.956989247311828,-4.20501870383342,-4.676038167650599,0.3462498525005068,0.0,-2.988606721332569,0.0,-4.044767779234456,-2.6855804113930315,0.11568297196217689,Insurance—Specialty,Financial Services,AGO
2009Q1,2009,Q1,2009-05-11,2009-03-31,85489000.0,243066000.0,0.0,0.93,0.0,0.0,5588328000.0,2025593000.0,0.0,0.0,3562735000.0,0.0,738831000.0,614790470.0,942688470.0,22.30559073240026,0.0,0.06213414817455239,0.17141943124803452,0.0,22.30559073240026,0.04220443099872482,2.5293149597228735,1.7978642573898396,0.3035113519843325,0.04821672963773117,0.0,0.006704723318173751,0.04349529948850533,0.0,0.01529777779686518,3.681005346761108,0.0,1.3477961690064997,0.494277397992941,0.6586546736883182,0.09946966984143311,0.0,1.3506751878712302,0.0,1.0029675775381808,1.7095084618378356,-0.010734027559206423,Insurance—Specialty,Financial Services,AGO
2008Q4,2008,Q4,2009-02-26,2008-12-31,-243784000.0,-179902000.0,0.0,-2.67398,0.0,0.0,4555707000.0,1926222000.0,0.0,0.0,2629485000.0,0.0,638055000.0,1035245400.0,1370150400.0,21.211329024016916,0.0,0.07621429560768504,0.18025440473631804,0.0,21.211329024016916,-0.12656069757276162,-5.754496336894531,-1.0616420683884096,0.5374486429913062,-0.016912512716174975,0.0,0.003982630591741822,-0.03948937014606076,0.0,-0.05351178203514844,18.140558631807668,0.0,-2.841941847450492,-3.0547241649784045,-1.8025474929552112,0.09822173017229548,0.0,-2.848815914114304,-1.0,-6.220414557219568,-2.8916236421450856,-0.05252522754057727,Insurance—Specialty,Financial Services,AGO
2008Q3,2008,Q3,2008-11-07,2008-09-30,-63340000.0,29810000.0,26000000.0,-0.695997,0.0,0.0,4442684000.0,2089948000.0,0.0,0.0,2352736000.0,0.0,885978000.0,1381758540.0000002,1742981540.0000002,24.593699619906094,0.0,0.08307748199061649,0.17660104461929196,0.006728182863449284,24.593699619906094,-0.030306974144811257,46.352181818181826,-5.4537359488474895,0.6611449375773943,-0.06509314808967477,0.0,0.002983878789705182,0.006709907794477393,0.0,-0.014257147256028113,35.83491636193885,0.0,-1.1165824120603016,-2.3076502075994387,-0.7767227480675077,0.0,0.0,-1.1161741401572955,0.0,-2.4063407846089193,-0.6739069709939296,0.11303910346290347,Insurance—Specialty,Financial Services,AGO
2008Q2,2008,Q2,2008-08-08,2008-06-30,545216000.0,842714000.0,0.0,5.97,0.0,0.0,4527588000.0,2242395000.0,0.0,0.0,2285193000.0,0.0,953460000.0,1617552859.9999998,1954605859.9999998,24.93933091620882,0.0,0.07668034282271266,0.1548241946668629,0.0,24.93933091620882,0.2431400355423554,1.9194564941368006,0.7417027655094495,0.7213505470713233,0.007560306373987557,0.0,0.002548293846792741,0.18612868485383388,0.0,0.120420851013829,8.872199849712313,0.0,3.8293838862559246,9.63815757320953,4.779765110677617,0.0,0.0,4.222145394157521,0.0,5.73749981402487,10.413046186193187,0.14211664978824712,Insurance—Specialty,Financial Services,AGO
2008Q1,2008,Q1,2008-05-09,2008-03-31,-169209000.0,-139434000.0,0.0,-2.11,0.0,0.0,4062032000.0,1492670000.0,0.0,0.0,2569362000.0,0.0,412384000.0,1903801737.86,2092839737.86,18.61327526669474,0.0,0.04860030644761046,0.13225696235604656,0.0,18.61327526669474,-0.11335995230024051,-13.653784140596985,-2.8127962133515356,1.2754337783033087,-0.02155322707421,0.0,0.0019156406507431134,-0.034326169759371666,0.0,-0.04165624495326477,12.773335152873292,0.0,0.3494461042304503,-6.023809512034928,-2.476235094390306,0.0,0.0,0.3493713231053178,0.0,-4.516666644780188,-2.6828253729816534,-0.1052896830868313,Insurance—Specialty,Financial Services,AGO
2007Q4,2007,Q4,2007-12-31,2007-12-31,-260070000.0,-308388000.0,0.0,-3.24339,0.0,0.0,3800359000.0,1666570000.0,0.0,0.0,2133789000.0,0.0,585256000.0,2128344487.06,2317704487.06,20.781771028569914,0.0,0.05194456628965843,0.11845167019687142,0.0,20.781771028569914,-0.15605105096095573,-6.901515256949038,-2.0459342552582,1.2770807629202492,-0.010585611566116815,0.0,0.0012934936128703824,-0.08114707057938474,0.0,-0.06843300856576971,10.72311084662589,0.0,-0.9078764705882355,-3.482195828239381,-2.557864479354753,0.07598126025949548,0.0,-1.2623044938151324,0.0,-5.966171731317617,-3.8556685270423667,0.0055236292752612985,Insurance—Specialty,Financial Services,AGO
2007Q3,2007,Q3,2007-11-08,2007-09-30,-114958000.0,-132631000.0,0.0,-1.7,0.0,0.0,3137604000.0,1604351000.0,0.0,0.0,1533253000.0,0.0,848083000.0,1908302801.6599998,2080479801.6599998,23.725157863110738,0.0,0.06291393050238335,0.12303978368823282,0.0,23.725157863110738,-0.07165389618605904,-14.388060119127504,-4.150000003610014,1.1894546777232662,-0.023973973103220306,0.0,0.0014442152459256481,-0.04227142749690528,0.0,-0.036638785519141355,2.7289030515963977,0.0,-4.617021276595745,-3.9824561370599794,-2.248385983877413,0.0,0.0,-4.504282883706752,-1.0,-3.881355934228297,-2.6298634638041363,0.20296918313869486,Insurance—Specialty,Financial Services,AGO
2007Q2,2007,Q2,2007-08-09,2007-06-30,32805000.0,66338000.0,44158000.0,0.47,0.0,0.0,2972491000.0,1694783000.0,0.0,0.0,1277708000.0,0.0,965803000.0,2020241250.0,2193889250.0,24.79792226794696,0.0,0.06640592015249164,0.11646977813678801,0.019969119391680078,24.79792226794696,0.01935646038460381,30.453755765926015,15.395833333333334,1.192035352018518,0.08422496570644719,0.0,0.0013676584417826338,0.022317308950641063,0.0,0.011036198259305074,-3.7278775962858535,0.0,-0.17543859649122803,-0.15789473526450137,-0.40142183854820634,0.0,0.0,-0.15778799003876665,0.0,-0.15789473977177854,0.9589691337002048,0.319224486591176,Insurance—Specialty,Financial Services,AGO
2007Q1,2007,Q1,2007-05-07,2007-03-31,38951000.0,75359000.0,0.0,0.57,0.0,0.0,2953059000.0,1694296000.0,0.0,0.0,1258763000.0,0.0,935726000.0,1834726426.04,2026395426.04,25.228920270095266,0.0,0.06684018165570008,0.11649853390434729,0.0,25.228920270095266,0.02298948943986175,24.34648052707706,11.775862147570026,1.082884233947315,0.07085825781109599,0.0,0.0015043114661824942,0.025518961862936028,0.0,0.01319005140093713,61.15143239142752,0.0,-0.08064516129032265,0.3809523708645864,-0.04726449721184554,0.0,0.0,-0.08212366858327835,-1.0,-0.07936508963322778,-0.3046319595734426,0.24356413477656444,Insurance—Specialty,Financial Services,AGO
