Quarters,Year,Quarter,FillingDate,Date,NetIncome,Revenue,OperatingIncome,EPSDiluted,GrossProfit,GrossProfitRatio,TotalAssets,CommonStockEquity,CurrentAssets,CurrentLiability,TotalLiability,Inventory,RetainedEarnings,MarketCap,EnterpriseValue,bookValuePerShare,currentRatio,debtToAssets,debtToEquity,roic,shareholdersEquityPerShare,roe,priceToSalesRatio,peRatio,pbRatio,payoutRatio,inventoryTurnover,dividendYield,assetTurnover,quickRatio,returnOnAssets,priceToFreeCashFlowsRatio,grossProfitMargin,epsdilutedGrowth,fiveYNetIncomeGrowthPerShare,fiveYRevenueGrowthPerShare,fiveYShareholdersEquityGrowthPerShare,grossProfitGrowth,netIncomeGrowth,operatingIncomeGrowth,threeYNetIncomeGrowthPerShare,threeYRevenueGrowthPerShare,threeYShareholdersEquityGrowthPerShare,Industry,Sector,Symbol
2023Q1,2023,Q1,2023-05-15,2023-03-31,-3831000.0,13020000.0,-3841000.0,-0.38,5000.0,0.0003840246,40982000.0,21852000.0,23456000.0,17931000.0,19130000.0,12745000.0,-81132000.0,162504740.0,163051740.0,2.1394164871744663,1.3081255925492163,0.03750427016739056,0.07033681127585575,-0.1541363585036774,2.1394164871744663,-0.17531576057111478,12.48116282642089,-10.604590185330201,7.436607175544573,0.0,1.0211847783444488,0.0,0.3177004538577912,0.43901622887736325,-0.0934800644185252,-171.23787144362487,0.00038402457757296467,0.5064935064935066,-0.06403324120361634,0.27198268789466196,9.462904108433236,1.007173601147776,0.5096006144393241,0.5083834634583386,-1.0785465581110198,4.055297311047738,1.1206057211019411,Solar,Technology,BEEM
2022Q4,2022,Q4,2023-03-31,2022-12-31,-7812000.0,7896000.0,-7813000.0,-0.77,-697000.0,-0.0882725431,37730000.0,23207000.0,19935000.0,13172000.0,14523000.0,12246000.0,-77301000.0,177372910.0,177389910.0,2.285728356150891,1.513437594898269,0.045003975616220514,0.07316757874779162,-0.29372628109796495,2.285728356150891,-0.33662257077605895,22.46364108409321,-5.67629640296979,7.643077950618348,0.0,0.7016985138004246,0.0,0.20927643784786643,0.463862739143638,-0.20705009276437847,-69.3675831052014,-0.08827254305977711,-0.14925373134328354,-0.7646074290133201,6.2439123703481805,19.781228768407928,-1.056047197640118,-0.1537439078422685,-0.14778904069340384,-1.8911503053746226,7.191702243528239,1.0498669028969447,Solar,Technology,BEEM
2022Q3,2022,Q3,2022-11-10,2022-09-30,-6771000.0,6611000.0,-6807000.0,-0.67,-339000.0,-0.0512781727,42781000.0,29543000.0,24516000.0,11689000.0,13238000.0,12187000.0,-69489000.0,123073600.0,120248600.0,2.9285289452815224,2.0973564890067586,0.043360370257824736,0.0627898317706394,-0.20416059530689465,2.9285289452815224,-0.22919134820431236,18.616487672061716,-4.544144144144144,4.16591409132451,0.0,0.5702798063510298,0.0,0.15453121712909937,0.922491231071948,-0.15827119515672847,-13.894061864980808,-0.051278172742399035,-1.3928571428571428,-2.0177574406573373,6.397330198726121,6.1853295490773075,-0.03987730061349693,-1.4156261148769176,-1.4172585227272727,-4.624001156821248,0.8768674741549772,1.1277801855923513,Solar,Technology,BEEM
2022Q2,2022,Q2,2022-08-12,2022-06-30,-2803000.0,3718000.0,-2816000.0,-0.28,-326000.0,-0.0876815492,45722000.0,35975000.0,27223000.0,7854000.0,9747000.0,7357000.0,-62700000.0,156364000.0,144614000.0,3.5707196029776673,3.466131907308378,0.043830103670005685,0.055705350938151495,-0.07045506831481181,3.5707196029776673,-0.07791521890201529,42.05594405594405,-13.946129147342132,4.346462821403753,0.0,0.5496805763218703,0.0,0.08131752766720617,2.12235803412274,-0.06130527973404488,-27.67504424778761,-0.08768154922001076,-0.16666666666666682,-0.1568723337766011,0.8264781827781211,7.1317771741717815,-0.06885245901639345,-0.23154657293497363,-0.23508771929824562,-0.3197874574015816,0.050009541236773716,1.2262174975529678,Solar,Technology,BEEM
2022Q1,2022,Q1,2022-05-25,2022-03-31,-2276000.0,3770000.0,-2280000.0,-0.24,-305000.0,-0.0809018568,46510000.0,38348000.0,27968000.0,6128000.0,8162000.0,4403000.0,-59897000.0,190369050.0,173341050.0,4.119454291545816,4.563968668407311,0.04618361642657493,0.05601335141337228,-0.0534189626693966,4.119454291545816,-0.05935120475644101,50.495769230769234,-20.910484402460455,4.964249765307186,0.0,0.9255053372700431,0.0,0.08105783702429585,3.5651109660574414,-0.04893571274994625,-92.8629512195122,-0.08090185676392574,-0.09090909090909087,0.033866549298991,1.6747857229640293,9.384497461171275,0.10458452722063037,-0.12938336958177585,-0.13187146507357414,0.25165114981928105,-0.010470054607317522,4.529166959670919,Solar,Technology,BEEM
2021Q4,2021,Q4,2022-03-31,2021-12-31,-2015259.0,3487649.0,-2014363.0,-0.22,-340624.0,-0.0976657915,30657987.0,25977806.0,27566820.0,2955010.0,4680181.0,1610860.0,-57618645.0,166657860.0,146784460.0,2.8992763473621945,9.328841526763023,0.06768585295570775,0.07988018695651203,-0.06687496329450328,2.8992763473621945,-0.07757618176069218,47.78515842620631,-20.6744964294912,6.415393971299963,0.0,2.3765398606955292,0.0,0.1137598825389286,8.731865543602222,-0.0657335721357048,-128.76840165501895,-0.09766579148303055,-0.15789473684210525,0.18081898288800663,-0.39457187329833654,6.124690058374334,-0.6374343221662989,-0.193427693794559,-0.19240420308891873,0.458079130819034,-0.24760906205333932,4.39710361942572,Solar,Technology,BEEM
2021Q3,2021,Q3,2021-11-12,2021-09-30,-1688631.0,2020612.0,-1689329.0,-0.19,-208023.0,-0.10295049222710743,31091612.0,27455902.0,27912646.0,1787558.0,3635710.0,2126640.0,-55603834.0,244135582.88,223240572.88,3.078076652633505,15.614959626484847,0.07022607898233131,0.07952541497270788,-0.05308551551708892,3.078076652633505,-0.06150338823324763,120.82259378841658,-36.144009982050555,8.89191631292973,0.0,1.0479606327352067,0.0,0.06498897516153232,14.295634603184904,-0.05431146509868964,-140.47330641272762,-0.10295049222710743,-0.05555555555555561,0.2853196702338467,-0.002147924157398145,5.4314745240224545,0.24045100537832675,-0.028531698367876973,-0.028268529728459717,0.0955432231453092,-0.30031408811509136,5.730739081810371,Solar,Technology,BEEM
2021Q2,2021,Q2,2021-08-12,2021-06-30,-1641788.0,2121098.0,-1642887.0,-0.18,-273877.0,-0.1291203895340998,33340200.0,29317517.0,30349931.0,2172494.0,4022683.0,1936660.0,-53915203.0,340281755.82,317259151.82,3.3006591069317235,13.970087374234405,0.06856593541730403,0.07797392937471478,-0.04850210090894648,3.3006591069317235,-0.05600024040235058,160.42717301133658,-51.81572709448479,11.606772695654957,0.0,1.2366522776326252,0.0,0.06361983431413129,12.942115375232337,-0.04924349583985699,-111.74012503874829,-0.1291203895340998,-0.28571428571428553,0.3390543522391965,0.5482384889110237,6.081649646854434,-0.8366215128755364,-0.3125808976430454,-0.3124249577606557,0.3090995815178195,-0.1816199688924154,7.650676720439456,Solar,Technology,BEEM
2021Q1,2021,Q1,2021-05-24,2021-03-31,-1250809.0,1372392.0,-1251795.0,-0.14,-149120.0,-0.10865700178957616,34464347.0,30515454.0,31492321.0,1984843.0,3948893.0,1553443.0,-52273415.0,380048622.24,354219099.24,3.481528436128452,15.86640404304018,0.06918761582803237,0.07814093147688381,-0.03547722672067646,3.481528436128452,-0.040989362308029235,276.9242477659444,-75.96056277177411,12.454300114296185,0.0,0.9794450134314552,0.0,0.03982062970756417,15.012643821198957,-0.036292839089624995,-417.013993681949,-0.10865700178957616,0.47482931952884677,0.583352910229087,-0.025637327807467088,5.349760031570085,0.722792817746316,0.4646710241367091,0.46439917524502833,0.5951631789384512,-0.8437592343202047,14.771905322021517,Solar,Technology,BEEM
2020Q4,2020,Q4,2021-03-30,2020-12-31,-2336524.0,2200706.0,-2337179.0,-0.26658,-537937.0,-0.24443837568489385,32902759.0,29152291.0,29903431.0,1840111.0,3750468.0,1092763.0,-51022606.0,646678675.02,622407234.02,3.326004263111784,16.250884321652336,0.07389541405934985,0.0834021243819225,-0.06870947597231217,3.326004263111784,-0.0801488980745973,293.8505529680021,-69.1923852504832,22.18277373191699,0.0,2.5061637335817557,0.0,0.06688515087746896,15.488114032251316,-0.07101301140126273,-619.9786734684095,-0.24443837568489385,-0.5681176470588233,-1.3257237273573539,-0.5767852448440539,6.082775855828007,-1.8502691647415384,-1.124068314935233,-1.1330561880815373,0.3886349436499406,1.3386895393650973,28.32890230901907,Solar,Technology,BEEM
2020Q3,2020,Q3,2020-11-12,2020-09-30,-1100023.0,1237434.0,-1095695.0,-0.17,-188732.0,-0.15251884140891556,18841378.0,14892444.0,15822538.0,1908326.0,3948934.0,1918712.0,-48686082.0,80449258.88,71018929.88,2.2510104078164503,8.291318150043546,0.15401713186795574,0.1948568683555231,-0.0540315353995028,2.2510104078164503,-0.0738645047112482,65.01296948362499,-18.2835401805235,5.402018559210295,0.0,0.7432934176676854,0.0,0.06567640647090675,7.148871314439986,-0.05838336240587074,-88.12272106190774,-0.15251884140891556,-0.06250000000000006,0.36709142587545224,-0.4326187407884719,4.275086310283448,-4.410654908197196,-0.31904043014208167,-0.3151722623058651,0.25243341264704816,1.1112832067526475,4.985697598016788,Solar,Technology,BEEM
2020Q2,2020,Q2,2020-08-13,2020-06-30,-833957.0,1455158.0,-833119.0,-0.16,55336.0,0.03802748567509508,5952478.0,4587141.0,5354373.0,1365337.0,1365337.0,2278271.0,-47586059.0,52419079.57,50897059.57,0.8724646854763536,3.9216493803361367,0.07230165319384632,0.0938218380468357,-0.16335957987674343,0.8724646854763536,-0.1818032190421005,36.02294704080244,-15.713963540686152,11.427396622427782,0.0,0.6144229549513645,0.0,0.24446255828244975,2.0374984344524467,-0.14010249176897419,-62.08864022068978,0.03802748567509508,0.11111111111111106,0.4804568186325833,-0.08710503300318313,2.0933306666051585,2.39592845790974,0.11518470145492779,0.11524774303582788,0.3404361900086518,0.369828119394027,2.498229947603177,Solar,Technology,BEEM
2020Q1,2020,Q1,2020-05-14,2020-03-31,-942521.0,1317052.0,-941641.0,-0.18,-39641.0,-0.030098280098280097,7014154.0,5269506.0,6320263.0,1744648.0,1744648.0,2525731.0,-46752102.0,39643890.66,37436391.66,1.0088704684163308,3.6226579802917263,0.03204962423123302,0.04266073518086895,-0.1648377637096825,1.0088704684163308,-0.17886325587256185,30.100474893929775,-10.515386569636114,7.523265114414899,0.0,0.537148651222161,0.0,0.18777061353372054,1.9550711662180567,-0.13437415260628724,-23.364080050071074,-0.030098280098280097,0.32363882313155223,0.22603642829318796,3.9344623048347613,3.0130375684761566,0.9211993145865056,0.32195367949734327,0.32459103171113607,0.28694269529690253,0.6654020884124243,3.0533962225159743,Solar,Technology,BEEM
2019Q4,2019,Q4,2020-03-30,2019-12-31,-1390054.0,495876.0,-1394179.0,-0.26613,-503054.0,-1.014475393041809,7286999.0,5824162.0,6605556.0,1462837.0,1462837.0,1843880.0,-45809581.0,24339990.84,21063415.84,1.1150618378786539,4.515578974280798,0.07861686271673703,0.0983628202649583,-0.2066612878385071,1.1150618378786539,-0.23867021556062487,49.0848333857658,-4.377526132078322,4.179140422261606,0.0,0.5417543441004837,0.0,0.06804941238498867,3.155254481531435,-0.190758088480594,-16.90144512270912,-1.014475393041809,-1.2177499999999999,0.2213402372719419,0.09079031131071927,4.768509862064565,-2.475937178181946,-1.2774217965374703,-1.239101840356797,0.030698142053737,-0.8523337402104146,2.970956069864934,Solar,Technology,BEEM
2019Q3,2019,Q3,2019-11-14,2019-09-30,-610363.0,1785724.0,-622651.0,-0.12,340837.0,0.19086768167981166,9021304.0,7038962.0,8263003.0,1981402.0,1982342.0,1695919.0,-44419527.0,29509487.919999998,24922235.919999998,1.3763305839161442,4.17028094248416,0.07814579799106648,0.10015354536649011,-0.07599365384179901,1.3763305839161442,-0.08671207487694918,16.52522333798504,-12.086859753949698,4.1923067520466795,0.0,0.8519787796469053,0.0,0.19794521944942772,3.210886029185395,-0.06765795720884697,-47.41721594570144,0.19086768167981166,0.42857142857142855,0.6284625178604332,1.542983667438849,3.3057683159659152,4.5380128361361605,0.37963296113120176,0.08294499888065417,0.5494575716958563,0.5380413020201079,2.9814886396799385,Solar,Technology,BEEM
2019Q2,2019,Q2,2019-08-14,2019-06-30,-983874.0,1640350.0,-678968.0,-0.21,61545.0,0.03751943182857317,10092139.0,7486065.0,9218303.0,2314002.0,2606074.0,1503254.0,-43809164.0,23289812.03,18111953.03,1.603940139228337,3.983705718491168,0.07326088156336333,0.09876470482155845,-0.07766937621709322,1.603940139228337,-0.1314273920945116,14.1980748193983,-5.917884818076299,3.111088673421885,0.0,1.050258306314169,0.0,0.16253739668072348,3.147296329043795,-0.0974891447690128,-8.828352556982946,0.03751943182857317,0.32258064516129037,0.6082782031820972,0.39371849908599515,2.7240297911206035,2.158995894693232,-0.03605926933724784,-0.17923681198536218,0.246211982582451,1.2786347882049407,3.469404315328445,Solar,Technology,BEEM
2019Q1,2019,Q1,2019-05-15,2019-03-31,-949631.0,1189595.0,-575769.0,-0.31,-53102.0,-0.04463872158171479,4098602.0,-3392792.0,2864404.0,7079618.0,7491394.0,1270070.0,-42825290.0,25433012.5,29443559.5,-1.1672596787344796,0.40459866619922147,1.0092070418157215,-1.2191546077684692,-0.45433268759592355,-1.1672596787344796,0.27989661612029265,21.379555647089976,-6.695498698968336,-7.496189716316237,0.0,0.9784476446180131,0.0,0.2902440881061396,0.18580282156466635,-0.23169631986711567,-108.03893061349328,-0.04463872158171479,0.2530660434185481,0.5195711468688478,2.0208321392178457,-0.698252019460976,0.8164364430801565,0.21280378929428206,0.3775079950959087,0.046123002896913345,1.5468403824496673,-0.45835359100747797,Solar,Technology,BEEM
2018Q4,2018,Q4,2019-03-20,2018-12-31,-1206346.0,1503717.0,-924942.0,-0.41503,-289284.0,-0.19237928413391617,3487192.0,-2480679.0,2921763.0,5681343.0,5967871.0,1130966.0,-41875659.0,28339642.5,31245086.5,-0.8534553761572681,0.5142732977044336,0.9031530239803257,-1.2695991702271838,-1.3830101870694644,-0.8534553761572681,0.4862966953805793,18.846393636568582,-5.873033627997275,-11.424147380616356,0.0,1.5853712666870623,0.0,0.4312114159472722,0.2701343678774543,-0.3459362145818183,-85.92848046572975,-0.19237928413391617,-0.9828484066695333,0.1319215103207982,16.9116465436445,0.49054632607886317,-7.552298980747452,-0.9888452179188731,-0.9459435577865766,-2.620928115503944,-0.12798286256017108,-0.3042443835896486,Solar,Technology,BEEM
2018Q3,2018,Q3,2018-11-14,2018-09-30,-606556.0,938218.0,-475318.0,-0.20931,44150.0,0.047057293720649145,2619635.0,-1885518.0,2145787.0,4393222.0,4505153.0,756467.0,-40669313.0,24631971.5,27384525.5,-0.6506544959261584,0.48843126980607854,1.1480584127178022,-1.5950492119406974,-0.4236436430012763,-0.6506544959261584,0.32169197005809547,26.253995873027378,-10.152389680425221,-13.063768948373868,0.0,1.181899540892068,0.0,0.3581483679978318,0.23869315049410206,-0.2315421804946109,-31.7722429820952,0.047057293720649145,0.58138,0.07742357896280096,4.779249784825383,0.5270674530625917,1.3566776983025515,0.2166102049540794,0.14267058910531244,0.20325684416718617,-0.01787915695525623,0.05333639287824278,Solar,Technology,BEEM
2018Q2,2018,Q2,2018-08-14,2018-06-30,-774271.0,844495.0,-554417.0,-0.5,18734.0,0.02218367189859028,2233720.0,-1436325.0,1787427.0,3552849.0,3670045.0,891990.0,-40062757.0,34729548.0,36696604.0,-0.4962892117110191,0.5030968104751989,0.9382245760435507,-1.459092475588742,-0.8407824617913698,-0.4962892117110191,0.5390639305171183,41.12463424887063,-11.213628044961002,-24.17944963709467,0.0,0.9257514097691678,0.0,0.3780666332396182,0.23024733108555978,-0.34662849417115843,-269.5368066496442,0.02218367189859028,0.0,0.46497224375945,180.3034619966034,0.6122530732609598,-0.4538192419825073,0.23461284866553908,0.035576800975526596,0.12371105701165266,-0.037536892115068825,0.37807429492381045,Solar,Technology,BEEM
2018Q1,2018,Q1,2018-05-14,2018-03-31,-1011607.0,2875972.0,-574869.0,-0.5,34300.0,0.01192640262144416,2283530.0,-725482.0,1868708.0,2991753.0,3009012.0,538425.0,-39288486.0,50938843.5,52573538.5,-0.25279932984736886,0.6246197463493811,0.8271929862975306,-2.6036759009872057,-0.49411227757731824,-0.25279932984736886,1.3943929690881374,17.711870456318767,-12.588595052228781,-70.21379372610208,0.0,5.277748990110044,0.0,1.2594413035957488,0.37703446775184984,-0.44300140571833957,116.05601869150361,0.01192640262144416,-0.14671008875536093,0.5679285358558472,7.259519030907826,0.745861803644131,1.076822633784489,0.1915719804431459,0.4075390572262181,-0.5119070117158648,18.611252777650545,0.49557989434740435,Solar,Technology,BEEM
2017Q4,2017,Q4,2018-04-02,2017-12-31,-1251326.0,308099.0,-970307.0,-0.43603,-446483.0,-1.4491543302639736,3242574.0,-349262.0,2784595.0,3571216.0,3591836.0,2319500.0,-38276879.0,21523455.0,23695642.0,-0.12170281211822173,0.7797330097087378,0.79432635924423,-7.374584123093838,-0.4358188106360043,-0.12170281211822173,3.5827716728415915,69.85889275849645,-4.300129422708391,-61.625527540929156,0.0,0.3253209743479198,0.0,0.095016798383013,0.11464470365276141,-0.3859051481939965,-10.71281279676995,-1.4491543302639736,-0.9604343232246025,0.15540217219101163,0.3231291434171553,0.923830743017386,-46.967662226042115,-1.210046291144986,-0.9450955000320739,-0.2757638746046348,0.2335087703377895,0.5886880600442354,Solar,Technology,BEEM
2017Q3,2017,Q3,2017-11-14,2017-09-30,-566199.0,225524.0,-498848.0,-0.222415,-9308.0,-0.04127276919529629,2135708.0,-1437735.0,1673268.0,3551234.0,3573443.0,1218631.0,-37025553.0,19729105.25,21839396.25,-0.5647720010009071,0.47117931400746893,1.0496748619193261,-1.559257443131036,-0.6204083257054165,-0.5647720010009071,0.39381318532274723,87.48117827814335,-8.711206329400087,-13.7223516503389,0.0,0.19270148223703484,0.0,0.10559683252579473,0.07584940896601013,-0.2651106799244091,-19.793513342416222,-0.04127276919529629,0.07515135890356278,0.5749863456087991,-0.4847152242935816,0.5989687886883298,0.2897909354494125,0.06309942217191875,0.10664436477208013,0.3075894035737243,-0.3547883892562706,0.05383677375877957,Solar,Technology,BEEM
2017Q2,2017,Q2,2017-08-14,2017-06-30,-604332.0,507730.0,-558398.0,-0.240488,-13106.0,-0.025812932070194788,1960804.0,-1463364.0,1478518.0,2241564.0,3424168.0,693895.0,-36459354.0,12564725.0,14140025.0,-0.5823302937390193,0.6595921419151985,0.9420656016613593,-1.262301108951703,-1.4566883600854685,-0.5823302937390193,0.41297448891731653,24.746863490437832,-5.1977741539418725,-8.58619249892713,0.0,0.7505977129104547,0.0,0.2589397002454095,0.313272786322407,-0.3082062256094949,-26.615950855266643,-0.025812932070194788,0.5190239999999999,-0.15841947771132314,1.0493878511118608,0.460351426918164,-2.4006227296315514,0.024599199771455502,0.1700916855789538,0.5531144629041562,-0.19877623744040898,0.3740696737216836,Solar,Technology,BEEM
2017Q1,2017,Q1,2017-05-15,2017-03-31,-619573.0,370689.0,-672843.0,-0.5,-3854.0,-0.010396855585140105,1478658.0,-1202882.0,976244.0,1820945.0,2681540.0,352682.0,-35855022.0,17137932.0,18441652.0,-0.49131797232011426,0.5361194324924695,0.912237988770899,-1.1213801520016096,-4.608324315439091,-0.49131797232011426,0.515073797762374,46.23264245769364,-6.915219029880255,-14.247392512316253,0.0,1.0619850176646384,0.0,0.25069285798338764,0.28170482908599653,-0.4190103458676719,1200.4715606612497,-0.010396855585140105,-0.821095571095571,0.7440107288699549,-0.5118444293761436,0.7775278060900798,0.9416846979073673,0.07829068729544779,0.3740413061680156,0.6278688212550015,0.1175489072254534,0.2851789932513333,Solar,Technology,BEEM
2016Q4,2016,Q4,2017-03-31,2016-12-31,-672200.0,1574047.0,-1074900.0,-0.27456,-66089.0,-0.0419866751119884,2057590.0,-1385104.0,1535601.0,3413016.0,3442694.0,271802.0,-35235449.0,17627587.2,19525683.2,-0.5657466723523001,0.44992493442749754,0.9266491380692946,-1.3765493421432615,-2.0658498134264986,-0.5657466723523001,0.48530651849969386,11.19889507746592,-6.555930972924726,-12.726544143977637,0.0,6.034304383337871,0.0,0.7649954558488329,0.3426974851568232,-0.3266928785618126,-45.14407412529387,-0.0419866751119884,0.45087999999999995,0.36357711955885935,-0.48203440428445327,0.7731434255595765,-17.71149490373726,-0.10275541206501697,-0.7389883485030366,0.4257315052261044,21.259554765916228,0.6622884701526262,Solar,Technology,BEEM
2016Q3,2016,Q3,2016-11-14,2016-09-30,-609564.0,522412.0,-618118.0,-0.5,-3532.0,-0.0067609472983009575,1869854.0,-1598394.0,1308075.0,3436178.0,3468248.0,789385.0,-34563249.0,17834230.25,19615452.25,-0.6945942340292484,0.3806773106631845,0.995755283567594,-1.1648673606132156,-2.3455941227141466,-0.6945942340292484,0.38136029039148045,34.13824768573463,-7.314338711767754,-11.157593340565592,0.0,0.6662705777282315,0.0,0.27938651894746863,0.1255764398701115,-0.3259955055314479,-32.73807537333297,-0.0067609472983009575,0.0,0.7791811737839024,-0.5559617805306477,0.7447434993607528,0.8796141654453117,0.007967971877746314,-0.09211986289268172,-0.16755766378301004,3.0523638258623467,0.49512956224193827,Solar,Technology,BEEM
2016Q2,2016,Q2,2016-08-15,2016-06-30,-614460.0,338895.0,-565980.0,-0.5,-29339.0,-0.086572537216542,1871377.0,-1427134.0,1420231.0,3264092.0,3298511.0,713503.0,-33953685.0,17577568.0,19104035.0,-0.6495251220191554,0.43510752760645227,0.9977305481471666,-1.3083074189249222,-1.286329875726143,-0.6495251220191554,0.43055522466706,51.86729813068945,-7.151632327572178,-12.316690654136192,0.0,0.5160931348571764,0.0,0.18109392174853062,0.19055283980966223,-0.3283464529060686,-24.359596278757795,-0.086572537216542,0.0,-1.6957943008184992,-0.5118881423538577,0.7871690260054379,0.3588645353029873,0.16659885093016064,-0.06910718839429915,0.4407242079004432,94.83480447708988,0.4925310404503082,Solar,Technology,BEEM
2016Q1,2016,Q1,2016-05-16,2016-03-31,-737292.0,345919.0,-529395.0,-0.5,-45761.0,-0.13228819463516026,1587761.0,-1722945.0,1133968.0,3273991.0,3310706.0,623310.0,-33339225.0,19911707.25,21550387.25,-0.800395518571116,0.3463564805156764,1.1792039230085636,-1.0866823955494807,-3.544683928248599,-0.800395518571116,0.42792544161305207,57.56176229117221,-6.751635461255514,-11.556786345472432,0.0,0.628387158877605,0.0,0.2178659130687805,0.13549853985548524,-0.4643595604124298,-67.47283951244803,-0.13228819463516026,-3.3622404466934217,0.7726080195746033,-0.4723098554489026,0.8170340601005789,-2.08734703576096,-1.9882059221671922,-0.47765080889166767,0.5801760235221995,0.3244283821259558,0.19536545613552,Solar,Technology,BEEM
2015Q4,2015,Q4,2016-03-30,2015-12-31,-246734.0,1277080.0,-358268.0,-0.11462,42085.0,0.03295408275127635,1906147.0,-1408603.0,1360088.0,3275772.0,3314750.0,422175.0,-32601933.0,13992010.5,15636983.5,-0.6543676836148744,0.4151961736042679,0.8800076804149942,-1.190842274224888,-1.3327381417374387,-0.6543676836148744,0.17516219971134522,10.95625215334983,-14.177221724610309,-9.933253372312851,0.0,2.9253153313199505,0.0,0.6699798074335295,0.27050905862801194,-0.1294412235782445,-13.597757129779183,0.03295408275127635,0.77076,0.8602871416345027,1.9324992622541144,0.8378422368214385,1.896417312771577,0.5345985026963914,0.22051768514630468,0.777979820854173,6.311626660555781,0.5904556403679302,Solar,Technology,BEEM
2015Q3,2015,Q3,2015-11-16,2015-09-30,-530153.0,665254.0,-459623.0,-0.5,-46948.0,-0.07057154109558154,1808086.0,-1387023.0,1373926.0,3195109.0,3195109.0,781510.0,-32355199.0,13621743.0,14338052.0,-0.6873133085831967,0.43000911705985617,0.46051404634514065,-0.6003137655251571,0.8315944466228858,-0.6873133085831967,0.3822236545464639,20.476003150676284,-6.423496141679854,-9.820848680951938,0.0,0.9113152742767207,0.0,0.3679327200144241,0.16497559238198134,-0.29321226977035386,-35.58430467970387,-0.07057154109558154,0.0,0.7068211300311267,0.0,0.8359641036019285,0.3013066642855017,0.12142103108774803,-0.15265088914691552,0.49799067324830903,0.9174269082417401,0.5119551107291729,Solar,Technology,BEEM
2015Q2,2015,Q2,2015-08-14,2015-06-30,-603421.0,599222.0,-398753.0,-0.5,-67194.0,-0.11213540223823558,1809643.0,-1577208.0,1360309.0,3386851.0,3386851.0,733047.0,-31825046.0,10771821.450000001,11785328.450000001,-0.7979879391706776,0.4016441821621323,0.6034195694951988,-0.6923462219314129,0.8217746489322677,-0.7979879391706776,0.38258809237589464,17.97634507745043,-4.462813462739945,-6.829677157356544,0.0,0.9091040547195474,0.0,0.33112718917488143,0.15212656240265662,-0.3334475363372776,-15.022057143893111,-0.11213540223823558,-1.1445421402530562,0.4596886545235179,36.30213099744463,0.788444815530558,-9.885144986230358,-0.313998584571833,0.21715972962520147,-0.4706218687665482,2.0751720707069197,0.26050034260631094,Solar,Technology,BEEM
2015Q1,2015,Q1,2015-05-15,2015-03-31,-459225.0,100651.0,-509367.0,-0.23315,-6173.0,-0.061330736902763014,2251659.0,-987127.0,1935713.0,3238786.0,3238786.0,739248.0,-31221625.0,10931568.6,11101973.6,-0.5011682266715135,0.5976662243198532,0.4303222646057862,-0.9815748125621121,28.00566307455465,-0.5011682266715135,0.4652136959074162,108.60864372932211,-5.951096194675812,-11.074125821702781,0.0,0.14450360366209986,0.0,0.04470081837436308,0.320939697775648,-0.20394962114600834,-18.098024237608026,-0.061330736902763014,0.31783603487623613,0.6661191209096932,-0.792542127387211,0.8867999507060655,0.5524541434060756,0.3178394871002626,0.2374345961240484,0.764155541193808,-0.8352454114421787,0.7730675424327619,Solar,Technology,BEEM
2014Q4,2014,Q4,2015-03-31,2014-12-31,-673192.0,171430.0,-667965.0,-0.34178,-13793.0,-0.08045849617919851,2374468.0,-582799.0,2084118.0,2957267.0,2957267.0,347903.0,-30762400.0,13787564.0,13252914.0,-0.2958893246116573,0.70474461724288,0.35624990524193206,-1.4514506716723947,-2.5387772942361413,-0.2958893246116573,1.1551015015468455,80.4267864434463,-5.120219788708125,-23.657494264746507,0.0,0.5323983984041529,0.0,0.07219722480993637,0.5415260103331894,-0.2835127700183789,-92.95070517487798,-0.08045849617919851,0.31644000000000005,-104.8905740464132,0.0,-8.665688657285974,0.7237034514532962,-0.21107321215261288,-0.096689400631122,0.20775939636352642,-0.929880159893342,0.8813524818170003,Solar,Technology,BEEM
2014Q3,2014,Q3,2014-11-14,2014-09-30,-555864.0,237604.0,-609074.0,-0.5,-49921.0,-0.21010168178986885,1358077.0,-1032942.0,1261167.0,2391019.0,2391019.0,220022.0,-30089208.0,13843912.0,13961495.0,-0.5969075793027289,0.5274600494600837,0.5322739432300231,-0.6998156721287352,1.9642922795599747,-0.5969075793027289,0.5381367008021748,58.26464200939378,-6.226303556265561,-13.402409815846388,0.0,1.3068011380680113,0.0,0.17495620645957483,0.4181016545665258,-0.4093022707843517,-30.22226297290807,-0.21010168178986885,0.0,-94.24199549656515,0.0,-18.31365784801418,-1.534318204893898,0.3823843131677659,-0.10226271203311092,0.7322255358846975,-0.7314378656992473,0.7806423773286856,Solar,Technology,BEEM
2014Q2,2014,Q2,2014-08-14,2014-06-30,-900016.0,421745.0,-552567.0,-0.5,-19698.0,-0.04670594790691057,840065.0,-1555956.0,755940.0,2396021.0,2396021.0,53299.0,-29533344.0,15888303.5,16309451.5,-0.9303436329750373,0.315498069507738,0.7497455554034509,-0.40478972413101655,0.5977092337851593,-0.9303436329750373,0.5784328091539863,37.67277264697862,-4.413339179525697,-10.211280717449593,0.0,8.282388037299011,0.0,0.5020385327325861,0.26729148033343614,-1.071364715825561,-19.18346677066367,-0.04670594790691057,0.0,-110.51705612598707,0.0,-32.78972032596988,-0.17909733030049085,0.11522861103192002,0.1718257043124289,-2.3389130010251096,-0.20197036912601757,0.6951527587721587,Solar,Technology,BEEM
2014Q1,2014,Q1,2014-05-15,2014-03-31,-1017230.0,202659.0,-667211.0,-0.5,-16706.0,-0.08243403944557114,1080764.0,-1028131.0,984708.0,2108895.0,2108895.0,99578.0,-28633328.0,11966664.0,11645949.0,-0.6873300696000155,0.4669307860277539,0.46892753644643975,-0.49293329351998916,1.279822224268267,-0.6873300696000155,0.9893972655235568,59.04827320770358,-2.940992695850496,-11.639240524796937,0.0,2.2029464339512743,0.0,0.18751457302426802,0.41736027635325607,-0.9412138080098893,-26.094870503267675,-0.08243403944557114,-0.045806316670152634,-47.8225032172338,0.0,-27.77384916706822,0.8685539836656333,-0.4223710612236337,0.12190477193194874,0.5485200815066604,-0.5551084907645975,0.8428801894968034,Solar,Technology,BEEM
2013Q4,2013,Q4,2014-03-31,2013-12-31,-715165.0,43204.0,-759839.0,-0.4781,-127094.0,-2.9417183594111656,727556.0,-2505874.0,629284.0,3233430.0,3233430.0,19472.0,-27616098.0,13462497.0,14760374.0,-1.6752364735903005,0.19461809904652336,2.3228108901582836,-0.6744054170321413,0.9312905151250339,-1.6752364735903005,0.2853954348861914,311.60302286825294,-4.706080764578804,-5.372375865666031,0.0,8.745788824979458,0.0,0.05938237056666428,0.17676492146111095,-0.9829690085711615,-27.207186942972513,-2.9417183594111656,-1.1073197582611596,-103.55342577412125,0.0,-167.22272130097068,-1.326280338250906,-1.2073947639712828,-0.2788177853924699,0.4172298669213641,-0.8572331356592899,0.5848624463667366,Solar,Technology,BEEM
2013Q3,2013,Q3,2013-09-30,2013-09-30,-323986.0,80000.0,-594173.0,-0.22687586832788062,-54634.0,-0.682925,1138348.0,-1964668.0,1029747.0,3103016.0,3103016.0,52525.0,-26900933.0,12138272.0,12713701.0,-1.3757870972079056,0.33185359018451727,1.2872522286682104,-0.7458466265038164,1.189947669563232,-1.3757870972079056,0.16490623352138886,151.7284,-9.366355336341693,-6.178281521356281,0.0,2.5632365540218944,0.0,0.07027727900431151,0.28764498797299143,-0.2846106814436359,-27.046904315196997,-0.682925,0.5462482633442387,-32.4566127985405,0.0,-267.72636122424865,-1.4182896600566572,0.5430329256183427,-0.12630677046902516,0.7468087707900786,0.0,0.6716512441631531,Solar,Technology,BEEM
2013Q2,2013,Q2,2013-08-14,2013-06-30,-708992.0,2282.0,-527541.0,-0.5,-22592.0,-9.900087642418931,1579120.0,-1814801.0,1500341.0,3393921.0,3393921.0,68349.0,-26576947.0,14178900.0,14212490.0,-1.2799307421591237,0.4420671547746692,0.8709211459547089,-0.7578180748192226,1.2030028934964438,-1.2799307421591237,0.39067203511569587,6213.365468886941,-4.999668543509658,-7.812922739187382,0.0,0.3639263193316654,0.0,0.0014451086681189524,0.3953241693015247,-0.44897917827650846,-36.765190154047204,-9.900087642418931,0.5,-20.5214384557219,0.0,-772.1220228250127,0.43826147496146006,0.3220363618282084,0.04624148915782889,0.1150573922760649,-0.8019788230452876,0.6606765955046994,Solar,Technology,BEEM
2013Q1,2013,Q1,2013-05-14,2013-03-31,-1045767.0,155528.0,-553118.0,-1.0,-40218.0,-0.25859009310220665,1992636.0,-1275074.0,1900404.0,3267710.0,3267710.0,59454.0,-25867955.0,14420553.75,14035645.75,-0.9947317383703105,0.5815705800086299,0.6329660811106494,-0.9891747459363143,40.0723031225096,-0.9947317383703105,0.820161810216505,92.71998450439793,-3.447362976169644,-11.309581836034615,0.0,3.2923941198237294,0.0,0.07805138520030754,0.5272371171248367,-0.5248158720408544,-47.38085830973143,-0.25859009310220665,-0.9370084840971602,-56.58321424296864,0.0,-38.98539186684418,-0.11887606064821254,-0.5802861468996219,0.04578561841637655,-0.16831793827068287,-0.5074157750229372,0.7753175963176823,Solar,Technology,BEEM
2012Q4,2012,Q4,2013-03-29,2012-12-31,-661758.0,104008.0,-579658.0,-0.51626,-35945.0,-0.3455984155064995,812101.0,-2048096.0,706418.0,2860197.0,2860197.0,56325.0,-24822188.0,10895529.5,11785386.5,-1.5977943981520126,0.24698228828293994,1.412697435417516,-0.5601558715997688,0.6435132740710922,-1.5977943981520126,0.3231088777088574,104.75664852703638,-4.116130632345963,-5.319833396481415,0.0,2.48474034620506,0.0,0.12807273972079827,0.2051998516186123,-0.8148715492284827,-26.993252634160722,-0.3455984155064995,-0.032520000000000104,-111.89765218221731,0.0,-159.44619728254133,-2.645682629795806,-0.10181716466368967,0.07531828616003561,-158.94756863157946,0.0,-51.194458894934165,Solar,Technology,BEEM
2012Q3,2012,Q3,2012-11-14,2012-09-30,-600606.0,197319.0,-626873.0,-0.5,21842.0,0.11069385107364217,1110139.0,-1616308.0,996962.0,2726447.0,2726447.0,9244.0,-24160430.0,7460063.0,8110878.0,-1.4082993669088317,0.3656634440354058,1.1862028088374519,-0.8147271435889695,2.0962380871499913,-1.4082993669088317,0.3715913056174937,37.80711943604012,-3.1052233077924627,-4.615495932705895,0.0,18.98279965382951,0.0,0.1777426070068703,0.2998158409094327,-0.5410187372932579,-19.48712972154015,0.11069385107364217,-1.4084811282683036,-20.60340036189369,0.0,0.0,-0.40548191295353714,-1.5513731653958072,-0.1135441146951877,-154.16340763467633,0.0,-44.56720849787978,Solar,Technology,BEEM
2012Q2,2012,Q2,2012-08-14,2012-06-30,-235405.0,111793.0,-562953.0,-0.20759971673911337,36739.0,0.3286341720859088,1368081.0,-1223622.0,1246344.0,2591703.0,2591703.0,0.0,-23559824.0,10772401.5,11001085.5,-1.0790916955703889,0.48089769545352995,0.9338182461418586,-1.044063444429734,-10.442612165683277,-1.0790916955703889,0.19238375903669597,96.3602506418112,-11.440285359274442,-8.80370040747878,0.0,0.0,0.0,0.08171519084030843,0.4341809227369031,-0.1720694900375051,-25.21405282301668,0.3286341720859088,0.7924002832608866,-8.792439468826103,0.0,0.0,-0.7483130210795295,0.7607573079772633,-0.30705917316381165,-42.02013258674506,0.0,-38.192192333064966,Solar,Technology,BEEM
2012Q1,2012,Q1,2012-05-15,2012-03-31,-983959.0,308715.0,-430702.0,-1.0,145971.0,0.47283416743598466,988204.0,-2198131.0,859815.0,3186335.0,3186335.0,0.0,-23324419.0,14432270.5,15059836.5,-2.2084466543223398,0.2698445078750351,1.1512390154259646,-0.5175574158228058,0.4064871567001996,-2.2084466543223398,0.4476343766590799,46.74949548936721,-3.66688817826759,-6.565700815829447,0.0,0.0,0.0,0.3124000712403512,0.21888062617395848,-0.9957043282561091,349.3058668344749,0.47283416743598466,-1.3179805753227787,-68.77514210902224,0.0,-85.33299988888626,-0.5763184628334252,-1.2914901594561676,0.3551390255113423,-69.97319192834834,0.0,-91.45268574088006,Solar,Technology,BEEM
2011Q4,2011,Q4,2012-03-30,2011-12-31,-429397.0,1235444.0,-667899.0,-0.43141,344530.0,0.27887140169849867,2175964.0,-2482203.0,2000191.0,4658167.0,4658167.0,0.0,-22340460.0,11496049.950000001,12976662.950000001,-2.493851781672191,0.4293944377691912,0.8958737368816764,-0.7853463234070702,1.2604913017230122,-2.493851781672191,0.17299028322824522,9.305197119416178,-6.693135926659945,-4.631389918552189,0.0,0.0,0.0,0.5677685844067273,0.410837567652684,-0.19733644490441937,-33.56648140361942,0.27887140169849867,0.5685899999999999,-93.34252018271329,0.0,-249.42585918337014,1.840524028988136,0.633482393972476,0.5171516604397766,-93.34252018271329,0.0,-249.42585918337014,Solar,Technology,BEEM
2011Q3,2011,Q3,2011-11-14,2011-09-30,-1171559.0,499314.0,-1383248.0,-1.0,121291.0,0.24291527976383598,1976242.0,-2657590.0,1789489.0,3666731.0,4633832.0,0.0,-21911063.0,12940453.5,14341352.5,-2.7211617815403457,0.48803389176898987,1.1367054237284706,-0.8452789933736957,3.3905447673018774,-2.7211617815403457,0.44083511753129717,25.916464389141904,-2.7613746938907897,-4.869243750917184,0.0,0.0,0.0,0.2526583282816578,0.32158426674877433,-0.5928216281204427,-26.855882975544155,0.24291527976383598,-3.0,-48.521310908965475,0.0,0.0,0.22913457640859344,-4.07133044960021,-1.9467235028833516,-175.8985251236204,0.0,-530.5124014027053,Solar,Technology,BEEM
2011Q2,2011,Q2,2011-08-15,2011-06-30,381450.0,299896.0,-469419.0,0.5,98680.0,0.32904740309974123,891742.0,-2896375.0,726742.0,3788117.0,3788117.0,0.0,-20739504.0,17083080.0,17975944.0,-3.0518355003898594,0.1918478230741025,1.413209201764636,-0.43510180829485134,0.2868770737425213,-3.0518355003898594,-0.13169910664192308,56.96334729372849,11.196146283916635,-5.898089853696431,0.0,0.0,0.0,0.3363035496814101,0.12176075870940628,0.42775825294760145,-26.54696785101569,0.32904740309974123,1.3333333333333333,19.95867967072881,0.0,0.0,24.778313253012048,1.2872392576132146,0.043253621283178535,18.298818810798906,0.0,-1839.6444569805021,Solar,Technology,BEEM
2011Q1,2011,Q1,2011-05-13,2011-03-31,-1327987.0,268488.0,-490641.0,-1.5,-4150.0,-0.015456929173743333,933668.0,-3856831.0,752172.0,4790499.0,4790499.0,0.0,-21120954.0,26890325.0,27489201.0,-4.3745601996257015,0.1570132881772859,1.2285116336856357,-0.2974001194244705,0.181279511804745,-4.3745601996257015,0.34432076489739893,100.1546624057686,-5.062234231208588,-6.972129450318151,0.0,0.0,0.0,0.2875626025525133,0.13923330325295966,-1.4223332062360496,-52.117881120724405,-0.015456929173743333,-0.8283764017552413,-105.31339740579612,0.0,-168.04944360187108,-1.7770080509267927,-0.8359961067653248,-0.6023232725681404,-105.31339740579612,0.0,-168.04944360187108,Solar,Technology,BEEM
2010Q4,2010,Q4,2011-03-31,2010-12-31,-723306.0,178365.0,-306206.0,-0.8204,5341.0,0.02994421551313318,345316.0,-3557790.0,147563.0,3903106.0,3903106.0,0.0,-19792967.0,18514650.0,19493429.0,-4.0353768502240115,0.03780655713680336,3.0199961774143103,-0.2931181997813249,0.12049914566429037,-4.0353768502240115,0.20330204986803604,103.80203515263645,-6.399314398055595,-5.203974939498959,0.0,0.0,0.0,0.5165268913111469,0.02819267526938802,-2.094620579411322,-47.2724928381394,0.02994421551313318,0.17959999999999998,-178.40765979510718,0.0,-404.22164238983845,0.0,0.006002688016886683,0.284998096946007,-178.40765979510718,0.0,-404.22164238983845,Solar,Technology,BEEM
2010Q3,2010,Q3,2010-11-12,2010-09-30,-727674.0,0.0,-428259.0,-1.0,0.0,0.0,400648.0,-3402617.0,201839.0,3803265.0,3803265.0,0.0,-19069661.0,17459655.5,18290695.5,-4.190017695366326,0.05306992807495665,2.2453899682514327,-0.264387969612801,0.17170287659892208,-4.190017695366326,0.2138571575936992,0.0,-5.998446935028598,-5.131243246007411,0.0,0.0,0.0,0.0,0.03788087340745386,-1.8162426868473074,-53.40013732608676,0.0,-1.0,-35.9914396367409,0.0,0.0,-1.0,-0.621254183060998,-0.0030236458001536414,-35.9914396367409,0.0,0.0,Solar,Technology,BEEM
2010Q2,2010,Q2,2010-08-16,2010-06-30,-448834.0,6456.0,-426968.0,-0.5,6456.0,1.0,374953.0,-2996227.0,160802.0,3371180.0,3371180.0,0.0,-18341987.0,19063968.0,20313190.0,-3.7720084297245986,0.047699025267117154,3.5575312105783925,-0.4451955743006121,0.2605119519871503,-3.7720084297245986,0.14979973146226905,2952.907063197026,-10.618607324757038,-6.36265810300755,0.0,0.0,0.0,0.017218158009137147,0.025120284292146963,-1.1970406957672028,-168.2045562829766,1.0,0.0,-25.65310612481887,0.0,0.0,-0.9427268614213603,0.026468591457952398,-0.005070454363556757,-25.65310612481887,0.0,0.0,Solar,Technology,BEEM
2010Q1,2010,Q1,2010-05-17,2010-03-31,-461037.0,162626.0,-424814.0,-0.5,112723.0,0.693142547932065,315653.0,-2922996.0,86006.0,3238649.0,3238649.0,0.0,-17893153.0,12049088.0,13210596.0,-4.427279226444358,0.02655613498097509,3.686567211463221,-0.39811070559111267,0.241464884159789,-4.427279226444358,0.1577275507732477,74.0907849913298,-6.53368818554693,-4.122170540089689,0.0,0.0,0.0,0.5152049877555417,0.0006694149319670023,-1.4605817147310496,-40.70101574454717,0.693142547932065,-153.79876160990713,-48.28728076212027,0.0,-170.06260234135812,0.0,-215.34772407320506,-198.34960112623182,-48.28728076212027,0.0,-170.06260234135812,Solar,Technology,BEEM
2009Q4,2009,Q4,2010-04-12,2009-12-31,-2131.0,0.0,-2131.0,-0.00323,0.0,0.0,1034.0,-20211.0,1034.0,21245.0,21245.0,0.0,-56211.0,12049088.0,12069199.0,-0.030612337630864676,0.04867027535890798,20.44970986460348,-1.046212458562169,,-0.030612337630864676,0.10543763297214388,0.0,-1413.548568747067,-596.1648607194102,0.0,0.0,0.0,0.0,0.04867027535890798,-2.0609284332688587,13865.463751438436,0.0,0.04229599594526114,0.29415837234597875,0.0,-2.0740082506749347,0.0,-0.08008109477952356,-0.08008109477952356,0.29415837234597875,0.0,-2.0740082506749347,Solar,Technology,BEEM
2009Q3,2009,Q3,2009-11-13,2009-09-30,-1973.0,0.0,-1973.0,-0.003372649572649573,0.0,0.0,165.0,-18080.0,165.0,18245.0,18245.0,0.0,-54080.0,10676250.0,10694230.0,-0.030905982905982905,0.009043573581803233,109.96969696969697,-1.0035951327433628,,-0.030905982905982905,0.10912610619469026,0.0,-1352.7939685757729,-590.5005530973451,0.0,0.0,0.0,0.0,0.009043573581803233,-11.957575757575757,-22571.35306553911,0.0,0.3010981225646476,0.8607700056913051,0.0,0.0,0.0,0.3010981225646475,0.3010981225646475,0.8607700056913051,0.0,0.0,Solar,Technology,BEEM
2009Q2,2009,Q2,2009-08-14,2009-06-30,-2823.0,0.0,-2823.0,-0.004825641025641026,0.0,0.0,638.0,-16107.0,638.0,16745.0,16745.0,0.0,-52107.0,10676250.0,10692257.0,-0.027533333333333333,0.038100925649447594,26.08934169278997,-1.0334016266219657,,-0.027533333333333333,0.17526541255354813,0.0,-945.4702444208289,-662.8329297820824,0.0,0.0,0.0,0.0,0.038100925649447594,-4.424764890282131,-11566.901408450703,0.0,0.6535512449767291,0.7723754233188195,0.0,0.0,0.0,0.6355538342370256,0.6355538342370256,0.7723754233188195,0.0,0.0,Solar,Technology,BEEM
2009Q1,2009,Q1,2009-05-13,2009-03-31,-7746.0,0.0,-7746.0,-0.01392887391186292,0.0,0.0,1561.0,-13284.0,1561.0,14845.0,14845.0,0.0,-49284.0,10149025.75,10162109.75,-0.02388731746000349,0.10515325025261031,9.381806534272902,-1.1024540800963565,,-0.02388731746000349,0.583107497741644,0.0,-327.5569890911438,-764.0037451068955,0.0,0.0,0.0,0.0,0.10515325025261031,-4.962203715566944,-2138.437789717657,0.0,-2.047893634980945,0.016880314760756375,0.0,-1.9121746892810547,0.0,-2.046008651199371,-2.046008651199371,0.016880314760756375,0.0,-1.9121746892810547,Solar,Technology,BEEM
2008Q4,2008,Q4,2009-03-30,2008-12-31,-2543.0,0.0,-2543.0,-0.00457,0.0,0.0,6307.0,-5538.0,6307.0,11845.0,11845.0,0.0,-41538.0,10149025.75,10154363.75,-0.009958443548140569,0.5324609539890249,1.8463611859838276,-2.1027446731672086,,-0.009958443548140569,0.45919104369808594,0.0,-997.741422532442,-1832.6157006139401,0.0,0.0,0.0,0.0,0.5324609539890249,-0.4032027905501823,6124.940102595051,0.0,0.3260776405344088,0.0,0.0,0.0,0.0,0.3589614318124527,0.3589614318124527,0.0,0.0,0.0,Solar,Technology,BEEM
2008Q3,2008,Q3,2008-11-14,2008-09-30,-3967.0,0.0,-3967.0,-0.006781196581196581,0.0,0.0,4650.0,-2995.0,4650.0,7645.0,7645.0,0.0,-38995.0,10676250.0,10679245.0,-0.005119658119658119,0.6082406801831263,1.6440860215053763,-2.5525876460767947,,-0.005119658119658119,1.3245409015025043,0.0,-672.8163599697505,-3564.6911519198666,0.0,0.0,0.0,0.0,0.6082406801831263,-0.8531182795698925,314007.35294117645,0.0,0.70813713949382,0.7200580905105968,0.0,0.0,0.0,0.7081371394938198,0.7081371394938198,0.7200580905105968,0.0,0.0,Solar,Technology,BEEM
2008Q2,2008,Q2,2008-08-13,2008-06-30,-13592.0,0.0,-13592.0,-0.023234188034188034,0.0,0.0,4616.0,971.0,4616.0,3645.0,3645.0,0.0,-35029.0,10676250.0,10675279.0,0.00165982905982906,1.26639231824417,0.7896447140381283,3.753861997940268,,0.00165982905982906,-13.997940267765191,0.0,-196.37010741612713,10995.108135942326,0.0,0.0,0.0,0.0,1.26639231824417,-2.9445407279029463,-785.4804296645085,0.0,-0.6399019598782005,-0.0959522657635865,0.0,0.0,0.0,-0.7250920167533951,-0.7250920167533951,-0.0959522657635865,0.0,0.0,Solar,Technology,BEEM
2008Q1,2008,Q1,2008-05-13,2008-03-31,-7879.0,0.0,-7879.0,-0.014168034798808151,0.0,0.0,18208.0,14563.0,18208.0,3645.0,3645.0,0.0,-21437.0,10149025.75,10134462.75,0.02618721801942418,4.9953360768175585,0.2001867311072056,0.2502918354734601,,0.02618721801942418,-0.5410286342099843,0.0,-322.02772401319965,696.9048788024446,0.0,0.0,0.0,0.0,4.9953360768175585,-0.43272188049209137,-1027.3333080271282,0.0,0.0,0.0,0.0,0.0,0.0,0.0,0.0,0.0,0.0,0.0,Solar,Technology,BEEM
2007Q3,2007,Q3,2007-09-30,2007-09-30,-6803.0,0.0,-6803.0,-0.024223584791448573,0.0,0.0,,,,,,,,5125366.5,,,0.0,0.0,0.0,0.0,,0.0,0.0,-188.3494965456416,0.0,,0.0,,0.0,0.0,0.0,0.0,0.0,-0.14262192412493266,0.0,0.0,0.0,0.0,-0.9747460087082729,-0.9747460087082729,0.0,0.0,0.0,Solar,Technology,BEEM
2007Q2,2007,Q2,2007-06-30,2007-06-30,-3445.0,0.0,-3445.0,-0.0212,0.0,0.0,,,,,,,,2965625.0,,,0.0,0.0,0.0,0.0,,0.0,0.0,-215.21226415094338,0.0,,0.0,,0.0,0.0,0.0,0.0,0.0,0.0,0.0,0.0,0.0,0.0,0.0,0.0,0.0,0.0,0.0,Solar,Technology,BEEM
