Quarters,Year,Quarter,FillingDate,Date,NetIncome,Revenue,OperatingIncome,EPSDiluted,GrossProfit,GrossProfitRatio,TotalAssets,CommonStockEquity,CurrentAssets,CurrentLiability,TotalLiability,Inventory,RetainedEarnings,MarketCap,EnterpriseValue,bookValuePerShare,currentRatio,debtToAssets,debtToEquity,roic,shareholdersEquityPerShare,roe,priceToSalesRatio,peRatio,pbRatio,payoutRatio,inventoryTurnover,dividendYield,assetTurnover,quickRatio,returnOnAssets,priceToFreeCashFlowsRatio,grossProfitMargin,epsdilutedGrowth,fiveYNetIncomeGrowthPerShare,fiveYRevenueGrowthPerShare,fiveYShareholdersEquityGrowthPerShare,grossProfitGrowth,netIncomeGrowth,operatingIncomeGrowth,threeYNetIncomeGrowthPerShare,threeYRevenueGrowthPerShare,threeYShareholdersEquityGrowthPerShare,Industry,Sector,Symbol
2023Q1,2023,Q1,2023-05-09,2023-03-31,-77792000.0,0.0,-78336000.0,-4.28,0.0,0.0,332449000.0,150136000.0,331284000.0,98348000.0,182313000.0,0.0,-1039556000.0,4406206468.24,4377516468.24,8.254707903991681,3.3684874120470165,0.2545292661430776,0.5636089945116428,-0.33664580503645697,8.254707903991681,-0.5181435498481377,0.0,-14.160217208196215,29.348100843501893,0.0,0.0,0.0,0.0,3.3501138813193965,-0.2339967934931373,-52.39122099640912,0.0,0.1574803149606299,-8.49507203588314,0.0,-0.3418061244460496,0.0,0.11183166451642367,0.08163049977139239,-0.8262736839799695,0.0,-0.6695942422317792,Biotechnology,Healthcare,MDGL
2022Q4,2022,Q4,2023-02-23,2022-12-31,-87587000.0,0.0,-85299000.0,-5.08,0.0,0.0,362572000.0,197389000.0,361369000.0,115894000.0,165183000.0,0.0,-962660000.0,5003189309.25,4721531309.25,11.451127212811452,3.118099297634045,0.13760301402204253,0.2527547127752813,-0.35084893078311713,11.451127212811452,-0.44372786730770203,0.0,-14.28062757386941,25.346849668674544,0.0,0.0,0.0,0.0,3.0957081470999364,-0.2415713292808049,-85.46032572509566,0.0,-0.049586776859504175,-6.579877823705683,0.0,-0.20849042695451125,0.0,-0.0591059142190353,-0.06077451126697508,-1.82618508992522,0.0,-0.5758616176585679,Biotechnology,Healthcare,MDGL
2022Q3,2022,Q3,2022-11-03,2022-09-30,-82699000.0,0.0,-80412000.0,-4.84,0.0,0.0,158644000.0,10670000.0,157112000.0,98920000.0,147974000.0,0.0,-876755000.0,1111549641.05,1102023641.05,0.6238527497026175,1.588273352203801,0.3139986384609566,4.668603561387067,-1.3357168539020399,0.6238527497026175,-7.750609184629803,0.0,-3.360226970852126,104.17522409090908,0.0,0.0,0.0,0.0,1.5486453699959564,-0.5212866543960062,-18.807310091875063,0.0,-0.1578947368421053,-6.156952531977637,0.0,-0.8578029503529992,0.0,-0.15646762690532792,-0.14428016450130207,-2.4782617519208054,0.0,-0.9781610721801802,Biotechnology,Healthcare,MDGL
2022Q2,2022,Q2,2022-08-04,2022-06-30,-71510000.0,0.0,-70273000.0,-4.18,0.0,0.0,216392000.0,83535000.0,214546000.0,84009000.0,132857000.0,0.0,-795558000.0,1224261014.1,1220716014.1,4.884118036214447,2.553845421323906,0.22980054715516285,0.5952834141377865,-0.5289494432764897,4.884118036214447,-0.8560483629616329,0.0,-4.2800343102363305,14.655665458789729,0.0,0.0,0.0,0.0,2.520753728767156,-0.3304650818884247,-21.305205333867008,0.0,-0.2403560830860533,-5.030379358678148,0.0,-0.04593595011315873,0.0,-0.24177331689443798,-0.2232240770074327,-2.2620114943726715,0.0,-0.8357412662074389,Biotechnology,Healthcare,MDGL
2022Q1,2022,Q1,2022-05-09,2022-03-31,-57587000.0,0.0,-57449000.0,-3.37,0.0,0.0,222662000.0,145744000.0,221170000.0,76635000.0,76918000.0,0.0,-724828000.0,1678185117.4,1636599117.4,8.521349123960476,2.886018137926535,0.003125814014066163,0.004775496761444725,-0.3909166840604059,8.521349123960476,-0.3951243275880997,0.0,-7.285433853994826,11.514608610989132,0.0,0.0,0.0,0.0,2.870137665557513,-0.25862967187935076,-33.587213397378164,0.0,0.10846560846560839,-5.710265321703204,0.0,1.9572153509027346,0.0,0.1078560473438783,0.10999395807835907,-2.43050636640747,0.0,-0.7205457979879203,Biotechnology,Healthcare,MDGL
2021Q4,2021,Q4,2022-02-24,2021-12-31,-64549000.0,0.0,-64549000.0,-3.78,0.0,0.0,273332000.0,196107000.0,271684000.0,76838000.0,77225000.0,0.0,-667310000.0,1446896773.82,1411424773.82,11.485344000129315,3.5358025976730265,0.0029158678822823526,0.004064107859484873,-0.32649809560902576,11.485344000129315,-0.3291519425619687,0.0,-5.603869826875706,7.378098557522169,0.0,0.0,0.0,0.0,3.518389338608501,-0.23615603002941477,-30.041042559172826,0.0,0.0026385224274406943,-4.614965997918219,0.0,2.6306532935083506,0.0,-0.022963549920760697,-0.021991766941101963,-4.056495862789331,0.0,-0.6304253990340624,Biotechnology,Healthcare,MDGL
2021Q3,2021,Q3,2021-11-04,2021-09-30,-63100000.0,0.0,-63160000.0,-3.79,0.0,0.0,304697000.0,234881000.0,302956000.0,69325000.0,69816000.0,0.0,-602761000.0,1327687727.0400002,1279410727.0400002,14.115634729698284,4.370082942661377,0.0029439082104516946,0.003818955130470323,-0.2668638428224358,14.115634729698284,-0.268646676402093,0.0,-5.260252484310619,5.652597387783602,0.0,0.0,0.0,0.0,4.315095564370718,-0.20709097890691408,-29.11212838310749,0.0,-0.018817204301075224,-1.8240135699107316,0.0,2.928525985953856,0.0,-0.023503268397917308,-0.022966538174986232,-5.819697179736471,0.0,-0.5525425606980725,Biotechnology,Healthcare,MDGL
2021Q2,2021,Q2,2021-08-05,2021-06-30,-61651000.0,0.0,-61742000.0,-3.72,0.0,0.0,327955000.0,270651000.0,326067000.0,56710000.0,57304000.0,0.0,-539661000.0,1614212476.02,1581669476.02,16.332492965859934,5.749726679597955,0.0030400512265402265,0.003683710756657097,-0.22645564745364852,16.332492965859934,-0.22778781530458045,0.0,-6.545767611312063,5.9641844146890275,0.0,0.0,0.0,0.0,5.710562511020984,-0.18798615663734353,-34.430656656357314,0.0,-0.12048192771084348,-3.3221267958842313,0.0,0.5421740609994417,0.0,-0.17327674799223539,-0.16540516053530643,-7.283648676561807,0.0,-0.5167128738533058,Biotechnology,Healthcare,MDGL
2021Q1,2021,Q1,2021-05-06,2021-03-31,-52546000.0,0.0,-52979000.0,-3.32,0.0,0.0,309731000.0,260553000.0,308046000.0,48791000.0,49178000.0,0.0,-478010000.0,1852851704.97,1809353704.97,16.448636622267326,6.313582422987846,0.0022826258914993977,0.0027134594497088883,-0.20223539606133598,16.448636622267326,-0.20167106116605835,0.0,-8.815379405520877,7.1112276771712475,0.0,0.0,0.0,0.0,6.29673505359595,-0.1696504386064036,-42.620746324615276,0.0,0.13089005235602094,-0.9955030315283734,0.0,0.45618057271679047,0.0,0.11124266359961436,0.110418940475191,-6.364104580911025,0.0,0.31154148782823876,Biotechnology,Healthcare,MDGL
2020Q4,2020,Q4,2021-02-25,2020-12-31,-59123000.0,0.0,-59555000.0,-3.82,0.0,0.0,286995000.0,239970000.0,285163000.0,46557000.0,47025000.0,0.0,-425464000.0,1720388100.47,1667170100.47,15.506655092947849,6.125029533689886,0.0027387236711440967,0.0032754094261782723,-0.24656167457419415,15.506655092947849,-0.24637663041213484,0.0,-7.2746143652639415,7.169179899445764,0.0,0.0,0.0,0.0,6.103249779839766,-0.2060070732939598,-31.30425788289026,0.0,-0.018666666666666623,-0.42309774618395546,0.0,0.2073137049361396,0.0,-0.020012766765005262,-0.01308134589868336,-4.699213154272352,0.0,0.07183037301787218,Biotechnology,Healthcare,MDGL
2020Q3,2020,Q3,2020-11-05,2020-09-30,-57963000.0,0.0,-58786000.0,-3.75,0.0,0.0,339617000.0,289704000.0,337601000.0,49365000.0,49913000.0,0.0,-366341000.0,1834191500.25,1725934500.25,18.75297967268508,6.8388736959384175,0.002541097766012891,0.002978902604037224,-0.2017156778643242,18.75297967268508,-0.2000766299395245,0.0,-7.911044546736711,6.331260528850137,0.0,0.0,0.0,0.0,6.805165603160134,-0.1706716683793803,-38.3297076515579,0.0,-0.17924528301886786,0.1731303020350043,0.0,0.2067646481791108,0.0,-0.18236338045407258,-0.16808075188268723,-4.553628831710361,0.0,3.274435566433165,Biotechnology,Healthcare,MDGL
2020Q2,2020,Q2,2020-08-06,2020-06-30,-49023000.0,0.0,-50327000.0,-3.18,0.0,0.0,388388000.0,342916000.0,386603000.0,45275000.0,45472000.0,0.0,-308378000.0,1747826661.0,1686479661.0,22.219158150260075,8.53899503036996,0.0013388673182487616,0.0015164063502432082,-0.14631813371477748,22.219158150260075,-0.14295920866917847,0.0,-8.913299170797382,5.096952784355352,0.0,0.0,0.0,0.0,8.489895085588072,-0.126221716427902,-72.0307711106532,0.0,-0.35897435897435914,0.3936179268779175,0.0,0.21748502035987566,0.0,-0.35666251556662515,-0.32422049730298647,-3.5814179917378963,0.0,3.3402923215065763,Biotechnology,Healthcare,MDGL
2020Q1,2020,Q1,2020-05-07,2020-03-31,-36135000.0,0.0,-38005000.0,-2.34,0.0,0.0,411457000.0,385475000.0,409486000.0,25703000.0,25982000.0,0.0,-259355000.0,1030050321.0400001,963997321.0400001,24.983547380497985,15.93144769093102,0.0,0.0,-0.09843993234440118,24.983547380497985,-0.09374148777482327,0.0,-7.126403217379273,2.672158560321681,0.0,0.0,0.0,0.0,15.893475469789518,-0.08782205673982943,-33.42148997534069,0.0,-0.2999999999999999,0.6497901594427259,0.0,0.6766256136286694,0.0,-0.3026315789473684,-0.26877879415103156,-3.667491211828605,0.0,7.670191627975025,Biotechnology,Healthcare,MDGL
2019Q4,2019,Q4,2020-02-26,2019-12-31,-27740000.0,0.0,-29954000.0,-1.8,0.0,0.0,442056000.0,416565000.0,440197000.0,25130000.0,25491000.0,0.0,-223220000.0,1405750220.94,1359729220.94,26.998563887559875,17.516792678074015,0.0,0.0,-0.07179064377661831,26.998563887559875,-0.06659224850863611,0.0,-12.668981803713049,3.374623938496993,0.0,0.0,0.0,0.0,17.470951054516515,-0.06275223048663518,-113.22086186694588,0.0,-0.2949640287769785,0.7264625258084579,0.0,0.2834506140320309,0.0,-0.29450744318446964,-0.23802438520355446,-1.670367561394333,0.0,7.534565869099022,Biotechnology,Healthcare,MDGL
2019Q3,2019,Q3,2019-11-06,2019-09-30,-21429000.0,0.0,-24195000.0,-1.39,0.0,0.0,456254000.0,440349000.0,455322000.0,15464000.0,15905000.0,0.0,-195480000.0,1329089577.12,1240354577.12,28.56608872237967,29.443998965338853,0.0,0.0,-0.05485150759464974,28.56608872237967,-0.048663673586178235,0.0,-15.505734951700967,3.018264097613484,0.0,0.0,0.0,0.0,29.333290222452145,-0.0469672594651225,-117.38999974562797,0.0,-0.0859374999999999,0.7895868585497166,0.0,0.031070400147486084,0.0,-0.08782171683841819,-0.06567124735729386,-0.035238862243955435,0.0,6.950235608379946,Biotechnology,Healthcare,MDGL
2019Q2,2019,Q2,2019-08-07,2019-06-30,-19699000.0,0.0,-22704000.0,-1.28,0.0,0.0,469822000.0,456986000.0,468785000.0,12316000.0,12836000.0,0.0,-174051000.0,1637258078.58,1565576078.58,29.734297370041197,38.06308866515102,0.0,0.0,-0.049592409111163534,29.734297370041197,-0.043106353367499226,0.0,-20.778441527234882,3.582731371595629,0.0,0.0,0.0,0.0,37.86911334848977,-0.04192864531673698,-141.88907865326283,0.0,-0.3061224489795919,0.8454625082922547,0.0,0.07970402032637668,0.0,-0.3062997347480106,-0.25304928528064463,-0.48906446395842007,0.0,1.8076217281693518,Biotechnology,Healthcare,MDGL
2019Q1,2019,Q1,2019-05-08,2019-03-31,-15080000.0,0.0,-18119000.0,-0.98,0.0,0.0,479560000.0,468506000.0,478390000.0,10456000.0,11054000.0,0.0,-154352000.0,2005984550.4,1959391550.4,30.49282874476918,45.7526778882938,0.0,0.0,-0.03859984746679847,30.49282874476918,-0.032187421292363384,0.0,-33.25571204244032,4.281662455550196,0.0,0.0,0.0,0.0,45.698641928079574,-0.031445491700725664,-307.71353741371377,0.0,-0.30666666666666664,0.8982953175586993,0.0,0.9473257794337667,0.0,-0.314161220043573,-0.25356302753563026,0.40957763365302713,0.0,1.6994981921603391,Biotechnology,Healthcare,MDGL
2018Q4,2018,Q4,2019-02-27,2018-12-31,-11475000.0,0.0,-14454000.0,-0.75,0.0,0.0,485428000.0,476984000.0,485201000.0,8444000.0,8444000.0,0.0,-139272000.0,1730066913.76,1672687913.76,31.07720057090146,57.46103742302226,0.0,0.0,-0.03030290324203747,31.07720057090146,-0.024057410730758264,0.0,-37.69208962440087,3.627096325579055,0.0,0.0,0.0,0.0,57.285409758408335,-0.023638933065253755,-275.7957777395186,0.0,-0.33928571428571414,0.9244673147242601,0.0,0.5453150803202247,0.0,-0.34809680451127817,-0.2753904526603724,0.7215111152091688,0.0,1.4196017732645612,Biotechnology,Healthcare,MDGL
2018Q3,2018,Q3,2018-11-06,2018-09-30,-8512000.0,0.0,-11333000.0,-0.56,0.0,0.0,489549000.0,482907000.0,489305000.0,6642000.0,6642000.0,0.0,-127797000.0,3249248910.72,3211202910.72,31.54631812965251,73.66832279433905,0.0,0.0,-0.023468286854404677,31.54631812965251,-0.017626582344012407,0.0,-95.43141772556392,6.72851897098199,0.0,0.0,0.0,0.0,73.55284552845528,-0.01738743210587704,-618.786690291373,0.0,-0.24444444444444452,0.9512790202636273,0.0,3.2590249729673877,0.0,-0.3176470588235294,-0.4481216457960644,0.8774573625947545,0.0,1.0300230770540606,Biotechnology,Healthcare,MDGL
2018Q2,2018,Q2,2018-08-07,2018-06-30,-6460000.0,0.0,-7826000.0,-0.45,0.0,0.0,491528000.0,486092000.0,491273000.0,5436000.0,5436000.0,0.0,-119285000.0,4022982646.8,3758121646.8,33.7945955566432,90.37398822663724,0.0,0.0,-0.016099832953432685,33.7945955566432,-0.01328966533084272,0.0,-155.6881829256966,8.27617538819812,0.0,0.0,0.0,0.0,90.1959161147903,-0.013142689734867596,-750.5564639552239,0.0,0.0,0.9611252510039244,0.0,0.8810312595596047,0.0,-0.01508485229415462,-0.10708728250106098,0.9142630725865244,0.0,0.8517539495010938,Biotechnology,Healthcare,MDGL
2018Q1,2018,Q1,2018-05-08,2018-03-31,-6364000.0,0.0,-7069000.0,-0.45,0.0,0.0,183478000.0,177184000.0,183199000.0,6294000.0,6294000.0,0.0,-112825000.0,1649993703.72,1611868703.72,12.541453530001837,29.106927232284715,0.0,0.0,-0.03989637890554452,12.541453530001837,-0.03591746433086509,0.0,-64.8174773617222,9.312317724625249,0.0,0.0,0.0,0.0,29.047505560851604,-0.03468535737254603,-190.86104149450549,0.0,0.3283582089552239,0.9571632752772498,0.0,-0.563262115600131,0.0,0.24641799881586737,0.20671080686791607,0.9326409517206908,0.0,-0.15835321940916286,Biotechnology,Healthcare,MDGL
2017Q4,2017,Q4,2018-03-13,2017-12-31,-8445000.0,0.0,-8911000.0,-0.67,0.0,0.0,192313000.0,182259000.0,192012000.0,10054000.0,10054000.0,0.0,-106461000.0,1156357936.5600002,1007730936.5600002,14.467452577675072,19.09807041973344,0.0,0.0,-0.048891961439489956,14.467452577675072,-0.046335160403601465,0.0,-34.232028909413856,6.344586201833655,0.0,0.0,0.0,0.0,19.049830913069425,-0.04391278800705101,-194.50932490496217,0.0,0.014705882352941188,0.9270890490116833,0.0,-0.6201003372580213,0.0,-0.009805093865837618,-0.03172397823318282,0.8980105551730383,0.0,-0.3122500525721646,Biotechnology,Healthcare,MDGL
2017Q3,2017,Q3,2017-11-09,2017-09-30,-8363000.0,0.0,-8637000.0,-0.68,0.0,0.0,62831000.0,54308000.0,62720000.0,8523000.0,8523000.0,0.0,-98016000.0,556790417.56,543830417.56,4.387241164646598,7.358911181508859,0.0,0.0,-0.15903734256463137,4.387241164646598,-0.15399204537084776,0.0,-16.644458255410736,10.252456683361567,0.0,0.0,0.0,0.0,7.290508037076147,-0.13310308605624613,-112.46019340739244,0.0,0.014492753623188259,0.9219173535349282,0.0,-0.7637832488236755,0.0,-0.001916856355576854,-0.02346249555634554,0.8977397183035682,0.0,-0.8416459968622944,Biotechnology,Healthcare,MDGL
2017Q2,2017,Q2,2017-08-10,2017-06-30,-8347000.0,0.0,-8439000.0,-0.69,0.0,0.0,68067000.0,61631000.0,67947000.0,6436000.0,6436000.0,0.0,-89653000.0,195754221.3,160957221.3,5.119276883762404,10.55733374766936,0.0,0.0,-0.136927844753452,5.119276883762404,-0.13543508948418814,0.0,-5.863011300467234,3.176229840502345,0.0,0.0,0.0,0.0,10.435985083903045,-0.12262917419601276,-25.183869972983405,0.0,-0.3799999999999999,0.9218875859738197,0.0,-0.587953996565936,0.0,-0.39139856642773796,-0.3891358024691358,0.9164060759234415,0.0,-0.8141101582534387,Biotechnology,Healthcare,MDGL
2017Q1,2017,Q1,2017-05-11,2017-03-31,-5999000.0,0.0,-6075000.0,-0.5,0.0,0.0,40357000.0,34451000.0,40352000.0,5906000.0,5906000.0,0.0,-81306000.0,184118380.6,175903380.6,2.881545005289928,6.83237385709448,0.0,0.0,-0.17633740675161824,2.881545005289928,-0.17413137499637166,0.0,-7.672878004667445,5.344355188528635,0.0,0.0,0.0,0.0,6.794277006434135,-0.14864831379934088,-48.79893469387755,0.0,0.25373134328358216,0.9463107555030542,-1.0,-0.8625817041526732,0.0,0.2258624652209131,0.21671462651019355,0.9480052510770506,0.0,-0.8159794579778937,Biotechnology,Healthcare,MDGL
2016Q4,2016,Q4,2017-03-31,2016-12-31,-7749269.0,0.0,-7755794.0,-0.67,0.0,0.0,41210425.0,36410502.0,41207479.0,4799923.0,4799923.0,0.0,-75307448.0,171495885.9,152350902.9,3.1634372856987585,8.585029176509707,0.0,0.0,-0.21300980689582363,3.1634372856987585,-0.21283060035810547,0.0,-5.532647205175095,4.710066504988039,0.0,0.0,0.0,0.0,8.437532852089502,-0.18804147251575298,-32.470214424050724,0.0,0.5,0.8990705432692712,-1.0,-0.6551649942761805,0.0,0.44840113775327894,0.4495735359054933,0.9319798711615084,0.0,-0.8426979504770828,Biotechnology,Healthcare,MDGL
2016Q3,2016,Q3,2016-11-14,2016-09-30,-14048740.0,0.0,-14090518.0,-1.34,0.0,0.0,41507184.0,37591794.0,41190638.0,3915390.0,3915390.0,0.0,-67558179.0,132660467.75999999,124267165.75999999,3.5931122207585378,10.52018777184393,0.0,0.0,-0.3748296237205386,3.5931122207585378,-0.3737182641509474,0.0,-2.360718252313019,3.5289741096155187,0.0,0.0,0.0,0.0,10.10317107618909,-0.33846526422992224,19.074287482402788,0.0,-0.9142556331257652,0.8728226386038572,-1.0,-0.8237087382917577,0.0,-3.1576620301864455,-3.038554886787045,0.8823439335977973,0.0,-0.5148988666128852,Biotechnology,Healthcare,MDGL
2016Q2,2016,Q2,2016-07-20,2016-06-30,-3379000.0,0.0,-3489000.0,-0.700011,0.0,0.0,44938000.0,41574000.0,44835000.0,3364000.0,3364000.0,0.0,-716147000.0,35750165.989999995,25026165.989999995,10.59056391810616,13.327883472057074,0.0002225288174818639,0.0002405349497281955,-0.08385809738979955,10.59056391810616,-0.08127675951315726,0.0,-2.645025598549867,0.8599164379179295,0.0,0.0,0.0,0.0,12.786860879904875,-0.07519248742712181,-5.056600564356435,0.0,0.599999657147951,0.9170529196858573,-1.0,-0.6498359105437109,0.0,0.4820662170447578,0.45881805490926014,0.9254939111504864,0.0,-0.4105216689771655,Biotechnology,Healthcare,MDGL
2016Q1,2016,Q1,2016-05-10,2016-03-31,-6524000.0,0.0,-6447000.0,-1.750026,0.0,0.0,52970000.0,44331000.0,52596000.0,8639000.0,8639000.0,0.0,-712768000.0,32966446.8,-7516553.199999999,11.295739642769144,6.088204653316356,0.043401925618274495,0.051859872324107284,-0.13816085549578896,11.295739642769144,-0.14716564029685772,0.0,-1.2632758583690988,0.743643202273804,0.0,0.0,0.0,0.0,6.024076860747772,-0.12316405512554277,-2.6990704765023743,0.0,0.3481291012716401,0.8249977164359196,-1.0,0.034846155153021696,0.0,0.3807896735003797,0.37890173410404626,0.8419174935953763,0.0,-0.6066422905037863,Biotechnology,Healthcare,MDGL
2015Q4,2015,Q4,2016-03-15,2015-12-31,-10536000.0,0.0,-10380000.0,-2.684620533626936,0.0,0.0,68195000.0,50407000.0,67775000.0,17788000.0,17788000.0,0.0,-706244000.0,48350788.64,18034788.64,12.843931970248004,3.8101529120755564,0.06755627245399223,0.0913960362648045,-0.18853188513722144,12.843931970248004,-0.20901858868807904,0.0,-1.1472757365223993,0.9592078211359534,0.0,0.0,0.0,0.0,3.742635484596357,-0.15449813036146345,-2.4981032622061483,0.0,0.40998232693952347,0.6347988034753872,-1.0,-0.3434255717685305,0.0,0.4023144996596324,0.403242497412901,0.7080066691993708,0.0,-0.662732233087972,Biotechnology,Healthcare,MDGL
2015Q3,2015,Q3,2015-11-05,2015-09-30,-17628000.0,0.0,-17394000.0,-4.550068,0.0,0.0,91014000.0,60370000.0,90227000.0,30633000.0,30644000.0,0.0,-695708000.0,236586938.7,198016938.7,15.53988153446613,2.9454183396990175,0.07595534752895158,0.11451051846943847,-0.25831266614194276,15.53988153446613,-0.291999337419248,0.0,-3.3552719920013616,3.918948794103031,0.0,0.0,0.0,0.0,2.8809453856951652,-0.19368448810073174,-15.151260883765609,0.0,0.13333342222088482,0.48982424831074445,-1.0,-0.317254733746877,0.0,0.1096969696969697,0.10818293683347006,0.47556182342646747,0.0,-0.16330555080569986,Biotechnology,Healthcare,MDGL
2015Q2,2015,Q2,2015-08-06,2015-06-30,-19800000.0,0.0,-19504000.0,-5.250079,0.0,0.0,101539000.0,68982000.0,100547000.0,32525000.0,32557000.0,0.0,-678080000.0,295015419.3,272229419.3,18.250046430708714,3.0913758647194465,0.09077300347649672,0.13361456611869763,-0.24920780946539917,18.250046430708714,-0.2870313994955206,0.0,-3.7249421628787878,4.276701448203879,0.0,0.0,0.0,0.0,3.023335895465027,-0.1949989659145747,-16.614034989018418,0.0,0.2105263078750695,0.3345973498245846,-1.0,-0.40776623729756506,0.0,0.043801612981117496,0.04072398190045249,0.4098347644826011,0.0,0.4689298635343438,Biotechnology,Healthcare,MDGL
2015Q1,2015,Q1,2015-05-07,2015-03-31,-20707000.0,0.0,-20332000.0,-6.6501,0.0,0.0,79392000.0,46140000.0,77973000.0,30920000.0,33252000.0,0.0,-658280000.0,210246782.20000002,188511782.20000002,14.901088935666955,2.5217658473479947,0.14510278113663846,0.24967490247074123,-0.3521607343898848,14.901088935666955,-0.4487863025574339,0.0,-2.5383539648428073,4.556713961855223,0.0,0.0,0.0,0.0,2.4775549805950843,-0.2608197299476018,-11.198230743009322,0.0,-0.011767361527122669,0.19017527515469887,-1.0,-0.612895542264061,0.0,-0.01744300314465409,-0.022016688448778528,0.2844459297304381,-1.0,-0.28938043860162455,Biotechnology,Healthcare,MDGL
2014Q4,2014,Q4,2015-03-12,2014-12-31,-20352000.0,0.0,-19894000.0,-6.572756003872862,0.0,0.0,100675000.0,65136000.0,99346000.0,30889000.0,35539000.0,0.0,-637573000.0,287192769.5,254989769.5,21.03591956899876,3.2162258409142415,0.13728333747206356,0.21218680913780397,-0.25168897548138963,21.03591956899876,-0.3124539425202653,0.0,-3.527819986979167,4.409125053733726,0.0,0.0,0.0,0.0,3.1626145229693416,-0.20215545070772287,-14.900527627892497,0.0,0.011630501214588961,-0.052809429819721164,-1.0,-0.04816833942804775,0.0,-0.01933286587198237,-0.022880353745693867,0.014691686981933105,-1.0,1.293050498511528,Biotechnology,Healthcare,MDGL
2014Q3,2014,Q3,2014-11-06,2014-09-30,-19966000.0,0.0,-19449000.0,-6.6501,0.0,0.0,123656000.0,83728000.0,122191000.0,32961000.0,39928000.0,0.0,-617221000.0,318377813.59999996,266019813.59999996,27.705274749710135,3.7071387397227027,0.13036164844407064,0.19252818650869483,-0.1945989754262387,27.705274749710135,-0.23846264093254346,0.0,-3.986499719523189,3.802525004777374,0.0,0.0,0.0,0.0,3.618822244470738,-0.16146406159021803,-17.114326377466,0.0,0.208333303571875,-1.0541460922979546,-1.0,-0.130221847992496,0.0,0.10410122947141703,0.10377401963043177,0.3742836307301672,-1.0,0.35932237612350654,Biotechnology,Healthcare,MDGL
2014Q2,2014,Q2,2014-08-06,2014-06-30,-22286000.0,0.0,-21701000.0,-8.400126,0.0,0.0,115946000.0,73998000.0,114324000.0,32666000.0,41948000.0,0.0,-597255000.0,384643477.40000004,306249477.40000004,27.539304115078696,3.499785709912447,0.15884118468942438,0.24888510500283792,-0.23455215572680796,27.539304115078696,-0.30117030190005134,0.0,-4.314855485506596,5.198025316900457,0.0,0.0,0.0,0.0,3.430478173023939,-0.19221016680178704,-18.40487474998804,0.0,0.1428571428571429,0.05499814369392717,-1.0,1.3009418219128717,0.0,0.0539542386551768,0.052647662286637274,0.20075349793771513,-1.0,-0.08944647100144129,Biotechnology,Healthcare,MDGL
2014Q1,2014,Q1,2014-05-08,2014-03-31,-23557000.0,0.0,-22907000.0,-9.800147,0.0,0.0,82184000.0,38224000.0,80392000.0,32365000.0,43960000.0,0.0,-574969000.0,368232694.2,336979694.2,15.658822507672921,2.4839178124517227,0.2528594373600701,0.543663666806195,-0.3874596167182558,15.658822507672921,-0.6162881958978652,0.0,-3.9078903744110027,9.633546834449561,0.0,0.0,0.0,0.0,2.434327205314383,-0.2866373016645576,-18.14579875819248,0.0,0.009905287863421904,0.6025706915374177,-1.0,1.1867881410292007,0.0,0.02503931793725685,0.02290564750042655,-0.015934172329409566,-1.0,0.43456495800715916,Biotechnology,Healthcare,MDGL
2013Q4,2013,Q4,2014-03-11,2013-12-31,-24162000.0,0.0,-23444000.0,-9.898191435495844,0.0,0.0,95203000.0,49091000.0,92241000.0,32207000.0,46112000.0,0.0,-551412000.0,447688936.8,422469936.8,20.110591662938766,2.8640047194709224,0.24443557450920664,0.4740380110407203,-0.3234145870407924,20.110591662938766,-0.4921879774296714,0.0,-4.632159349391606,9.119572565235991,0.0,0.0,0.0,0.0,2.8402521191045427,-0.25379452328182933,-23.848760750053273,0.0,0.14302656458082097,0.6309080241574712,-1.0,1.3310398846073486,0.0,-0.07315123251165889,-0.07570891070936955,-0.34649620324146924,-1.0,0.028041899713956472,Biotechnology,Healthcare,MDGL
2013Q3,2013,Q3,2013-11-04,2013-09-30,-22515000.0,0.0,-21794000.0,-11.550173,0.0,0.0,56663000.0,14612000.0,54742000.0,25931000.0,42051000.0,0.0,-527250000.0,435680954.09999996,433708954.09999996,7.406934293619148,2.1110639774786937,0.41482095900322963,1.608609362168081,-0.5717058838960153,7.406934293619148,-1.5408568300027374,0.0,-4.837674373750833,29.816654400492745,0.0,0.0,0.0,0.0,2.058694226987004,-0.39734924024495705,-26.239517833052275,0.0,0.0,0.5820506862524146,-1.0,1.2062823710374195,0.0,0.01193663053495414,0.012192358246838599,-0.28319016757234683,-1.0,-0.6745760696308856,Biotechnology,Healthcare,MDGL
2013Q2,2013,Q2,2013-08-01,2013-06-30,-22787000.0,0.0,-22063000.0,-11.550173,0.0,0.0,73924000.0,35436000.0,71840000.0,20071000.0,38488000.0,0.0,-504735000.0,345168775.0,335108775.0,17.96599359255483,3.579293508046435,0.3209106650073048,0.669460435715092,-0.37289367383845723,17.96599359255483,-0.6430466192572525,0.0,-3.7869045398692234,9.740624647251382,0.0,0.0,0.0,0.0,3.4977330476807333,-0.3082490124993236,-16.991669538249482,0.0,-0.09999992381067012,0.509352521586536,-1.0,2.695781473362486,0.0,-0.0993342338865303,-0.0891006022312173,-0.467522754284099,-1.0,-0.41698405938831395,Biotechnology,Healthcare,MDGL
2013Q1,2013,Q1,2013-04-30,2013-03-31,-20728000.0,0.0,-20258000.0,-10.500158,0.0,0.0,93700000.0,56604000.0,91869000.0,16551000.0,37096000.0,0.0,-481948000.0,605735009.6,594399009.6,28.716202504931125,5.550661591444626,0.25214514407684097,0.41739099710267824,-0.25246445084183894,28.716202504931125,-0.36619320189385907,0.0,-7.305758027788499,10.701275697830543,0.0,0.0,0.0,0.0,5.461543109177693,-0.22121664887940234,-26.933526438417076,0.0,-0.14205194736059154,0.42583444084730276,-1.0,1.5803241632836509,0.0,-0.14373999889642994,-0.1443258204824041,-0.2734172159913579,-1.0,-0.25400284187960714,Biotechnology,Healthcare,MDGL
2012Q4,2012,Q4,2013-03-14,2012-12-31,-18123000.0,0.0,-17703000.0,-9.194115928147601,0.0,0.0,103017000.0,75066000.0,101385000.0,23486000.0,27951000.0,0.0,-461220000.0,622292686.4,553168686.4,38.08229908195816,4.316827045899685,0.12025199724317345,0.1650281085977673,,38.08229908195816,-0.2414275437614899,0.0,-8.58429463113171,8.289940670876296,0.0,0.0,0.0,0.0,4.283360299753045,-0.175922420571362,-49.36088573014992,0.0,-0.050740374989540364,0.4292434498420889,0.0,0.47413801892181767,0.0,-0.20852227260602826,-0.21762156957149736,-0.4726930289677505,-1.0,0.723144921460795,Biotechnology,Healthcare,MDGL
2012Q3,2012,Q3,2012-11-06,2012-09-30,-14996000.0,0.0,-14539000.0,-8.750131,0.0,0.0,57613000.0,32190000.0,55942000.0,18965000.0,25423000.0,0.0,-443097000.0,570818222.1,555730222.1,18.57294684986897,2.949749538623781,0.24914515821082048,0.445914880397639,,18.57294684986897,-0.46585896241068653,0.0,-9.516174681581756,17.732781053122086,0.0,0.0,0.0,0.0,2.9074083838650147,-0.2602884765591099,-42.37071126039193,0.0,0.0,0.445041110319729,0.0,-0.5464554833430065,0.0,-0.025718194254445964,-0.0286543087590208,-1.0709119747065268,-1.0,-0.416921740197446,Biotechnology,Healthcare,MDGL
2012Q2,2012,Q2,2012-08-02,2012-06-30,-14620000.0,0.0,-14134000.0,-8.750131,0.0,0.0,47164000.0,20464000.0,45495000.0,18254000.0,26700000.0,0.0,-428101000.0,315342847.04999995,306065847.04999995,12.42404207563585,2.49233044812096,0.34594182003222795,0.797302580140735,,12.42404207563585,-0.7144253322908523,0.0,-5.392319545998632,15.409638733874118,0.0,0.0,0.0,0.0,2.4463679193601404,-0.30998218980578407,-23.96222242021276,0.0,0.0740741250237298,0.4941971472542826,0.0,-0.7740724147147081,-1.0,0.02863597103182513,0.02959148644009612,-0.011317015523039174,-1.0,1.1357664609875473,Biotechnology,Healthcare,MDGL
2012Q1,2012,Q1,2012-05-03,2012-03-31,-15051000.0,147000.0,-14565000.0,-9.450142,147000.0,1.0,59841000.0,33770000.0,57998000.0,15644000.0,26071000.0,0.0,-413481000.0,247447332.65,229368332.65,20.96915106916591,3.7073638455637945,0.2752460687488511,0.4877405981640509,,20.96915106916591,-0.44569144210838024,1683.3151880952382,-4.1101477086240115,7.3274306381403616,0.0,0.0,0.0,0.0024565097508397254,3.6684991050882125,-0.2515165187747531,-16.066965304201027,1.0,-0.4166513204376802,0.5347120246172381,0.0,-0.7544600674616785,-0.9570552147239264,-0.40100530578050825,-0.42250219748022266,0.6151140269945706,-0.9804134970588656,1.2501330317302417,Biotechnology,Healthcare,MDGL
2011Q4,2011,Q4,2012-02-22,2011-12-31,-10743000.0,3423000.0,-10239000.0,-6.670760732485916,3423000.0,1.0,42324000.0,14774000.0,40286000.0,15148000.0,27550000.0,0.0,-398430000.0,263229850.45,249776850.45,9.173770740179364,2.6594930023765513,0.39273225593044137,1.1250846080953025,,9.173770740179364,-0.7271558142683092,76.90033609406953,-6.12561320045611,17.817101018681466,0.0,0.0,0.0,0.08087609866742274,2.6224584103512014,-0.25382761553728383,-24.22063401269783,1.0,0.3646990138161811,0.6601886596773312,0.0,4.34022401341323,1.0570913461538463,0.15635307051986808,0.16197413651988868,0.7512551383582486,2.234192701508544,1.1510091825314037,Biotechnology,Healthcare,MDGL
2011Q3,2011,Q3,2011-11-03,2011-09-30,-12734000.0,1664000.0,-12218000.0,-10.500158,1664000.0,1.0,53868000.0,24581000.0,52022000.0,17116000.0,29287000.0,0.0,-387687000.0,137186367.5,133310367.5,20.38168078180217,3.039378359429773,0.311260859879706,0.6821122004800456,,20.38168078180217,-0.5180423904641797,82.44373046875,-2.693308612768965,5.580992128066393,0.0,0.0,0.0,0.030890324496918392,2.959803692451507,-0.23639266354793198,-11.35272819430652,1.0,0.0,0.5500914111340902,0.0,0.2522596806277298,0.22895125553914328,-0.018557030875059992,-0.017403613956199517,0.6133409934660554,0.04551888317801735,1.5676277486381793,Biotechnology,Healthcare,MDGL
2011Q2,2011,Q2,2011-08-04,2011-06-30,-12502000.0,1354000.0,-12009000.0,-10.500158,1354000.0,1.0,65621000.0,36437000.0,63721000.0,15349000.0,29184000.0,0.0,-374953000.0,212095357.25,203112357.25,30.244574578022736,4.151475666167177,0.25766141936270404,0.4640338117847243,,30.244574578022736,-0.34311276998655216,156.64354302067946,-4.241228548432251,5.820878701594533,0.0,0.0,0.0,0.02063363862178266,4.097270180467783,-0.19051827920939943,-17.400554372795142,1.0,-0.11111113462633695,0.5578156660922454,0.0,0.0,0.18460192475940507,-0.09657047627401105,-0.09511216487324457,0.5592825632678663,-0.1904301229019797,3.854737144089542,Biotechnology,Healthcare,MDGL
2011Q1,2011,Q1,2011-05-05,2011-03-31,-11401000.0,1143000.0,-10966000.0,-9.450142,1143000.0,1.0,42926000.0,13101000.0,40757000.0,17314000.0,29825000.0,0.0,-362451000.0,220962895.29999998,220590895.29999998,10.915380596934096,2.3539909899503293,0.3960303778595723,1.2976108693992825,,10.915380596934096,-0.8702389130600717,193.31836859142606,-4.845252506359091,16.866109098542093,0.0,0.0,0.0,0.026627218934911243,2.3237264641330717,-0.26559660811629315,-17.19689433418943,1.0,-0.2855459915092371,0.5952411323802903,0.0,0.0,-0.7168689621005697,-0.29219086478522044,-0.31093843395098625,0.4813465925498333,-0.31408686980691963,-0.019187153981448025,Biotechnology,Healthcare,MDGL
2010Q4,2010,Q4,2011-03-11,2010-12-31,-8823000.0,4037000.0,-8365000.0,-7.351072666723878,4037000.0,1.0,54067000.0,23479000.0,51520000.0,16736000.0,30588000.0,0.0,-351050000.0,257089908.6,257109908.6,19.56203503819675,3.078393881453155,0.21578781881739323,0.49691213424762554,,19.56203503819675,-0.3757826142510328,63.683405647758235,-7.284651156069363,10.949781021338216,0.0,0.0,0.0,0.07466661734514583,3.052641013384321,-0.16318641685316368,-31.20401852166525,1.0,0.15988998716432035,0.6983260611449971,0.0,-0.7630047731395841,0.1933195388708247,0.14022607678815047,0.1823868634542078,0.5436567356765137,0.0,-0.24276789289361994,Biotechnology,Healthcare,MDGL
2010Q3,2010,Q3,2010-11-04,2010-09-30,-10262000.0,3383000.0,-10231000.0,-8.750131,3383000.0,1.0,57881000.0,26261000.0,54803000.0,14948000.0,31620000.0,0.0,-342227000.0,161125097.70000002,158767097.70000002,22.76087774251199,3.6662429756489163,0.23035192895768905,0.5077110544152926,,22.76087774251199,-0.39076958227028674,47.62787398758499,-3.925284976125512,6.135527881649595,0.0,0.0,0.0,0.05844750436239871,3.6206181428953705,-0.1772947944921477,-18.967050935844618,1.0,-0.136363530107858,0.7881049354825781,0.0,0.0,0.006845238095238095,-0.13092351774300198,-0.13124723573639982,0.4295267322809475,0.0,-0.44418775448714803,Biotechnology,Healthcare,MDGL
2010Q2,2010,Q2,2010-08-09,2010-06-30,-9074000.0,3360000.0,-9044000.0,-7.700116,3360000.0,1.0,52550000.0,35519000.0,49379000.0,12267000.0,17031000.0,0.0,-331965000.0,108923535.0,67709535.0,30.815612989424185,4.02535257194098,0.0,0.0,,30.815612989424185,-0.255468903966891,32.41771875,-3.0009790335023143,3.066627298065824,0.0,0.0,0.0,0.06393910561370124,3.9665769951903482,-0.17267364414843006,-12.08649966711052,1.0,0.08333327381041662,0.8124487597146659,0.0,0.0,-0.16480238627889635,0.025139664804469275,0.023115143659537696,0.5513885319853247,0.0,-0.4396270562026115,Biotechnology,Healthcare,MDGL
2010Q1,2010,Q1,2010-05-04,2010-03-31,-9308000.0,4023000.0,-9258000.0,-8.400126,4023000.0,1.0,62542000.0,43389000.0,58928000.0,13037000.0,19153000.0,0.0,-322891000.0,170033745.35,113829745.35,38.49371568289106,4.520058295620158,0.0,0.0,,38.49371568289106,-0.21452441863145036,42.265410228685056,-4.56687111490116,3.9188214835557402,0.0,0.0,0.0,0.06432477375203863,4.442509779857329,-0.14882798759233795,-13.506533112240845,1.0,-0.34551348920648006,0.5724854581816344,0.0,-0.6478941164043428,-0.14038461538461539,-0.3227227511723746,-0.32636103151862467,0.5888755993511812,0.0,-0.5492547923971647,Biotechnology,Healthcare,MDGL
2009Q4,2009,Q4,2010-03-11,2009-12-31,-7037000.0,4680000.0,-6980000.0,-6.243063386123312,4680000.0,1.0,48910000.0,24911000.0,44574000.0,16469000.0,23999000.0,0.0,-313583000.0,199621984.1,157527984.1,22.10046213041322,2.706539559171777,0.0,0.0,,22.10046213041322,-0.28248564891012,42.65427010683761,-7.091870971294585,8.013407093251978,0.0,0.0,0.0,0.09568595379268044,2.6810978201469426,-0.1438765078716009,-27.706035267175572,1.0,-1.0512559092083513,0.7437966392661677,0.0,-0.7322515767868634,-0.9641118055289291,-1.0595755128302813,-1.0590664455200893,0.6819757412933982,0.0,9.046908562061212,Biotechnology,Healthcare,MDGL
2009Q3,2009,Q3,2009-11-04,2009-09-30,118119000.0,130405000.0,118172000.0,121.801827,130405000.0,1.0,57562000.0,30836000.0,52940000.0,17759000.0,26726000.0,0.0,-306546000.0,105034944.0,72675944.0,31.85326589977522,2.9810237062897684,0.0,0.0,,31.85326589977522,3.830555195226359,0.805451815497872,0.22230746958575673,3.406244130237385,0.0,0.0,0.0,2.265470275528995,2.9137338814122415,2.0520308536881973,-12.683847844463228,1.0,14.920000397708334,3.906877805808039,0.0,0.0,27.044086021505375,14.90453207769276,14.979888796876848,6.19917794213793,0.0,0.957079055924439,Biotechnology,Healthcare,MDGL
2009Q2,2009,Q2,2009-08-04,2009-06-30,-8495000.0,4650000.0,-8453000.0,-8.750131,4650000.0,1.0,68201000.0,-88573000.0,63007000.0,146359000.0,156774000.0,0.0,-424665000.0,78932326.55,50048326.55,-91.51039207522257,0.4304962455332436,0.0,0.0,,-91.51039207522257,0.09590958870084564,16.97469388172043,-2.3229054311359625,-0.8911556179648426,0.0,0.0,0.0,0.06818081846307239,0.41986485286179875,-0.12455829093415052,-3.3414751735670136,1.0,0.6376811660214452,0.7909050571268331,0.0,0.0,0.031042128603104215,0.638495255117239,0.6393001920204822,0.6260173672843578,0.0,0.0,Biotechnology,Healthcare,MDGL
2009Q1,2009,Q1,2009-05-07,2009-03-31,-23499000.0,4510000.0,-23435000.0,-24.150362,4510000.0,1.0,91755000.0,-81129000.0,85976000.0,42951000.0,172884000.0,0.0,-416170000.0,72484999.30000001,83472999.30000001,-83.8319950152776,2.0017228935298363,0.09312843986703721,-0.10532608561673384,,-83.8319950152776,0.2896498169581777,16.072061929046566,-0.7711498287161157,-0.8934536269398119,0.0,0.0,0.0,0.04915263473380197,1.9732485855975415,-0.2561059342815105,6.119976300236408,1.0,0.09946126158694558,-1.0849733199345044,19.25521741439882,0.0,0.0,0.09455554271182522,0.09394935240672724,-0.034670459405572014,0.0,0.0,Biotechnology,Healthcare,MDGL
2008Q4,2008,Q4,2009-03-26,2008-12-31,-25953000.0,636000.0,-25865000.0,-26.817682538075157,0.0,0.0,97253000.0,-58791000.0,91221000.0,33323000.0,156044000.0,0.0,-392671000.0,207293549.39999998,163712549.39999998,-60.74975432882428,2.737478618371695,0.08703073427040811,-0.1439676140905921,,-60.74975432882428,0.44144511915089046,325.93325377358485,-1.996816836203907,-3.525940184722151,0.0,0.0,0.0,0.006539644021264126,2.687723194190199,-0.26686066239601863,13.117354261849014,0.0,0.017682059057898474,-0.10054631330827125,0.0,-1.7359869144882896,-1.0,0.013981231716120208,0.022154171864957845,-0.10054631330827125,0.0,-1.7359869144882896,Biotechnology,Healthcare,MDGL
2008Q3,2008,Q3,2008-11-13,2008-09-30,-26321000.0,1272000.0,-26451000.0,-27.30041,1272000.0,1.0,90764000.0,-34610000.0,84948000.0,27239000.0,125374000.0,0.0,-366718000.0,257068129.5,203381129.5,-35.90677311090016,3.118616689305775,0.026552377594641047,-0.06963305403062699,,-35.90677311090016,0.7605027448714244,202.09758608490566,-2.4416637808213975,-7.42756802947125,0.0,0.0,0.0,0.014014366929619673,3.061712985058189,-0.28999383015292407,-12.679694658182894,1.0,-0.16417911338814875,0.34943866540219964,0.0,0.0,3.0158478605388273,-0.15982197937780912,-0.15269969930709898,0.34943866540219964,0.0,0.0,Biotechnology,Healthcare,MDGL
2008Q2,2008,Q2,2008-08-07,2008-06-30,-22694000.0,1338000.0,-22947000.0,-23.450352,-631000.0,-0.47159940209267565,87062000.0,-10211000.0,80981000.0,20723000.0,97273000.0,0.0,-340397000.0,205771300.0,131811300.0,-10.594521684996888,3.9077836220624427,0.029553651420826537,-0.2519831554206248,,-10.594521684996888,2.2225051415140533,153.79020926756354,-2.266802899444787,-20.151924395260014,0.0,0.0,0.0,0.015368358181525809,3.8303334459296434,-0.2606648135811261,-10.532389824435686,-0.47159940209267565,-0.2884615521975961,0.439035713374249,0.0,0.0,0.0,-0.28577903682719547,-0.24407698563296287,0.439035713374249,0.0,0.0,Biotechnology,Healthcare,MDGL
2008Q1,2008,Q1,2008-05-14,2008-03-31,-17650000.0,1338000.0,-18445000.0,-18.200273,0.0,0.0,106642000.0,10725000.0,101273000.0,20525000.0,95917000.0,0.0,-317703000.0,272873353.9,178631353.89999998,11.128912759700572,4.934129110840439,0.022514581496971175,0.22386946386946388,,11.128912759700572,-1.6456876456876457,203.9412211509716,-3.865061669971671,25.442736960372958,0.0,0.0,0.0,0.012546651413139289,4.833422655298417,-0.1655070234991842,-16.932879547005893,0.0,-0.12984490413153818,-0.5725975287995512,5.034457586295986,0.0,0.0,-0.13694923988662716,-0.1286177568377899,0.05183379783080702,0.0,-0.8982027172176835,Biotechnology,Healthcare,MDGL
2007Q4,2007,Q4,2008-03-20,2007-12-31,-15524000.0,0.0,-16343000.0,-16.108647243038853,0.0,0.0,122649000.0,24896000.0,116997000.0,20772000.0,97753000.0,0.0,-300053000.0,225989057.0,115633057.0,25.833604854592583,5.632437897169266,0.01961695570285938,0.09664203084832905,,25.833604854592583,-0.6235539845758354,0.0,-3.639349668255604,9.077323947622109,0.0,0.0,0.0,0.0,5.564076641632967,-0.12657257702875685,3.347638867080451,0.0,-0.022755928421571165,0.3389319785354462,0.0,-0.6870243289523889,0.0,-0.04363025210084034,-0.061647395088995714,0.3389319785354462,0.0,-0.6870243289523889,Biotechnology,Healthcare,MDGL
2007Q3,2007,Q3,2007-11-13,2007-09-30,-14875000.0,0.0,-15394000.0,-15.750236,0.0,0.0,56013000.0,39070000.0,50510000.0,13824000.0,16943000.0,0.0,-284529000.0,255787507.50000003,213035507.50000003,40.95065901527658,3.653790509259259,0.044061200078553193,0.06316867161504991,,40.95065901527658,-0.3807269004351165,0.0,-4.298949705882354,6.5469031865881755,0.0,0.0,0.0,0.0,3.4967447916666665,-0.26556335136486175,-15.921044908502429,0.0,0.10000003999939892,0.628562675049348,0.0,0.0,0.0,0.11146287557493578,0.11863048207946868,0.628562675049348,0.0,0.0,Biotechnology,Healthcare,MDGL
2007Q2,2007,Q2,2007-08-06,2007-06-30,-16741000.0,0.0,-17466000.0,-17.500263,0.0,0.0,71600000.0,52461000.0,65924000.0,15871000.0,19139000.0,0.0,-269653000.0,277133514.0,218315514.0,54.991257751669835,4.153739524919665,0.03407821229050279,0.04651074131259412,,54.991257751669835,-0.3191132460303845,0.0,-4.138544800191148,5.282657860124663,0.0,0.0,0.0,0.0,4.065654338100939,-0.23381284916201117,-21.486549387501938,0.0,0.12873300840800983,0.5819294564284326,0.0,0.0,0.0,-0.023601345154387037,-0.026687044439219376,0.5819294564284326,0.0,0.0,Biotechnology,Healthcare,MDGL
2007Q1,2007,Q1,2007-05-07,2007-03-31,-16355000.0,0.0,-17012000.0,-20.08599335092828,0.0,0.0,85197000.0,69537000.0,79348000.0,12292000.0,15660000.0,0.0,-252913000.0,229984630.04999998,158924630.04999998,85.40016628819932,6.455255450699642,0.028733406105848798,0.0352042797359679,,85.40016628819932,-0.23519852740267772,0.0,-3.5155094779883824,3.307370609172095,0.0,0.0,0.0,0.0,6.335502766026684,-0.19196685329295632,-16.822809600614438,0.0,-0.02318889793961909,-0.7246888537646107,-1.0,0.0,0.0,-0.3097621526387443,-0.3081122645136486,-0.7246888537646107,-1.0,0.0,Biotechnology,Healthcare,MDGL
