Quarters,Year,Quarter,FillingDate,Date,NetIncome,Revenue,OperatingIncome,EPSDiluted,GrossProfit,GrossProfitRatio,TotalAssets,CommonStockEquity,CurrentAssets,CurrentLiability,TotalLiability,Inventory,RetainedEarnings,MarketCap,EnterpriseValue,bookValuePerShare,currentRatio,debtToAssets,debtToEquity,roic,shareholdersEquityPerShare,roe,priceToSalesRatio,peRatio,pbRatio,payoutRatio,inventoryTurnover,dividendYield,assetTurnover,quickRatio,returnOnAssets,priceToFreeCashFlowsRatio,grossProfitMargin,epsdilutedGrowth,fiveYNetIncomeGrowthPerShare,fiveYRevenueGrowthPerShare,fiveYShareholdersEquityGrowthPerShare,grossProfitGrowth,netIncomeGrowth,operatingIncomeGrowth,threeYNetIncomeGrowthPerShare,threeYRevenueGrowthPerShare,threeYShareholdersEquityGrowthPerShare,Industry,Sector,Symbol
2023Q1,2023,Q1,2023-05-05,2023-03-31,51253000.0,113253000.0,122529000.0,1.14,113253000.0,1.0,14129007000.0,1536865000.0,1733435000.0,143170000.0,12592142000.0,0.0,872635000.0,1168028896.56,1792907896.56,34.1838740613289,12.107529510372284,0.07929460293989521,0.728986605850221,0.034509742001870715,34.1838740613289,0.03334905798492385,10.313447737013588,5.6973684299455645,0.7600074805269168,0.2975240473728367,0.0,0.01305532769344177,0.008015637616996014,12.107529510372284,0.0036275019185707815,42.33676090325854,1.0,0.49999999999999983,0.8688524328087627,0.11821492652747531,0.19660785783737494,-0.06356044319497271,0.5083284284873455,0.45140427144904705,2.931034472686579,0.05149654337083586,0.054542723088909346,Banks—Regional,Financial Services,SASR
2022Q4,2022,Q4,2023-02-21,2022-12-31,33980000.0,120940000.0,84421000.0,0.76,120940000.0,1.0,13833119000.0,1483768000.0,1447749000.0,153758000.0,12349351000.0,0.0,836789000.0,1575151830.9799998,2303317830.9799995,33.18610029325085,9.41576373261879,0.06652187406180775,0.6201811873554356,0.02607475906832142,33.18610029325085,0.0229011543583633,13.024242028939968,11.58881570762213,1.0615890294035186,0.44849911712772217,0.0,0.009675257775320776,0.008742786062926227,9.41576373261879,0.0024564236019367722,37.622753743521145,1.0,0.013333333333333345,1.2352941442503957,0.17897334197719886,0.43115887437906747,-0.06987117861949625,0.01179132920438304,0.31658894901826234,-0.049999993290170686,0.13456037456890005,0.041922471350886656,Banks—Regional,Financial Services,SASR
2022Q3,2022,Q3,2022-11-04,2022-09-30,33584000.0,130025000.0,64121000.0,0.75,130025000.0,1.0,13765597000.0,1451862000.0,1540004000.0,147906000.0,12313735000.0,0.0,818049000.0,1574006400.0,2525467400.0,32.523790322580645,10.41204548835071,0.08790436041386364,0.8334511131223216,0.017908891923420853,32.523790322580645,0.023131675049006036,12.105413574312632,11.716936636493568,1.0841294833806518,0.45384707003334923,0.0,0.009683569266300316,0.009445649178891406,10.41204548835071,0.0024397053030101056,23.863767852269625,1.0,-0.3801652892561983,0.21343509045850062,0.2785706411451698,0.40223681953002133,0.04441106541575633,-0.38715328467153287,-0.22402672055958273,-0.08252469184324628,0.2226869918561894,0.022263764542098705,Banks—Regional,Financial Services,SASR
2022Q2,2022,Q2,2022-08-05,2022-06-30,54800000.0,124496000.0,82633000.0,1.21,124496000.0,1.0,13303009000.0,1477169000.0,1523270000.0,125729000.0,11825840000.0,0.0,799707000.0,1759087680.0,2083005680.0,32.808479921819476,12.115502390061163,0.04096110887393972,0.3688853475804055,0.030610822188669343,32.808479921819476,0.037097989464983355,14.129672278627426,8.02503503649635,1.1908506609602556,0.28175182481751826,0.0,0.00877727709399909,0.009358484234656987,12.115502390061163,0.004119368783408325,54.55550427986602,1.0,0.24742268041237114,0.9952928755102254,0.19541840386723086,0.42934928486765006,0.020074398177736263,0.2472971435074542,0.283798900040394,0.5406691649994275,0.19613841327009526,0.048996959025348244,Banks—Regional,Financial Services,SASR
2022Q1,2022,Q1,2022-05-06,2022-03-31,43935000.0,122046000.0,64366000.0,0.97,122046000.0,1.0,12967416000.0,1488910000.0,1845929000.0,124926000.0,11478506000.0,0.0,760347000.0,2027778640.0,1845324640.0,32.98280980018608,14.776179498262971,0.028533209700375154,0.24850528238778705,0.02611006925335011,32.98280980018608,0.029508163690216332,16.61487176966062,11.538515079094116,1.3619215667837545,0.35156481165357917,0.0,0.007617202240575924,0.009411744020551203,14.776179498262971,0.0033881075458672724,32.88431888946549,1.0,-0.02020202020202022,0.5448605830031925,0.22628565516203883,0.4536566454065663,-0.02454502585579897,-0.032353977623116904,-0.007937608853131117,0.1450143004265765,0.151823730264308,0.07350638330226014,Banks—Regional,Financial Services,SASR
2021Q4,2021,Q4,2022-02-18,2021-12-31,45404000.0,125117000.0,64881000.0,0.99,125117000.0,1.0,12590726000.0,1519679000.0,10668325000.0,132518000.0,11071047000.0,0.0,732027000.0,2205075058.08,1958079058.08,33.135455435979615,80.50472388656635,0.013717398027722944,0.11365031694193313,0.028973134084985447,33.135455435979615,0.02987736225874017,17.62410430301238,12.141414071887938,1.451013706236646,0.32327548233635806,0.0,0.006656462756773644,0.009937234755168209,14.48824310659684,0.0036061463016509136,37.76395434364885,1.0,-0.175,0.8000000035486755,0.28723553800047236,0.5035262274520735,-0.04489381517275073,-0.20310306093793878,0.0,0.3749999949659875,0.20822751046647414,0.10177121492066632,Banks—Regional,Financial Services,SASR
2021Q3,2021,Q3,2021-11-05,2021-09-30,56976000.0,130998000.0,0.0,1.2,130998000.0,1.0,13017464000.0,1546060000.0,11131116000.0,0.0,11471404000.0,0.0,701301000.0,2157553969.46,1215911969.46,32.833695102296886,0.0,0.013262106966456754,0.11166384228296444,0.0,32.833695102296886,0.03685238606522386,16.470129081818044,9.466942087282366,1.3955176186305833,0.2677092108958158,0.0,0.0070695798185839,0.010063250414980983,0.0,0.0043768893849063075,29.52762415607166,1.0,0.008403361344537823,1.160714274088002,0.3303598080404424,0.47208569270679707,-0.024623059454227318,-0.0050119623491608895,0.0,0.47560978587043823,0.20040076050358943,0.12260796564444082,Banks—Regional,Financial Services,SASR
2021Q2,2021,Q2,2021-08-06,2021-06-30,57263000.0,134305000.0,0.0,1.19,134305000.0,1.0,12925577000.0,1562280000.0,11028894000.0,0.0,11363297000.0,0.0,659578000.0,2105846839.71,1702708839.71,32.739045926765655,0.0,0.017561923928038185,0.1452991781242799,0.0,32.739045926765655,0.03665348081009806,15.67958631257213,9.193750064221225,1.347931766207082,0.26610551315858405,0.0,0.007236043815085076,0.01039063865388756,0.0,0.004430208415454103,46.353661450803436,1.0,-0.24683544303797475,1.6666666480391645,0.34573034638148,0.4629585434498353,0.00628624518603989,-0.2411878511608184,0.0,0.7647058526674436,0.2834086699781033,0.14454814462805457,Banks—Regional,Financial Services,SASR
2021Q1,2021,Q1,2021-05-07,2021-03-31,75464000.0,133466000.0,0.0,1.58,133466000.0,1.0,12873366000.0,1511694000.0,10988401000.0,0.0,11361672000.0,0.0,617553000.0,2061258808.05,2159966808.05,31.850862280661,0.0,0.025404699905215156,0.2163427254457582,0.0,31.850862280661,0.04992015579872646,15.444074206539494,6.828616320530319,1.363542362442399,0.20118202056609774,0.0,0.007365402122580878,0.010367607042322886,0.0,0.005862025518423076,73.57171745904272,1.0,0.3277310924369749,2.5333333660591966,0.3654885609854167,0.4650699748393737,0.029854086128536926,0.3318273269563376,0.0,1.6065573566541091,0.2482970962092944,0.11494068857019896,Banks—Regional,Financial Services,SASR
2020Q4,2020,Q4,2021-02-19,2020-12-31,56662000.0,129597000.0,0.0,1.19,129597000.0,1.0,12798429000.0,1469955000.0,10989267000.0,0.0,11328474000.0,0.0,557271000.0,1532730905.9399998,1842181905.9399998,30.87159739953224,0.0,0.04736229735696467,0.4123684058355528,0.0,30.87159739953224,0.038546758234095604,11.826901131507672,6.762605034855811,1.0427060052450585,0.25099714094101866,0.0,0.00927886293992217,0.01012600843431643,0.0,0.004427262127250149,26.407727398563082,1.0,0.26595744680851063,1.2452830229993321,0.3690830959921735,0.421922781480811,0.021462238126014787,0.2692531696608575,0.0,2.500000020640988,0.18629803380486795,0.3313453582728958,Banks—Regional,Financial Services,SASR
2020Q3,2020,Q3,2020-11-06,2020-09-30,44642000.0,126874000.0,0.0,0.94,126874000.0,1.0,12678131000.0,1424749000.0,10856787000.0,0.0,11253382000.0,0.0,514831000.0,1096103566.12,1546120566.12,30.00009117423124,0.0,0.053202636887093216,0.47342373990085274,0.0,30.00009117423124,0.03133323834584197,8.639308023078014,6.138297825590251,0.7693309952279312,0.3181981094037005,0.0,0.012959541816183506,0.010007311014533608,0.0,0.0035211814738308036,27.77195617006182,1.0,4.032258064516129,1.08888887630037,0.37401380311079035,0.3999438834103388,0.019576013757855316,4.113544427395731,0.0,0.5161290578721981,0.17267832313286666,0.29342957928732566,Banks—Regional,Financial Services,SASR
2020Q2,2020,Q2,2020-08-07,2020-06-30,-14338000.0,124438000.0,0.0,-0.31,124438000.0,1.0,13290447000.0,1390093000.0,11467890000.0,0.0,11900354000.0,0.0,484392000.0,1146114970.14,993937970.1400001,30.05501667585085,0.0,0.05132596367902449,0.49071896628498957,0.0,30.05501667585085,-0.010314417812333419,9.210329402111896,-19.98387100955503,0.8244879804013113,-0.9906542056074766,0.0,0.012393172037762456,0.00936296574524544,0.0,-0.0010788199975516248,42.27022830050897,1.0,-2.107142857142857,-1.7380952379795078,0.4376365268040157,0.4250596412236446,0.5083028290223267,-2.435666366276159,0.0,-1.508196725074661,0.16314740127819405,0.3093906421352515,Banks—Regional,Financial Services,SASR
2020Q1,2020,Q1,2020-05-08,2020-03-31,9987000.0,82502000.0,0.0,0.28,82502000.0,1.0,8929602000.0,1116334000.0,7294321000.0,0.0,7813268000.0,0.0,512934000.0,779674757.84,1471804757.8400002,32.41582660700493,0.0,0.106735664142702,0.8537830075945013,0.0,32.41582660700493,0.008946247270082251,9.450374025356961,19.5172413597677,0.6984242689374328,1.0557725042555322,0.0,0.013523587744729544,0.009239157579475547,0.0,0.00111841490807765,63.30070291791833,1.0,-0.65,-0.3555555663925787,0.284249880460319,0.549720894175466,-0.02717936019432358,-0.6490494430192922,0.0,-0.5396825313019209,0.08661656023080007,0.42866790455656856,Banks—Regional,Financial Services,SASR
2019Q4,2019,Q4,2020-02-21,2019-12-31,28457000.0,84807000.0,0.0,0.8,84807000.0,1.0,8629002000.0,1132974000.0,7142064000.0,0.0,7496028000.0,0.0,515714000.0,1347438950.0,1924726950.0,31.850834592543134,0.0,0.0838084172422257,0.6383050272998321,0.0,31.850834592543134,0.025117081239287044,15.888298725341068,11.8375,1.1892937966802417,0.37821977017956915,0.0,0.007987745938322474,0.009828135397349542,0.0,0.0032978321247347027,23.995422409801616,1.0,-0.02439024390243891,1.1621621337997377,0.3227052855179102,0.5093221750153701,-0.006513360589482563,-0.03151482149542252,0.0,0.45454544908380906,0.12494992304372728,0.44523636527800164,Banks—Regional,Financial Services,SASR
2019Q3,2019,Q3,2019-11-08,2019-09-30,29383000.0,85363000.0,0.0,0.82,85363000.0,1.0,8437538000.0,1140041000.0,7128308000.0,0.0,7297497000.0,0.0,498020000.0,1207927969.17,1553037969.17,31.815458446919504,0.0,0.0657529483126476,0.4866430242421106,0.0,31.815458446919504,0.02577363445700637,14.150486383679112,10.277439073358746,1.0595478313236104,0.3659258755062451,0.0,0.008901193013510557,0.010117050732097444,0.0,0.003482413945869044,121.9636479371971,1.0,0.03797468354430369,0.8636363346852963,0.34025934721839646,0.5422052063751169,0.031689247168876375,0.03914980902532183,0.0,0.4642856899209058,0.1391959139229544,0.426433456261871,Banks—Regional,Financial Services,SASR
2019Q2,2019,Q2,2019-08-09,2019-06-30,28276000.0,82741000.0,0.0,0.79,82741000.0,1.0,8398519000.0,1119445000.0,7026470000.0,0.0,7279074000.0,0.0,479389000.0,1258103035.75,1647131035.75,31.27604864775083,0.0,0.0738369467283458,0.5539539682610579,0.0,31.27604864775083,0.025258945280920455,15.205315813804523,11.123417701849625,1.1238631962713665,0.38014570660630925,0.0,0.008543815327170034,0.00985185602366322,0.0,0.003366784072287031,506.4827036030596,1.0,-0.07058823529411758,1.8214285440896314,0.30999430067910627,0.5077079897121254,-0.011681936000191115,-0.06732196457433123,0.0,0.7555555586598763,0.10532146283841817,0.39758387208139434,Banks—Regional,Financial Services,SASR
2019Q1,2019,Q1,2019-05-03,2019-03-31,30317000.0,83719000.0,0.0,0.85,83719000.0,1.0,8327900000.0,1095848000.0,6923152000.0,0.0,7232052000.0,0.0,461862000.0,1138135852.69,1768634852.69,30.724372312278398,0.0,0.09169982828804381,0.6968731064892212,0.0,30.724372312278398,0.027665333148392843,13.594713896367612,9.385294164082858,1.0385891589800775,0.3301118184516938,0.0,0.008793326364639118,0.010052834448060136,0.0,0.003640413549634362,43.35260170989982,1.0,0.18055555555555558,0.931818200544395,0.36077132369907766,0.4951070257006814,0.04420330526972248,0.18583274661660018,0.0,0.8888888882775395,0.13976902092351384,0.4132539010674187,Banks—Regional,Financial Services,SASR
2018Q4,2018,Q4,2019-02-22,2018-12-31,25566000.0,80175000.0,0.0,0.72,80175000.0,1.0,8243272000.0,1067903000.0,6813669000.0,0.0,7175369000.0,0.0,441553000.0,1112831156.22,1897995156.22,30.074715137993103,0.0,0.10748595945881684,0.829697079229106,0.0,30.074715137993103,0.023940376607238672,13.88002689391955,10.881944342290543,1.0420713830937829,0.39130094656966286,0.0,0.00898968360481657,0.009726113611197107,0.0,0.003101438360883882,26.552878936292053,1.0,-0.1219512195121951,0.8947368283558018,0.2980513314516692,0.5235632923163756,-0.02964029821843532,-0.1254703427515906,0.0,0.3584905798516772,0.13576500305589928,0.38521897807290506,Banks—Regional,Financial Services,SASR
2018Q3,2018,Q3,2018-11-09,2018-09-30,29234000.0,82624000.0,0.0,0.82,82624000.0,1.0,8034565000.0,1042716000.0,6689995000.0,0.0,6991849000.0,0.0,425991000.0,1377206628.6000001,2204589628.6000004,29.247694749296098,0.0,0.1125020458481573,0.8668755442517425,0.0,29.247694749296098,0.02803639725486134,16.668360628872968,11.777439185537387,1.3207878546027874,0.34223848943011564,0.0,0.007264705086534898,0.010283568556605118,0.0,0.003638529279432054,28.84323172907766,1.0,0.20588235294117632,0.7083333325688101,0.2544612402453811,0.49148053290003,0.050047022341966806,0.19816385917455634,0.0,0.8222221724295214,0.19197204368004142,0.3648335643492919,Banks—Regional,Financial Services,SASR
2018Q2,2018,Q2,2018-08-03,2018-06-30,24399000.0,78686000.0,0.0,0.68,78686000.0,1.0,8152600000.0,1026349000.0,6715871000.0,0.0,7126251000.0,0.0,406762000.0,1471474970.82,2279412970.8199997,28.60434144288872,0.0,0.1350823050315237,1.0729995352458082,0.0,28.60434144288872,0.0237726153579338,18.70059439824111,15.077205734046476,1.4336984503516834,0.409893848108529,0.0,0.0067965817960374845,0.009651644874027917,0.0,0.0029927875769693102,238.41136921905377,1.0,0.11475409836065584,0.3877551065629596,0.2615157294205874,0.4619204337009012,-0.01653563974052919,0.12619432264020308,0.0,0.6190476381070722,0.17181031820567674,0.35627582555276155,Banks—Regional,Financial Services,SASR
2018Q1,2018,Q1,2018-05-04,2018-03-31,21665000.0,80009000.0,0.0,0.61,80009000.0,1.0,7894918000.0,1014608000.0,6503027000.0,0.0,6880310000.0,0.0,392364000.0,1376615392.6799998,2207242392.68,28.56731538025272,0.0,0.13282455878579105,1.03354103259584,0.0,28.56731538025272,0.021353074290760568,17.2057567608644,15.885245703669511,1.356795326549761,0.4277405954304177,0.0,0.006731727720956955,0.010134240786288091,0.0,0.0027441703637707195,33.239536223107564,1.0,0.7941176470588234,0.4523809567250331,0.2945354020416634,0.46872337477017756,0.4342128849532141,1.6206604572396275,0.0,0.35555554829672514,0.2076250084784168,0.3657330436766008,Banks—Regional,Financial Services,SASR
2017Q4,2017,Q4,2018-02-23,2017-12-31,8267000.0,55786000.0,0.0,0.34,55786000.0,1.0,5446675000.0,563816000.0,4530541000.0,0.0,4882859000.0,0.0,378489000.0,948759828.1200001,1604937828.1200001,23.188271328470925,0.0,0.14060559882864315,1.358303063410758,0.0,23.188271328470925,0.014662584956794416,17.00713132542215,28.69117660941091,1.682747258183521,0.7608564170799564,0.0,0.006629707343810972,0.01024221199171972,0.0,0.0015178067353018125,99.91152360151644,1.0,-0.4516129032258064,-0.15000000411273737,0.3158369255032619,0.1846826397101892,0.0061865339177172955,-0.45211743654317715,0.0,-0.08108109758131397,0.27287780881010554,0.09882747388126818,Banks—Regional,Financial Services,SASR
2017Q3,2017,Q3,2017-11-03,2017-09-30,15089000.0,55443000.0,0.0,0.62,55443000.0,1.0,5334788000.0,564480000.0,4438239000.0,0.0,4770308000.0,0.0,376512000.0,1008529299.68,1542103299.6799998,23.19422074046054,0.0,0.11863957855494914,1.1212390164399093,0.0,23.19422074046054,0.02673079648526077,18.19038110636149,16.70967757439194,1.7866519623015873,0.41639605010272385,0.0,0.006229863626166891,0.010392727883469784,0.0,0.0028284160495224927,69.03951941949616,1.0,0.016393442622950834,0.40909091140285403,0.2917457954328851,0.20240008189274825,-0.0081220816859581,0.02360762499152025,0.0,0.4090908808409737,0.2816794135753506,0.1243040248321608,Banks—Regional,Financial Services,SASR
2017Q2,2017,Q2,2017-08-04,2017-06-30,14741000.0,55897000.0,0.0,0.61,55897000.0,1.0,5270521000.0,554683000.0,4350811000.0,0.0,4715838000.0,0.0,367706000.0,982572238.8399999,1578467238.84,22.953437811988245,0.0,0.12712215737305665,1.2078971232217321,0.0,22.953437811988245,0.026575539542405303,17.578264286813244,16.66393458449223,1.7714122099289142,0.4264296859100468,0.0,0.006397493997409385,0.01060559288161455,0.0,0.0027968771967704902,207.11893736087688,1.0,-0.03174603174603177,1.0333332858088047,0.34514608167234445,0.16958681904065842,0.05695376760896284,-0.024550026469031233,0.0,1.1785713829186908,0.3107833199974775,0.10650427649158291,Banks—Regional,Financial Services,SASR
2017Q1,2017,Q1,2017-05-05,2017-03-31,15112000.0,52885000.0,0.0,0.63,52885000.0,1.0,5201164000.0,544261000.0,4247300000.0,0.0,4656903000.0,0.0,359251000.0,983239508.98,1558706508.98,22.689546327469426,0.0,0.12977864185786106,1.2402137944846314,0.0,22.689546327469426,0.027766090166298888,18.592030045948757,16.265873295725253,1.8065588182508026,0.4152329274748544,0.0,0.006381964864806545,0.010167916258745158,0.0,0.0029055034603792536,29.680014156604685,1.0,0.14545454545454536,0.79999997964945,0.3434248125163006,0.21587811039959087,0.030675683576620996,0.1348753379393211,0.0,0.43181817814759876,0.278143225032395,0.10411694596617826,Banks—Regional,Financial Services,SASR
2016Q4,2016,Q4,2017-03-03,2016-12-31,13316000.0,51311000.0,0.0,0.55,51311000.0,1.0,5091383000.0,533572000.0,4217819000.0,0.0,4557811000.0,0.0,350414000.0,968194250.9100001,1656022250.91,22.038495126308558,0.0,0.16105643594284696,1.5368122765062635,0.0,22.038495126308558,0.02495633204141147,18.869136265323228,18.177272659019227,1.8145522083430166,0.4707119255031541,0.0,0.006473907476840256,0.010078008273979781,0.0,0.0026153993914816466,29.52081748056225,1.0,-0.01785714285714287,0.8351375998915507,0.2888406390307562,0.19636543530531195,0.019795289675047203,-0.011726287665132848,0.0,0.4473684023971432,0.21837945143569115,0.11645420541056112,Banks—Regional,Financial Services,SASR
2016Q3,2016,Q3,2016-11-04,2016-09-30,13474000.0,50315000.0,0.0,0.56,50315000.0,1.0,4810611000.0,536655000.0,4015129000.0,0.0,4273956000.0,0.0,343366000.0,735776634.12,1218685634.12,22.304200947652674,0.0,0.12056680533928019,1.0807688365896153,0.0,22.304200947652674,0.02510737811070427,14.623405229454438,13.651785552174559,1.3710421669787853,0.42941962297758646,0.0,0.00786379959852917,0.010459170363182555,0.0,0.0028008916123128643,68.05185295227525,1.0,0.2727272727272728,0.191489384318277,0.26027133528273955,0.21193342052376268,0.016813855263423803,0.26552080398234246,0.0,0.16666669596154338,0.13191650688161352,0.13739841038634273,Banks—Regional,Financial Services,SASR
2016Q2,2016,Q2,2016-08-05,2016-06-30,10647000.0,49483000.0,0.0,0.44,49483000.0,1.0,4739449000.0,529479000.0,3901660000.0,0.0,4209970000.0,0.0,335678000.0,687559600.0,1139819600.0,22.378655959425192,0.0,0.11499227019849775,1.0293137216018011,0.0,22.378655959425192,0.02010844622732913,13.894864903098034,16.144444444444442,1.2985587719248544,0.5427820043204659,0.0,0.008405089536965232,0.010440665149050028,0.0,0.0022464636711989096,25.864635293232517,1.0,-0.02222222222222224,0.32352941176470584,0.3085117794706009,0.28878882707389153,-4.041628776396888e-05,-0.015351891242023491,0.0,-0.08163265910212136,0.20309408850409966,0.14373597767200333,Banks—Regional,Financial Services,SASR
2016Q1,2016,Q1,2016-05-05,2016-03-31,10813000.0,49485000.0,0.0,0.45,49485000.0,1.0,4716608000.0,522392000.0,3874153000.0,0.0,4194216000.0,0.0,330810000.0,668723980.87,1134886980.87,21.74016451613722,0.0,0.13251048210917676,1.1964195470068455,0.0,21.74016451613722,0.02069901529885603,13.51367042275437,15.461111182604272,1.2801191076241596,0.5403680754647184,0.0,0.0087375362139673,0.01049164993147618,0.0,0.0022925373488744453,46.487589911018425,1.0,-0.13461538461538464,0.4999999724905951,0.3156215046108685,0.2915899679044156,0.030508121615993335,-0.1553663490079675,0.0,0.0714285563261918,0.18343340946229886,0.11772098186978651,Banks—Regional,Financial Services,SASR
2015Q4,2015,Q4,2016-03-04,2015-12-31,12802000.0,48020000.0,0.0,0.52,48020000.0,1.0,4655380000.0,524427000.0,3717543000.0,0.0,4130953000.0,0.0,325840000.0,651211170.32,1298801170.3200002,21.711163082556503,0.0,0.1546597699865532,1.3729270232081872,0.0,21.711163082556503,0.024411405209876686,13.56124886130779,12.716981142009061,1.2417575188157743,0.46094360256209965,0.0,0.00906157674952089,0.010314947437158729,0.0,0.0027499366324553525,138.73267369407756,1.0,0.15555555555555556,0.5564000096590711,0.17721970684038074,0.2946363099565404,0.010819685934408286,0.16434743065029558,0.0,0.3249999989650054,0.14016071201370353,0.10921757070528132,Banks—Regional,Financial Services,SASR
2015Q3,2015,Q3,2015-11-05,2015-09-30,10995000.0,47506000.0,0.0,0.45,47506000.0,1.0,4611034000.0,523594000.0,3649839000.0,0.0,4087440000.0,0.0,318939000.0,639664657.9399999,1188705657.94,21.4294955174556,0.0,0.1398818573014209,1.2318704950782478,0.0,21.4294955174556,0.020999094718426873,13.46492354523639,14.544444246020918,1.221680649396288,0.4961346066393815,0.0,0.008527905883635164,0.010302678314668684,0.0,0.0023844977070218956,29.330306659635927,1.0,0.0714285714285715,0.2592330970943036,0.13645482685960117,0.12626290983198402,0.031797054862951216,0.06406658279299332,0.0,0.02272729784707298,0.10246512070885228,0.11091583776128502,Banks—Regional,Financial Services,SASR
2015Q2,2015,Q2,2015-08-06,2015-06-30,10333000.0,46042000.0,0.0,0.42,46042000.0,1.0,4507367000.0,518873000.0,3528606000.0,0.0,3988494000.0,0.0,313399000.0,688374620.38,1184204620.38,21.090357067472453,0.0,0.12978752340335278,1.1274435170070518,0.0,21.090357067472453,0.019914314292707465,14.951014733938578,16.654761936997968,1.3266726547343954,0.5303396883770444,0.0,0.007960781582817366,0.010214832739379776,0.0,0.002292469195430503,80.93763908054086,1.0,-0.06666666666666672,0.615593510213733,0.10019198481845915,0.049814741377704745,-0.010530387690191696,-0.07946547884187083,0.0,0.39999997786467667,0.08831623297369497,0.07465399462269486,Banks—Regional,Financial Services,SASR
2015Q1,2015,Q1,2015-05-08,2015-03-31,11225000.0,46532000.0,0.0,0.45,46532000.0,1.0,4401380000.0,521768000.0,3390241000.0,0.0,3879612000.0,0.0,308546000.0,654292766.12,1198615766.12,20.917203045295377,0.0,0.14200091789393327,1.1978503856119962,0.0,20.917203045295377,0.02151339292559145,14.061135694145964,14.57222196258352,1.2539917475199707,0.4954120267260579,0.0,0.008499253373955367,0.010572138738304804,0.0,0.0025503364853750416,90.24727808551724,1.0,0.25000000000000006,14.696108064094533,-0.17470545414352215,-0.22534131481246078,0.044137776281835524,0.22704416265850458,0.0,0.28571431620677606,0.13668505710269738,0.12090250490234628,Banks—Regional,Financial Services,SASR
2014Q4,2014,Q4,2015-03-06,2014-12-31,9148000.0,44565000.0,0.0,0.36,44565000.0,1.0,4397132000.0,521751000.0,3370867000.0,0.0,3875381000.0,0.0,302882000.0,644810369.92,1239066369.92,21.102740766542293,0.0,0.1569204654306489,1.3224699138094609,0.0,21.102740766542293,0.01753326778482456,14.46898619813755,17.621621390467862,1.2358584265674621,0.5533449934411894,0.0,0.007850370025264994,0.010135015278140388,0.0,0.002080446982260255,89.08681540757115,1.0,-0.18181818181818185,3.009244898948186,-0.20071387389898665,-0.012890218329041811,-0.009886691846256387,-0.17896248429366363,0.0,0.23454712421305973,0.09614832084501046,0.1455677667011523,Banks—Regional,Financial Services,SASR
2014Q3,2014,Q3,2014-11-06,2014-09-30,11142000.0,45010000.0,0.0,0.44,45010000.0,1.0,4248731000.0,522404000.0,3204300000.0,0.0,3726327000.0,0.0,298796000.0,579637221.03,1081152221.03,20.629847646345514,0.0,0.13957108604898733,1.135136790683073,0.0,20.629847646345514,0.021328320610102525,12.87796536391913,13.005681678109855,1.1095573943346528,0.4541374977562377,0.0,0.00872959812865108,0.010593751404831231,0.0,0.0026224300855949693,38.3484764161429,1.0,0.5714285714285713,1.532288855003447,-0.21250321480598536,-0.10985067671018436,0.022884803308865304,0.5958178172443426,0.0,-0.06382977049836297,0.07120756782483728,0.12095483185425926,Banks—Regional,Financial Services,SASR
2014Q2,2014,Q2,2014-08-07,2014-06-30,6982000.0,44003000.0,0.0,0.28,44003000.0,1.0,4234342000.0,517269000.0,3159735000.0,0.0,3717073000.0,0.0,292714000.0,621148635.74,1082821635.74,20.744102214197678,0.0,0.13508592362166305,1.1058076165399435,0.0,20.744102214197678,0.013497812550143156,14.116051990546099,22.241071173732458,1.2008232384697324,0.6521054139215124,0.0,0.007329968606589344,0.010391933386580489,0.0,0.0016488984593119782,336.30137289658904,1.0,-0.34883720930232553,17.466667188675647,-0.1809563418731248,-0.1269629471424369,0.027123549870451204,-0.361090775988287,0.0,-0.17647057879926534,0.10407056998336936,0.19465472858645436,Banks—Regional,Financial Services,SASR
2014Q1,2014,Q1,2014-05-09,2014-03-31,10928000.0,42841000.0,0.0,0.43,42841000.0,1.0,4168998000.0,510386000.0,3078206000.0,0.0,3658612000.0,0.0,290285000.0,620412372.72,1108691372.72,20.54994845461276,0.0,0.1448789373369812,1.1834180404634924,0.0,20.54994845461276,0.02141124560626663,14.481743486846712,14.193182025988287,1.2155748251715368,0.4155380673499268,0.0,0.007319325338550931,0.010276090321943066,0.0,0.002621253356322071,29.684802522488038,1.0,0.13157894736842102,2.255841179213466,-0.23518247299686965,-0.14113882942122394,-0.02642941550768112,0.13679392489337355,0.0,0.46666662507665263,0.10195196511052562,0.22087885973581753,Banks—Regional,Financial Services,SASR
2013Q4,2013,Q4,2014-03-14,2013-12-31,9613000.0,44004000.0,0.0,0.38,44004000.0,1.0,4106100000.0,499363000.0,2998761000.0,0.0,3606737000.0,0.0,283898000.0,713132803.9200001,1289180803.92,19.73972153941074,0.0,0.1583010642702321,1.3016583126903676,0.0,19.73972153941074,0.019250525169065388,16.206090444505048,18.546052322896077,1.4280849881148583,0.4722771247269323,0.0,0.006366275643252139,0.010716738510995836,0.0,0.002341150970507294,52.478681574803154,1.0,-0.2083333333333333,2.814289902141394,-0.2420113925539641,-0.17361180248650496,-0.054267231189150854,-0.20481429398626852,0.0,0.1159094603326436,0.03004011593420765,0.17707928203462944,Banks—Regional,Financial Services,SASR
2013Q3,2013,Q3,2013-11-08,2013-09-30,12089000.0,46529000.0,0.0,0.48,46529000.0,1.0,4052969000.0,493882000.0,2878812000.0,0.0,3559087000.0,0.0,278825000.0,585309091.0799999,1060716091.0799999,19.609840091192456,0.0,0.13693665063808777,1.1237502075394528,0.0,19.609840091192456,0.024477506772872873,12.57944703475252,12.104166826867399,1.1851193019385196,0.33393994540491356,0.0,0.006897210485063564,0.011480225977548804,0.0,0.0029827516568717897,14.652508163020075,1.0,-0.02040816326530614,0.454545440722716,-0.2300570168073243,-0.0039039114236151325,0.07838320161309013,-0.006002302252918928,0.0,0.34318193413223225,0.0798439513818005,0.030627881298282898,Banks—Regional,Financial Services,SASR
2013Q2,2013,Q2,2013-08-08,2013-06-30,12162000.0,43147000.0,0.0,0.49,43147000.0,1.0,4072617000.0,485643000.0,2874407000.0,0.0,3586974000.0,0.0,270773000.0,547786404.5600001,1015754404.5600001,19.56627787907435,0.0,0.1411868584745386,1.183997298427034,0.0,19.56627787907435,0.025043087206034063,12.695816732565417,11.260204007564544,1.1279610836766925,0.33168886696267064,0.0,0.007364184226587809,0.010594416317566812,0.0,0.002986286213508415,15.87326585221675,1.0,0.16666666666666669,0.41918776371498206,-0.2669689527381337,7.266939025868991e-05,-0.013670133729569094,0.15192271263496873,0.0,0.8848591112959371,0.021958180743088414,-0.026049351102501343,Banks—Regional,Financial Services,SASR
2013Q1,2013,Q1,2013-05-09,2013-03-31,10558000.0,43745000.0,0.0,0.42,43745000.0,1.0,3932026000.0,488947000.0,2819359000.0,0.0,3443079000.0,0.0,262645000.0,494466328.65000004,850356328.6500001,19.450439661398367,0.0,0.11190159983682713,0.8998930354414691,0.0,19.450439661398367,0.02159334242770689,11.303379326780204,11.708333222437963,1.0112881941191991,0.33330176169729114,0.0,0.0071167636623663145,0.011125307920140914,0.0,0.002685129752448229,86.2792407346013,1.0,0.049999999999999906,-0.15999999204394766,-0.2729095422450852,0.0006731569207698084,0.015625,0.06851533245622912,0.0,13.6497007375569,-0.2301127251017859,-0.27966220044857565,Banks—Regional,Financial Services,SASR
2012Q4,2012,Q4,2013-03-18,2012-12-31,9881000.0,43072000.0,0.0,0.4,43072000.0,1.0,3955206000.0,483512000.0,2777513000.0,0.0,3471694000.0,0.0,255606000.0,479722550.00000006,833840550.0,19.573403501669873,0.0,0.11126045015101615,0.9101283939178345,0.0,19.573403501669873,0.02043589404192657,11.137689218053493,12.137500000000001,0.9921626557355351,0.3562392470397733,0.0,0.007337574604320767,0.010889951117590335,0.0,0.0024982263882083514,24.53321826736218,1.0,-0.09090909090909087,-0.21548942273216204,-0.26217238359792516,0.017613583393748015,-0.022202043132803634,-0.10090991810737034,0.0,3.172156619018024,-0.22680876856023946,-0.08442707651871047,Banks—Regional,Financial Services,SASR
2012Q3,2012,Q3,2012-11-09,2012-09-30,10990000.0,44050000.0,0.0,0.44,44050000.0,1.0,3887427000.0,481810000.0,2678192000.0,0.0,3405617000.0,0.0,249244000.0,483060459.82,844405459.8199999,19.28993609510534,0.0,0.11322296212893515,0.9135260787447333,0.0,19.28993609510534,0.022809821298852246,10.966185239954596,10.988636483621475,1.0025953380378156,0.27415832575068244,0.0,0.006237314478445858,0.011331402493217235,0.0,0.002827062733268046,244.83550928535226,1.0,0.46666666666666673,-0.12000000960873514,-0.2474029398046981,0.016089981418414435,0.0663277656741709,0.5249063410573054,0.0,1.5322888434585933,-0.21864005951596735,-0.16766600239999543,Banks—Regional,Financial Services,SASR
2012Q2,2012,Q2,2012-08-09,2012-06-30,7207000.0,41310000.0,0.0,0.3,41310000.0,1.0,3855177000.0,471464000.0,2713285000.0,0.0,3383713000.0,0.0,241267000.0,432419994.0,750285994.0,19.62525349833847,0.0,0.11419268168491356,0.9337574024739959,0.0,19.62525349833847,0.015286426959428504,10.467683224400872,14.999999791869016,0.9171856048393938,0.4061329263216317,0.0,0.00676888219928147,0.010715461313449422,0.0,0.0018694342698143303,76.07670548909219,1.0,-0.14285714285714282,-0.4117646998806006,-0.2570242559229012,0.02643347152503854,0.039428327000981304,-0.14971684756960832,0.0,18.642857744801688,-0.20187942406397089,-0.17405085557062874,Banks—Regional,Financial Services,SASR
2012Q1,2012,Q1,2012-05-10,2012-03-31,8476000.0,39743000.0,0.0,0.35,39743000.0,1.0,3668273000.0,451917000.0,2470975000.0,0.0,3216356000.0,0.0,236986000.0,440025488.31000006,779053488.3100001,18.661036935694685,0.0,0.12003495923013363,0.9743404209180004,0.0,18.661036935694685,0.018755656459040045,11.071773351533604,12.97857150513214,0.9736865139173787,0.28680981595092025,0.0,0.0055246799664644625,0.010834253611985804,0.0,0.0023106241002237293,20.757877550240593,1.0,0.16781483190961696,-0.2857142984481702,-0.276373891791872,0.04366891363586378,-0.0019838280347546583,0.16781482502066686,0.0,1.5898736879248376,-0.27234756168148355,-0.22008368720715954,Banks—Regional,Financial Services,SASR
2011Q4,2011,Q4,2012-03-15,2011-12-31,7258000.0,39822000.0,0.0,0.29970504778371254,39822000.0,1.0,3711370000.0,446109000.0,2416638000.0,0.0,3265261000.0,0.0,230942000.0,425010859.65000004,794110859.6500001,18.42120682856768,0.0,0.11866453627636156,0.9872206120028961,0.0,18.42120682856768,0.01626956640641637,10.672765296820854,14.639393071438414,0.9527063109015959,0.3348029760264536,0.0,0.005717500964566235,0.01072973053077435,0.0,0.0019556120785585917,52.02091305385557,1.0,-0.362329685566569,-0.44493071471413925,-0.24797357193418185,0.19292020454798048,0.0020129837451562578,-0.355245624944479,0.0,2.430925875696101,-0.2834507884317524,-0.2288104025839383,Banks—Regional,Financial Services,SASR
2011Q3,2011,Q3,2011-11-08,2011-09-30,11257000.0,39742000.0,0.0,0.47,39742000.0,1.0,3626043000.0,440791000.0,2321102000.0,0.0,3185252000.0,0.0,226114000.0,350404066.32,721233066.3199999,18.403817049630863,0.0,0.12148118486184527,0.9993307485860646,0.0,18.403817049630863,0.0255381802260028,8.816971121735191,7.781914948920672,0.794943785875846,0.1727813804743715,0.0,0.005550734671622688,0.010960156843148302,0.0,0.003104486074765247,296.19954887573965,1.0,0.3823529411764704,-0.14545453574548345,-0.2731568645117648,0.16295392080187893,0.019051770558219442,0.35691899710703956,0.0,0.4242424194361051,-0.308473383759109,-0.06516472889310869,Banks—Regional,Financial Services,SASR
2011Q2,2011,Q2,2011-08-08,2011-06-30,8296000.0,38999000.0,0.0,0.34,38999000.0,1.0,3612016000.0,423684000.0,2352034000.0,0.0,3188332000.0,0.0,216802000.0,438955999.99999994,760060000.0,17.36409836065574,0.0,0.12197703443174117,1.0398858583283768,0.0,17.36409836065574,0.019580630847518432,11.255570655657836,13.227941176470587,1.036045732196637,0.2345708775313404,0.0,0.004433246156790202,0.010797017510442921,0.0,0.0022967783088447004,24.789970068334554,1.0,0.13333333333333347,-0.38181817418159353,-0.29243661597718423,0.127150984563826,0.025129458770338828,0.13784117405019888,0.0,-0.015257476552822434,-0.3260241646372317,-0.11248525108253608,Banks—Regional,Financial Services,SASR
2011Q1,2011,Q1,2011-05-10,2011-03-31,7291000.0,38043000.0,0.0,0.3,38043000.0,1.0,3549533000.0,409076000.0,2330106000.0,0.0,3140457000.0,0.0,210452000.0,448639527.18,811878527.1800001,16.832094593774443,0.0,0.1241490077708814,1.0772350370102377,0.0,16.832094593774443,0.017823093997203453,11.792958683069159,15.383333122342615,1.096714368919223,0.2658071595117268,0.0,0.00431972637850621,0.010717747940362858,0.0,0.002054073028761812,12.242189733948209,1.0,-0.11901886176897059,-0.4642857120768498,-0.29405573465479967,0.12430807848671914,-0.07307148774426198,-0.11901884968583856,0.0,-0.399999991770676,-0.34596452217242507,-0.13403370165616318,Banks—Regional,Financial Services,SASR
2010Q4,2010,Q4,2011-03-16,2010-12-31,8276000.0,41042000.0,0.0,0.34052942450321527,41042000.0,1.0,3519388000.0,407569000.0,2344047000.0,0.0,3111819000.0,0.0,205099000.0,447910427.19,827364427.19,16.77008663791094,0.0,0.12523711508932803,1.0814316103530937,0.0,16.77008663791094,0.020305764177354017,10.913464918619951,13.530401981331561,1.098980607430889,0.11297728371193813,0.0,0.0020874709389236443,0.011661686634153437,0.0,0.0023515452118379673,68.12325888821293,1.0,0.26122009075264907,-0.3643198767336825,-0.2339042659622685,0.14627805829742754,0.010463598985646404,-0.024516737388024516,0.0,-0.3321276615157449,-0.28539927120466785,-0.12812976261526257,Banks—Regional,Financial Services,SASR
2010Q3,2010,Q3,2010-11-12,2010-09-30,8484000.0,40617000.0,0.0,0.27,40617000.0,1.0,3606617000.0,451717000.0,2375058000.0,0.0,3154900000.0,0.0,198737000.0,367981485.5,734041485.5,19.027080915460896,0.0,0.12317997724737614,0.9834985178773435,0.0,19.027080915460896,0.018781670824874867,9.059789878622253,10.84339596593588,0.8146283746239349,0.1346063177746346,0.0,0.003103417006016734,0.011261800185603296,0.0,0.0023523429296762035,32.09047575651871,1.0,0.28571428571428586,-0.45021482911470184,-0.2365351554714062,0.33174159309690754,-0.008228744444987059,0.35548809714011825,0.0,-0.28527925897510953,-0.2699120200790486,0.002244185699659983,Banks—Regional,Financial Services,SASR
2010Q2,2010,Q2,2010-08-09,2010-06-30,6259000.0,40954000.0,0.0,0.21,40954000.0,1.0,3701150000.0,483681000.0,2505655000.0,0.0,3217469000.0,0.0,192571000.0,337307421.9,599175421.9,20.089598894177193,0.0,0.120079975142861,0.9188576768572675,0.0,20.089598894177193,0.012940347046917286,8.236250962054989,13.47289590589551,0.6973757949971159,0.20450551206262982,0.0,0.00379475788818983,0.011065209461923997,0.0,0.0016910960106993772,17.266824770923982,1.0,6.324850299401198,-0.5094973847953609,-0.18168077407748584,0.45377895114211797,0.036836375604445686,11.493013972055888,0.0,-0.4902619984915434,-0.26504412489585555,0.05071950975011222,Banks—Regional,Financial Services,SASR
2010Q1,2010,Q1,2010-05-10,2010-03-31,501000.0,39499000.0,0.0,0.028669527896995707,39499000.0,1.0,3673246000.0,471857000.0,2553642000.0,0.0,3201389000.0,0.0,187755000.0,262125000.0,521002000.0,27.001831187410588,0.0,0.12151132812776493,0.9459242948605192,0.0,27.001831187410588,0.0010617623559680156,6.636243955543178,130.80089820359282,0.5555178793575172,2.407185628742515,0.0,0.004600858369098712,0.010753159467130707,0.0,0.0001363916274597454,16.9935170178282,1.0,1.1556867619639528,-0.946908282212879,0.13234825400316086,0.9768940329097574,0.002309175801867641,1.1556867619639528,0.0,-0.9414907600918097,-0.003343729509390312,0.5101503693848572,Banks—Regional,Financial Services,SASR
2009Q4,2009,Q4,2010-03-12,2009-12-31,-3218000.0,39408000.0,0.0,-0.18414878397711015,39408000.0,1.0,3630478000.0,373586000.0,2471720000.0,0.0,3256892000.0,0.0,188622000.0,155352750.0,544003750.0,21.378311874105865,0.0,0.12300969734563878,1.1953981144903716,0.0,21.378311874105865,-0.008613813151456425,3.9421627588306944,-12.069045214418894,0.4158420015739348,-0.37445618396519575,0.0,0.007756541161968488,0.010854768986342845,0.0,-0.0008863846578880247,5.199221887550201,1.0,0.7953902400254331,0.5335961414834562,0.20112889727194236,0.5942693373315434,0.06324195985322685,0.7629291292176219,0.0,-1.3410530942481835,0.03133593770303844,0.38441636376392696,Banks—Regional,Financial Services,SASR
2009Q3,2009,Q3,2009-11-09,2009-09-30,-13574000.0,37064000.0,0.0,-0.9,37064000.0,1.0,3632391000.0,380571000.0,2516269000.0,491702000.0,3251820000.0,0.0,193210000.0,267335687.08,709290687.08,23.17571569913875,5.1174674904718715,0.14617506760698393,1.3951798744518105,0.0,23.17571569913875,-0.035667457583473255,7.212812623570041,-4.923671855753647,0.702459428280137,-0.22322086341535288,0.0,0.01133406479731707,0.010203747338874036,0.27477618557581623,-0.00373693250533877,-44.151228254335265,1.0,-51.9285725,-2.8786792314053353,0.27642297823728584,0.6754326015870571,0.04470376007666723,-47.47857142857143,0.0,-2.5029434035126528,-0.011297719565028553,0.4644945321407477,Banks—Regional,Financial Services,SASR
2009Q2,2009,Q2,2009-08-10,2009-06-30,-280000.0,35478000.0,0.0,-0.017004048238784448,35478000.0,1.0,3617497000.0,391262000.0,2604767000.0,496463000.0,3226235000.0,0.0,209980000.0,242060004.89999998,667507004.9,23.760849721440287,5.246648793565684,0.15090461719802395,1.3952211050395897,0.0,23.760849721440287,-0.0007156330029494303,6.822819913749365,-216.125004375,0.6186647435733601,-10.821428571428571,0.0,0.012517557376947736,0.009807333634278066,0.3335193156388291,-7.740158457629682e-05,-40.57324922896412,1.0,-1.2834008039797407,-1.0386455629700593,0.19926460841254365,0.7605912349732475,-0.041109219168085624,-1.126296797474064,0.0,-1.0309164517251648,-0.046204801238545305,0.5423815623089532,Banks—Regional,Financial Services,SASR
2009Q1,2009,Q1,2009-05-11,2009-03-31,2217000.0,36999000.0,0.0,0.06,36999000.0,1.0,3519432000.0,392522000.0,2719338000.0,487900000.0,3126910000.0,0.0,213453000.0,183079800.0,533313800.0,23.926973483693995,5.573556056568969,0.14857511098381784,1.3321546308232404,0.0,23.926973483693995,0.0056480910624117885,4.948236438822671,20.644993234100134,0.46641920707629125,1.254848894903022,0.0,0.015195559531963656,0.010512775925206113,0.4442180774748924,0.0006299311934425783,30.915197568389058,1.0,1.2864668218859139,-0.7297165498323681,0.2576897380529846,0.7502776184600343,-0.017212526894573272,1.6452270081490106,0.0,-0.7586754932366206,0.017127148620465493,0.5982140209338206,Banks—Regional,Financial Services,SASR
2008Q4,2008,Q4,2009-03-16,2008-12-31,-3436000.0,37647000.0,0.0,-0.20944833892106066,37647000.0,1.0,3313638000.0,391862000.0,2678446000.0,454935000.0,2921776000.0,0.0,214410000.0,358121150.0,776660150.0,23.886741846997868,5.887535582006221,0.15772935969469207,1.333780769760783,0.0,23.886741846997868,-0.008768392954662611,9.51260791032486,-26.05654467403958,0.9138960909708008,-1.148428405122235,0.0,0.011018617582346088,0.011361228957417799,0.25482541461967095,-0.0010369267856054282,4591.296794871795,1.0,-1.6346919361244263,-1.4508202601599833,0.3430077758868827,0.8030292451750222,-0.03385002309705897,-1.6411643963426013,0.0,-1.3909857308146014,0.04105699076896293,0.6327195353618921,Banks—Regional,Financial Services,SASR
2008Q3,2008,Q3,2008-11-07,2008-09-30,5359000.0,38966000.0,0.0,0.33,38966000.0,1.0,3195117000.0,319700000.0,2635754000.0,514777000.0,2875417000.0,0.0,222126000.0,358890607.40000004,899509607.4000001,19.68669520549843,5.120186022297034,0.18666702972066437,1.8655708476696904,0.0,19.68669520549843,0.016762589928057552,9.210352805009496,16.742424304907633,1.1225855720988427,0.7361448031349133,0.0,0.010992207426602047,0.012195484547201246,0.13266909749270073,0.0016772468739016443,14.340709957644052,1.0,-0.029411764705882377,-0.42105262810370636,0.2567942565504924,0.4968321054928077,0.003916112742824754,-0.05167227039462042,0.0,-0.4923077076093152,0.07075837101373988,0.3779092522006368,Banks—Regional,Financial Services,SASR
2008Q2,2008,Q2,2008-08-07,2008-06-30,5651000.0,38814000.0,0.0,0.34,38814000.0,1.0,3164123000.0,320218000.0,2591197000.0,447044000.0,2843905000.0,0.0,220712000.0,271364860.0,732223860.0,19.564856112910125,5.79629074542998,0.1655912238557098,1.636232191819323,0.0,19.564856112910125,0.01764735274094523,6.991417014479311,12.005169881436913,0.8474378704507554,0.7004070076092727,0.0,0.014585528870613537,0.012266906185379014,0.16944640795984287,0.0017859609123918381,25.485054470323064,1.0,-0.31999999999999995,-0.4339870120222052,0.20282667368500776,0.48475880911669367,-0.011737746658179504,-0.3112736136502133,0.0,-0.34855108885463604,0.1408630378136103,0.41580606705477335,Banks—Regional,Financial Services,SASR
2008Q1,2008,Q1,2008-05-09,2008-03-31,8205000.0,39275000.0,0.0,0.5,39275000.0,1.0,3160896000.0,318967000.0,2578511000.0,399049000.0,2841929000.0,0.0,219019000.0,451603200.0,848892200.0,19.437355271176113,6.461640049217014,0.1502539153455223,1.4889847539087115,0.0,19.437355271176113,0.025723664203506944,11.49849013367282,13.76,1.4158304777610222,0.47714808043875684,0.0,0.008669114833552994,0.012425274352588634,0.2276637706146363,0.002595782967867339,105.24427872290842,1.0,-0.0193617784152026,-0.12280704394942797,0.2963435187198848,0.5518203816909047,0.012764311500773595,-0.01936177841520258,0.0,-0.07407408350305503,0.19899869708385173,0.4230735458064317,Banks—Regional,Financial Services,SASR
2007Q4,2007,Q4,2008-03-05,2007-12-31,8367000.0,38780000.0,0.0,0.509872029250457,38780000.0,1.0,3043953000.0,315640000.0,2451007000.0,401892000.0,2728313000.0,0.0,216376000.0,456526200.0,819254200.0,19.234613040828762,6.098670787176655,0.14012207153001377,1.3513021163350654,0.0,19.234613040828762,0.02650804714231403,11.772207323362558,13.640677662244531,1.446350906095552,0.45153579538663796,0.0,0.008275538183788794,0.01274001274001274,0.1959531416400426,0.0027487283804973335,59.173843162670124,1.0,0.019744058500914097,-0.15020307781008024,0.1929921043933834,0.5683504469263158,0.011423504251212769,0.022735606894022736,0.0,2.291381222596793,0.2586982522127281,0.43440482892259635,Banks—Regional,Financial Services,SASR
2007Q3,2007,Q3,2007-11-09,2007-09-30,8181000.0,38342000.0,0.0,0.5,38342000.0,1.0,2965492000.0,310624000.0,2363902000.0,331973000.0,2654868000.0,0.0,211787000.0,513439560.0,795134560.0,18.984476225400318,7.120765845415139,0.11494753653019466,1.097391057999382,0.0,18.984476225400318,0.02633730812815494,13.391047936988159,15.69,1.652929458123004,0.46742452022980074,0.0,0.0074478094364213,0.012929389119916696,0.2264913110403557,0.0027587327836325302,20.554025620496397,1.0,-0.01960784313725492,-0.10714284849218839,0.25420000245453905,0.6190883321794884,0.034257660768234784,0.0014689680499449136,0.0,0.1363636434470937,0.32520552505097783,0.37243702869862616,Banks—Regional,Financial Services,SASR
2007Q2,2007,Q2,2007-08-07,2007-06-30,8169000.0,37072000.0,0.0,0.51,37072000.0,1.0,3101409000.0,306255000.0,2460385000.0,365890000.0,2795154000.0,0.0,207430000.0,504235527.56,746973527.56,19.119849500991002,6.72438437781847,0.1217524035043427,1.2329725228975854,0.0,19.119849500991002,0.026673850222853505,13.601519409797152,15.431372492349125,1.6464564743759285,0.46309217774513406,0.0,0.00750244636332146,0.011953276720355168,0.4146492115116565,0.0026339641111507704,121.53182153771994,1.0,0.04081632653061228,0.020000003745868522,0.23785361376027256,0.6726845072823264,0.06159617422181495,0.0827037773359841,0.0,0.15909087708632602,0.28827591963297156,0.4167102540561798,Banks—Regional,Financial Services,SASR
2007Q1,2007,Q1,2007-05-07,2007-03-31,7545000.0,34921000.0,0.0,0.49,34921000.0,1.0,2945477000.0,275319000.0,2264546000.0,352562000.0,2670158000.0,0.0,203044000.0,533385299.76,812979299.76,17.88022685344207,6.423114232390331,0.1252533969879921,1.3400128578122106,0.0,17.88022685344207,0.027404574330140673,15.274055718908393,17.673469176938372,1.9373355989234304,0.4775347912524851,0.0,0.006754966815960605,0.011855804679513708,0.30015146272145043,0.002561554546173676,186.1079203628751,1.0,-0.09249459826798176,0.08888891018214512,0.3021499892710568,0.720234037658435,0.037185541596127004,-0.09249458744286745,0.0,-0.01999998831013905,0.26468765314257225,0.3079531724267271,Banks—Regional,Financial Services,SASR
