Quarters,Year,Quarter,FillingDate,Date,NetIncome,Revenue,OperatingIncome,EPSDiluted,GrossProfit,GrossProfitRatio,TotalAssets,CommonStockEquity,CurrentAssets,CurrentLiability,TotalLiability,Inventory,RetainedEarnings,MarketCap,EnterpriseValue,bookValuePerShare,currentRatio,debtToAssets,debtToEquity,roic,shareholdersEquityPerShare,roe,priceToSalesRatio,peRatio,pbRatio,payoutRatio,inventoryTurnover,dividendYield,assetTurnover,quickRatio,returnOnAssets,priceToFreeCashFlowsRatio,grossProfitMargin,epsdilutedGrowth,fiveYNetIncomeGrowthPerShare,fiveYRevenueGrowthPerShare,fiveYShareholdersEquityGrowthPerShare,grossProfitGrowth,netIncomeGrowth,operatingIncomeGrowth,threeYNetIncomeGrowthPerShare,threeYRevenueGrowthPerShare,threeYShareholdersEquityGrowthPerShare,Industry,Sector,Symbol
2023Q1,2023,Q1,2023-05-02,2023-03-31,24100000.0,220200000.0,39500000.0,1.51,63500000.0,0.2883742053,1614700000.0,486400000.0,197900000.0,253500000.0,1128300000.0,13200000.0,150100000.0,912640000.0,1540740000.0,30.4,0.7806706114398422,0.3931999752275965,1.3053042763157894,0.026202776098730198,30.4,0.04954769736842105,4.144595821980018,9.467219917012448,1.8763157894736844,0.2697095435684647,11.871212121212121,0.007122194950911641,0.13637208150120766,0.6915187376725839,0.014925373134328358,-132.26666666666668,0.2883742052679382,0.6593406593406593,0.4290064102564105,0.3970164609053498,0.2906483075157774,0.34249471458773784,0.6620689655172414,0.54296875,0.47652138157894736,0.572555598159509,0.16772364011343127,Utilities—Diversified,Utilities,UTL
2022Q4,2022,Q4,2023-02-14,2022-12-31,14500000.0,161500000.0,25600000.0,0.91,47300000.0,0.292879257,1590400000.0,467600000.0,194800000.0,260100000.0,1122800000.0,13200000.0,132500000.0,821760000.0,1424560000.0,29.225,0.7489427143406382,0.3846830985915493,1.3083832335329342,0.01839009392225231,29.225,0.031009409751924722,5.088297213622291,14.168275862068965,1.757399486740804,0.42758620689655175,8.651515151515152,0.007544781931464174,0.10154678068410462,0.667435601691657,0.009117203219315896,-33.40487804878049,0.29287925696594425,1.0681818181818183,0.1975446428571428,0.29451906412478335,0.2842339667458432,0.5662251655629139,1.0422535211267605,2.5555555555555554,0.18448464912280702,0.2920693728522337,0.15565950106157111,Utilities—Diversified,Utilities,UTL
2022Q3,2022,Q3,2022-11-01,2022-09-30,7100000.0,110200000.0,7200000.0,0.44,30200000.0,0.2740471869,1578900000.0,458800000.0,150600000.0,193600000.0,1120100000.0,11800000.0,124200000.0,743200000.0,1308600000.0,28.675,0.7778925619834711,0.3631008930267908,1.2495640802092416,0.007504558226387506,28.675,0.015475152571926765,6.7441016333938295,26.169014084507044,1.6198779424585876,0.8873239436619719,6.779661016949152,0.00847685683530678,0.06979542719614922,0.6797520661157025,0.004496801570713788,-29.145098039215686,0.27404718693284935,0.46666666666666673,1.7203804347826084,0.1561160714285715,0.3554056319141803,-0.09580838323353294,0.4489795918367347,-0.3949579831932773,1.874728260869565,0.2030920281359906,0.1547500000000001,Utilities—Diversified,Utilities,UTL
2022Q2,2022,Q2,2022-08-02,2022-06-30,4900000.0,98900000.0,11900000.0,0.3,33400000.0,0.3377148635,1547100000.0,464300000.0,139100000.0,155000000.0,1082800000.0,10700000.0,130000000.0,939520000.0,1483920000.0,29.01875,0.8974193548387097,0.35518066059078274,1.1835020460908896,0.011503255079897415,29.01875,0.010553521430109843,9.499696663296259,47.93469387755101,2.023519276329959,1.2857142857142858,6.121495327102804,0.006705551771117166,0.0639260552000517,0.7638709677419355,0.0031672160817012474,78.29333333333334,0.33771486349848334,-0.7761194029850746,0.3929435483870968,0.07865872524752476,0.36206516311584563,-0.42512908777969016,-0.772093023255814,-0.6675977653631285,0.14078125000000008,0.09123963270142181,0.15919403485254696,Utilities—Diversified,Utilities,UTL
2022Q1,2022,Q1,2022-05-03,2022-03-31,21500000.0,192600000.0,35800000.0,1.34,58100000.0,0.3016614746,1552300000.0,465300000.0,163100000.0,157700000.0,1087000000.0,9900000.0,131400000.0,798080000.0,1360380000.0,29.08125,1.0342422320862397,0.36642401597629326,1.2224371373307543,0.025754973400134985,29.08125,0.04620674833440791,4.143717549325026,9.280000000000001,1.7151944981732217,0.2930232558139535,13.585858585858587,0.0078939454691259,0.12407395477678283,0.922003804692454,0.013850415512465374,58.254014598540145,0.3016614745586708,0.4255319148936172,0.5171370967741936,0.33749999999999997,0.349030815109344,0.22573839662447256,0.4827586206896552,0.39299610894941633,-0.24445754716981133,0.17921597633136085,0.15889442364268525,Utilities—Diversified,Utilities,UTL
2021Q4,2021,Q4,2022-02-01,2021-12-31,14500000.0,139800000.0,25700000.0,0.94,47400000.0,0.339055794,1540300000.0,448500000.0,159700000.0,173500000.0,1091800000.0,9600000.0,116200000.0,712845000.0,1276445000.0,28.93548387096774,0.9204610951008646,0.3701227033694735,1.2711259754738016,0.019154203027870097,28.93548387096774,0.032329988851727984,5.099034334763949,12.29043103448276,1.589397993311037,0.4206896551724138,9.625,0.008557259993406702,0.0907615399597481,0.8184438040345822,0.009413750568071155,-33.00208333333333,0.33905579399141633,0.0,0.2839974699557242,0.21065165620264126,0.3821111367913625,0.6868327402135231,0.0,2.5694444444444446,0.2671554252199412,0.0699712348469284,0.22726646648852641,Utilities—Diversified,Utilities,UTL
2021Q3,2021,Q3,2021-11-02,2021-09-30,0.0,98100000.0,7200000.0,0.0,28100000.0,0.28644240570846075,1509000000.0,439600000.0,121000000.0,126600000.0,1069400000.0,9500000.0,107800000.0,663090000.0,1196190000.0,28.361290322580643,0.9557661927330173,0.3591119946984758,1.2327115559599635,0.0,28.361290322580643,0.0,6.759327217125382,0.0,1.5083939945404914,0.0,7.368421052631579,0.009048545446319504,0.06500994035785289,0.8230647709320695,0.0,-24.112363636363636,0.28644240570846075,-1.0,-1.0,0.12444735549369568,0.3829956966775654,-0.11635220125786164,-1.0,-0.3333333333333333,-1.0,0.06201448321263987,0.21665825151940152,Utilities—Diversified,Utilities,UTL
2021Q2,2021,Q2,2021-08-03,2021-06-30,2700000.0,96600000.0,10800000.0,0.18,31800000.0,0.32919254658385094,1477100000.0,400800000.0,114200000.0,133300000.0,1076300000.0,9200000.0,113800000.0,794550000.0,1343550000.0,26.72,0.8567141785446362,0.3750592376954844,1.3822355289421158,0.008982478621947313,26.72,0.006736526946107785,8.225155279503106,73.56944444444444,1.9824101796407185,2.111111111111111,7.043478260869565,0.007173872003020578,0.0653984158147722,0.7134283570892723,0.0018279060320899058,95.7289156626506,0.32919254658385094,-0.8571428571428572,0.00799999999999994,0.21020134228187934,0.2984380423464074,-0.41651376146788993,-0.8571428571428571,-0.6766467065868264,-0.26000000000000006,0.1279526627218935,0.1389861751152073,Utilities—Diversified,Utilities,UTL
2021Q1,2021,Q1,2021-05-04,2021-03-31,18900000.0,138800000.0,33400000.0,1.26,54500000.0,0.3926512968299712,1477000000.0,403300000.0,132700000.0,122900000.0,1073700000.0,9600000.0,116800000.0,685350000.0,1240850000.0,26.886666666666667,1.079739625711961,0.3802301963439404,1.3925117778328788,0.02575682029797058,26.886666666666667,0.0468633771386065,4.937680115273775,9.06547619047619,1.6993553186213737,0.30687830687830686,8.78125,0.008462829211351865,0.09397427217332431,0.9373474369406021,0.012796208530805687,20.397321428571427,0.3926512968299712,0.3846153846153846,0.618348623853211,0.02978272390037101,0.29752958749856373,0.20842572062084258,0.3897058823529412,0.3201581027667984,0.19538461538461552,-0.060704160951074435,0.14148785618665144,Utilities—Diversified,Utilities,UTL
2020Q4,2020,Q4,2021-02-02,2020-12-31,13600000.0,116900000.0,25300000.0,0.91,45100000.0,0.3857998289136014,1477900000.0,389200000.0,139300000.0,136100000.0,1088700000.0,9100000.0,103700000.0,664050000.0,1244350000.0,25.946666666666665,1.023512123438648,0.3967115501725421,1.5064234326824255,0.019595648954951878,25.946666666666665,0.03494347379239465,5.6804961505560305,12.206801470588237,1.7061921891058585,0.41911764705882354,7.8901098901098905,0.008583690987124463,0.07909872115840043,0.9096252755326966,0.00920224643074633,-23.54787234042553,0.3857998289136014,44.5,0.3648745519713262,0.06549479166666665,0.28448844884488445,0.7083333333333334,44.333333333333336,2.418918918918919,0.19809523809523796,-0.000508376660889711,0.1401741884402216,Utilities—Diversified,Utilities,UTL
2020Q3,2020,Q3,2020-10-29,2020-09-30,300000.0,87400000.0,7400000.0,0.02,26400000.0,0.30205949656750575,1423900000.0,380800000.0,117300000.0,98200000.0,1043100000.0,9100000.0,95800000.0,575736000.0,1120136000.0,25.55704697986577,1.194501018329939,0.38808905119741555,1.451155462184874,0.003397716489638496,25.55704697986577,0.0007878151260504202,6.5873684210526315,479.78000000000003,1.5119117647058824,18.666666666666668,6.7032967032967035,0.009726680284019065,0.06138071493784676,1.0437881873727088,0.0002106889528759042,-20.41617021276596,0.30205949656750575,-0.9047619047619048,-0.8353730754046585,0.09148899849959109,0.27923281606098016,-0.14006514657980457,-0.9032258064516129,-0.3333333333333333,-0.8765684271957981,-0.015388302972195584,0.20802669264534812,Utilities—Diversified,Utilities,UTL
2020Q2,2020,Q2,2020-07-30,2020-06-30,3100000.0,83900000.0,11100000.0,0.21,30700000.0,0.36591179976162097,1384500000.0,385700000.0,109600000.0,149300000.0,998800000.0,9700000.0,101100000.0,667818000.0,1181218000.0,25.885906040268456,0.7340924313462827,0.37385337667027807,1.34197562872699,0.010024646471708996,25.885906040268456,0.008037334716100596,7.959690107270561,53.85629032258064,1.73144412756028,1.8387096774193548,5.484536082474227,0.008535259606659299,0.060599494402311306,0.6135298057602143,0.002239075478512098,-417.38625,0.36591179976162097,-0.7941176470588236,0.7011448874851954,0.009924226022948651,0.282759693261075,-0.3550420168067227,-0.7960526315789473,-0.5978260869565217,-0.05369127516778526,-0.01738487607149986,0.21501756047864592,Utilities—Diversified,Utilities,UTL
2020Q1,2020,Q1,2020-04-30,2020-03-31,15200000.0,130400000.0,27600000.0,1.02,47600000.0,0.36503067484662577,1378400000.0,387900000.0,125800000.0,147100000.0,990500000.0,9600000.0,103700000.0,779568000.0,1287568000.0,26.033557046979865,0.8552005438477226,0.3730412071967499,1.325599381283836,0.023369257327542265,26.033557046979865,0.03918535705078628,5.978282208588957,12.821842105263157,2.009713843774169,0.3684210526315789,8.625,0.007183465714344355,0.09460243760882182,0.7450713800135962,0.011027278003482298,70.23135135135135,0.36503067484662577,0.3246753246753247,0.04263718910382951,-0.2935637505943611,0.2773259546523832,0.16953316953316952,0.3333333333333333,0.2545454545454545,0.15176445117990922,-0.027591349739000667,0.20765340840860874,Utilities—Diversified,Utilities,UTL
2019Q4,2019,Q4,2020-01-30,2019-12-31,11400000.0,116400000.0,22000000.0,0.77,40700000.0,0.34965635738831613,1370800000.0,376800000.0,130900000.0,159800000.0,994000000.0,8700000.0,94100000.0,921118000.0,1431518000.0,25.288590604026847,0.8191489361702128,0.3761307265830172,1.3683651804670913,0.018735992828328104,25.288590604026847,0.030254777070063694,7.913384879725086,20.199956140350878,2.44458067940552,0.47368421052631576,8.701149425287356,0.005862441077038989,0.08491391887948643,0.7284105131414268,0.0083163116428363,-30.91,0.34965635738831613,4.133333333333334,0.1313722690275596,-0.09358998778725167,0.2861742019611167,0.4381625441696113,3.9565217391304346,1.2,0.050138176075799505,0.04860141435070488,0.2079163031606136,Utilities—Diversified,Utilities,UTL
2019Q3,2019,Q3,2019-10-24,2019-09-30,2300000.0,85300000.0,10000000.0,0.15,28300000.0,0.33177022274325907,1309700000.0,370000000.0,107400000.0,144400000.0,939700000.0,8500000.0,88100000.0,945256000.0,1417556000.0,24.83221476510067,0.7437673130193906,0.3661907307016874,1.2962162162162163,0.008459863465160075,24.83221476510067,0.006216216216216216,11.081547479484174,102.74521739130435,2.554745945945946,2.4782608695652173,6.705882352941177,0.006030112477466422,0.0651294189509048,0.6475069252077562,0.0017561273574100938,-52.80759776536313,0.33177022274325907,-0.4444444444444445,0.33137583892617445,0.03136663921355609,0.27915104053150136,-0.050335570469798654,-0.425,-0.18699186991869918,-0.3825503355704698,0.017102170135931564,0.21090563117871608,Utilities—Diversified,Utilities,UTL
2019Q2,2019,Q2,2019-07-25,2019-06-30,4000000.0,84400000.0,12300000.0,0.27,29800000.0,0.35308056872037913,1279300000.0,373000000.0,107400000.0,156000000.0,906300000.0,8200000.0,91500000.0,889828000.0,1342428000.0,25.033557046979865,0.6884615384615385,0.35753927929336354,1.2262734584450403,0.011617363708489176,25.033557046979865,0.010723860589812333,10.542985781990522,55.61425,2.385597855227882,1.375,6.658536585365853,0.006180969805400595,0.06597357930118034,0.5826923076923077,0.0031267099194872195,136.8966153846154,0.35308056872037913,-0.848314606741573,2.3679072605247105,0.06642738767774252,0.27571302528922503,-0.39183673469387753,-0.8490566037735849,-0.5729166666666666,0.5033557046979865,0.0644565560109906,0.216486631925436,Utilities—Diversified,Utilities,UTL
2019Q1,2019,Q1,2019-04-25,2019-03-31,26500000.0,152100000.0,28800000.0,1.78,49000000.0,0.32215647600262987,1290200000.0,373900000.0,133900000.0,164800000.0,916300000.0,8300000.0,93000000.0,804600000.0,1258600000.0,25.093959731543624,0.8125,0.3552162455433266,1.22572880449318,0.026429027050275403,25.093959731543624,0.070874565391816,5.289940828402367,7.590566037735849,2.1519122760096283,0.20754716981132076,12.421686746987952,0.006835694755157843,0.11788869942644552,0.720873786407767,0.02053945124786855,29.91078066914498,0.32215647600262987,1.4054054054054055,0.9479066794503037,-0.0975583540064233,0.2638563660412481,0.1922141119221411,1.4090909090909092,0.2972972972972973,1.2843420971615047,0.13603141238356403,0.21101494740300147,Utilities—Diversified,Utilities,UTL
2018Q4,2018,Q4,2019-01-31,2018-12-31,11000000.0,125600000.0,22200000.0,0.74,41100000.0,0.32722929936305734,1298300000.0,351300000.0,152200000.0,192500000.0,947000000.0,7800000.0,72000000.0,754536000.0,1238436000.0,23.57718120805369,0.7906493506493506,0.3787260263421397,1.3996584116140052,0.019979186302230598,23.57718120805369,0.03131226871619698,6.007452229299363,17.148545454545452,2.1478394534585825,0.5,10.833333333333334,0.007289247961661207,0.09674189324501271,0.7137662337662337,0.008472618038974042,-42.87136363636364,0.32722929936305734,2.8947368421052633,-0.010881605525509791,0.05944915098837417,0.22686689544170802,0.4574468085106383,2.9285714285714284,1.1553398058252426,0.11135166341921063,0.15247483221476504,0.1671871885175095,Utilities—Diversified,Utilities,UTL
2018Q3,2018,Q3,2018-10-25,2018-09-30,2800000.0,88200000.0,10300000.0,0.19,28200000.0,0.3197278911564626,1264500000.0,345000000.0,120600000.0,180500000.0,919500000.0,7200000.0,66500000.0,734524000.0,1193324000.0,23.31081081081081,0.6681440443213297,0.3678133649663899,1.3481159420289854,0.011036615233896645,23.31081081081081,0.008115942028985508,8.327936507936508,65.5825,2.1290550724637685,1.9285714285714286,8.333333333333334,0.007351699876382527,0.06975088967971531,0.5800554016620498,0.0022143139580862,-22.670493827160495,0.3197278911564626,-0.2083333333333333,3.3440990990990995,0.1324616961789376,0.2638844570662753,-0.010526315789473684,-0.2222222222222222,-0.02830188679245283,0.5468998410174881,0.10892217518723539,0.1667996768825,Utilities—Diversified,Utilities,UTL
2018Q2,2018,Q2,2018-07-26,2018-06-30,3600000.0,84500000.0,10600000.0,0.24,28500000.0,0.33727810650887574,1234600000.0,347200000.0,118100000.0,135400000.0,887400000.0,8100000.0,69100000.0,755392000.0,1180192000.0,23.45945945945946,0.8722304283604135,0.3509638749392516,1.247983870967742,0.01424848217819564,23.45945945945946,0.010368663594470046,8.939550295857988,52.45777777777777,2.1756682027649767,1.5277777777777777,6.91358024691358,0.00728098788443616,0.06844322047626762,0.7466765140324964,0.0029159241859711645,96.8451282051282,0.33727810650887574,-0.7735849056603774,34.48972972972973,0.18385297948550955,0.2518985962706892,-0.38311688311688313,-0.7692307692307693,-0.6227758007117438,0.9888712241653419,0.024019180470793412,0.16251866840102136,Utilities—Diversified,Utilities,UTL
2018Q1,2018,Q1,2018-04-26,2018-03-31,15600000.0,145800000.0,28100000.0,1.06,46200000.0,0.3168724279835391,1244300000.0,348600000.0,144500000.0,146300000.0,895700000.0,8200000.0,71000000.0,686868000.0,1118568000.0,23.554054054054053,0.9876965140123035,0.35457687052961506,1.2656339644291452,0.026934363617595443,23.554054054054053,0.04475043029259897,4.711028806584362,11.0075,1.9703614457831324,0.34615384615384615,12.146341463414634,0.00786177256765492,0.1171743148758338,0.8831168831168831,0.012537169492887567,37.53377049180328,0.3168724279835391,0.3947368421052632,0.3417717717717716,0.14582384414871713,0.23360432432432432,0.1323529411764706,0.39285714285714285,0.1906779661016949,0.07730524642289334,-0.20479800357849137,0.15567014243329105,Utilities—Diversified,Utilities,UTL
2017Q4,2017,Q4,2018-02-01,2017-12-31,11200000.0,115400000.0,23600000.0,0.76,40800000.0,0.3535528596187175,1241900000.0,336800000.0,151300000.0,151000000.0,905100000.0,7500000.0,60800000.0,675176000.0,1113776000.0,22.756756756756758,1.0019867549668875,0.3603349706095499,1.3286817102137767,0.0189360507101019,22.756756756756758,0.0332541567695962,5.850745233968804,15.070892857142855,2.0046793349168643,0.45535714285714285,9.946666666666667,0.007553586027939382,0.09292213543763587,0.8966887417218543,0.009018439487881473,-28.609152542372883,0.3535528596187175,3.75,0.15598798798798813,0.08499234051865633,0.2005368069527701,0.6190476190476191,3.869565217391304,1.4842105263157894,0.11903392754456588,-0.09530523846049718,0.1574054845185472,Utilities—Diversified,Utilities,UTL
2017Q3,2017,Q3,2017-10-26,2017-09-30,2300000.0,84000000.0,9500000.0,0.16,25200000.0,0.3,1179900000.0,298300000.0,122000000.0,216300000.0,881600000.0,8000000.0,54700000.0,697386000.0,1134886000.0,21.156028368794328,0.5640314378178456,0.38003220611916266,1.5031847133757963,0.007809316854542984,21.156028368794328,0.0077103586992960105,8.302214285714285,75.80282608695651,2.337867918203151,2.217391304347826,7.35,0.007313023203792448,0.07119247393846936,0.49560795191863155,0.001949317738791423,-25.085827338129498,0.3,-0.30434782608695654,3.4717872340425533,0.1452836382083495,0.1466416799172156,-0.08695652173913043,-0.25806451612903225,-0.09523809523809523,0.4069148936170214,0.07327370701627686,0.08978421608570997,Utilities—Diversified,Utilities,UTL
2017Q2,2017,Q2,2017-07-27,2017-06-30,3100000.0,80800000.0,10500000.0,0.23,27600000.0,0.3415841584158416,1137700000.0,300400000.0,108000000.0,177900000.0,837300000.0,500000.0,57500000.0,681171000.0,1088971000.0,21.30496453900709,0.6070826306913997,0.3652984090709326,1.3834886817576564,0.008792330818537638,21.30496453900709,0.010319573901464714,8.430334158415842,54.93314516129032,2.267546604527297,1.6451612903225807,106.4,0.007487106761738242,0.07102047991561923,0.5188308038223721,0.0027247956403269754,-400.68882352941176,0.3415841584158416,-0.7386363636363636,10.036903073286053,0.027074880422233247,0.02341845629332475,-0.3741496598639456,-0.75,-0.5977011494252874,1.7582205029013545,0.07886563525006535,0.08570351048115901,Utilities—Diversified,Utilities,UTL
2017Q1,2017,Q1,2017-04-27,2017-03-31,12400000.0,126000000.0,26100000.0,0.88,44100000.0,0.35,1134400000.0,301800000.0,126100000.0,177000000.0,832600000.0,300000.0,59500000.0,630420000.0,1034720000.0,21.557142857142857,0.7124293785310735,0.36415726375176305,1.3687872763419484,0.022196708763872947,21.557142857142857,0.04108681245858184,5.003333333333333,12.710080645161291,2.0888667992047716,0.4112903225806452,273.0,0.008089844865327876,0.11107193229901269,0.6203389830508474,0.010930888575458392,31.521,0.35,0.20547945205479456,0.0743714285714285,-0.13964098073555173,0.20316630148992115,0.16976127320954906,0.21568627450980393,0.22535211267605634,-0.02993197278911563,-0.20435618193465727,0.08572471324296134,Utilities—Diversified,Utilities,UTL
2016Q4,2016,Q4,2017-02-02,2016-12-31,10200000.0,104300000.0,21300000.0,0.73,37700000.0,0.36145733461169705,1128200000.0,293100000.0,131600000.0,176900000.0,835100000.0,600000.0,52200000.0,634760000.0,1047460000.0,20.935714285714287,0.7439231204070096,0.3709448679312179,1.4278403275332652,0.019515551539344596,20.935714285714287,0.03480040941658137,6.085906040268457,15.557843137254904,2.1656772432616855,0.49019607843137253,111.0,0.007876992879198437,0.09244814749157951,0.6585641605426795,0.00904095018613721,-35.06961325966851,0.36145733461169705,1.92,-0.20461857142857146,-0.14116525871172128,0.1799442067999115,0.36594202898550726,1.9142857142857144,0.918918918918919,-0.023855755894590873,-0.0636612021857923,0.0894149967679381,Utilities—Diversified,Utilities,UTL
2016Q3,2016,Q3,2016-10-20,2016-09-30,3500000.0,78800000.0,11100000.0,0.25,27600000.0,0.350253807106599,1072400000.0,287100000.0,107600000.0,126300000.0,785300000.0,600000.0,47000000.0,546840000.0,934440000.0,20.507142857142856,0.8519398258115598,0.36553524804177545,1.365377917102055,0.010219381313131312,20.507142857142856,0.012190874259839777,6.939593908629441,39.06,1.904702194357367,1.4285714285714286,85.33333333333333,0.009143442323165826,0.07348004475941813,0.7450514647664291,0.0032637075718015664,-44.458536585365856,0.350253807106599,0.38888888888888895,2.70109375,-0.16286533957845423,0.21867502339363692,0.06153846153846154,0.4,0.16842105263157894,4.7404166666666665,0.0695838423645321,0.11187291280148422,Utilities—Diversified,Utilities,UTL
2016Q2,2016,Q2,2016-07-21,2016-06-30,2500000.0,74500000.0,9500000.0,0.18,26000000.0,0.348993288590604,1051700000.0,288100000.0,105700000.0,139000000.0,763600000.0,400000.0,48500000.0,597380000.0,969180000.0,20.57857142857143,0.760431654676259,0.3610345155462584,1.3179451579312738,0.009431264941109196,20.57857142857143,0.008677542519958347,8.018523489932885,59.738,2.073516140229087,2.0,121.25,0.00836988181726874,0.07083769135685081,0.6525179856115108,0.0023771037368070743,-259.7304347826087,0.348993288590604,-0.7692307692307693,3.774744897959184,-0.167177286742035,0.18870484030043236,-0.35323383084577115,-0.7706422018348624,-0.594017094017094,25.585714285714285,0.10339500860585184,0.09816190476190471,Utilities—Diversified,Utilities,UTL
2016Q1,2016,Q1,2016-04-21,2016-03-31,10900000.0,125800000.0,23400000.0,0.78,40200000.0,0.3195548489666137,1052900000.0,290100000.0,128100000.0,146000000.0,762800000.0,400000.0,51000000.0,594860000.0,960260000.0,20.72142857142857,0.8773972602739726,0.35473454269161364,1.2874870734229575,0.021044398185161996,20.72142857142857,0.03757325060324026,4.7286168521462635,13.643577981651376,2.0505342985177526,0.45871559633027525,214.0,0.008405339071378139,0.11947953271915661,0.7876712328767124,0.010352360148162218,205.12413793103448,0.3195548489666137,0.1818181818181818,-0.02812807881773392,-0.15437732111908892,0.16901150278293128,0.15517241379310345,0.17204301075268819,0.2648648648648649,-0.008907407407407442,0.04514043993231807,0.08525028571428578,Utilities—Diversified,Utilities,UTL
2015Q4,2015,Q4,2016-01-28,2015-12-31,9300000.0,102400000.0,18500000.0,0.66,34800000.0,0.33984375,1046400000.0,282800000.0,125900000.0,144600000.0,763600000.0,800000.0,45100000.0,502320000.00000006,864220000.0,20.2,0.8706777316735823,0.3541666666666667,1.3104667609618104,0.017654301985531782,20.2,0.03288543140028288,4.905468750000001,13.503225806451615,1.7762376237623765,0.5268817204301075,84.5,0.00975473801560758,0.09785932721712538,0.7468879668049793,0.008887614678899083,-17.44166666666667,0.33984375,4.500000000000001,0.3873351648351648,-0.18862979716912312,0.14854450261780094,0.5,4.470588235294118,1.5342465753424657,0.014733333333333357,0.017781376518218598,0.0656546431312355,Utilities—Diversified,Utilities,UTL
2015Q3,2015,Q3,2015-10-22,2015-09-30,1700000.0,74700000.0,7300000.0,0.12,23200000.0,0.31057563587684067,1018000000.0,277700000.0,119000000.0,101200000.0,740300000.0,7400000.0,40700000.0,512632000.00000006,840332000.0,19.97841726618705,1.1758893280632412,0.3306483300589391,1.212099387828592,0.0110064566482191,19.97841726618705,0.006121714079942384,6.862543507362785,75.38705882352942,1.8459920777817789,2.8823529411764706,6.95945945945946,0.009558513709639662,0.07337917485265226,0.9258893280632411,0.0016699410609037329,-42.71933333333334,0.31057563587684067,0.0,14.245323741007194,-0.23519696726193284,0.16639492718493668,-0.025210084033613446,0.0,-0.1797752808988764,2.352791366906475,0.033138829749664624,0.08281599631326965,Utilities—Diversified,Utilities,UTL
2015Q2,2015,Q2,2015-07-23,2015-06-30,1700000.0,77500000.0,8900000.0,0.12,23800000.0,0.30709677419354836,1011400000.0,280500000.0,133900000.0,94500000.0,730900000.0,7200000.0,43900000.0,458978000.00000006,775578000.0,20.179856115107913,1.416931216931217,0.32894997033814516,1.186096256684492,0.008677648030466403,20.179856115107913,0.006060606060606061,5.9222967741935495,67.49676470588236,1.6362852049910874,2.8823529411764706,7.458333333333333,0.010675892962189907,0.07662645837453036,1.1026455026455027,0.0016808384417638916,12.305040214477213,0.30709677419354836,-0.8775510204081632,1.6616546762589928,-0.1550792979062128,0.15527006965855883,-0.46756152125279643,-0.875,-0.6866197183098591,6.027026378896882,-0.0006979881211310255,-0.03062794797274757,Utilities—Diversified,Utilities,UTL
2015Q1,2015,Q1,2015-04-23,2015-03-31,13600000.0,172200000.0,28400000.0,0.98,44700000.0,0.259581881533101,1040800000.0,283300000.0,180100000.0,140400000.0,757500000.0,6300000.0,47100000.0,483303000.00000006,836803000.0,20.381294964028775,1.2827635327635327,0.3504035357417371,1.2873279209318744,0.026160046056419115,20.381294964028775,0.04800564772326156,2.806637630662021,8.884246323529412,1.7059759971761386,0.3602941176470588,20.238095238095237,0.01013856731698334,0.16544965411222137,1.1773504273504274,0.013066871637202153,32.87775510204082,0.259581881533101,0.44117647058823517,0.6258284449363587,0.18414222957916845,0.131235184514259,0.2627118644067797,0.44680851063829785,0.4129353233830846,0.1868201438848921,0.1842831584119743,0.13753884009356926,Utilities—Diversified,Utilities,UTL
2014Q4,2014,Q4,2015-01-28,2014-12-31,9400000.0,119800000.0,20100000.0,0.68,35400000.0,0.29549248747913187,1000200000.0,273300000.0,145200000.0,129400000.0,726900000.0,7400000.0,38400000.0,509713000.0,863513000.0,19.66187050359712,1.1221020092735703,0.36212757448510297,1.3252835711672155,0.020126121135942393,19.66187050359712,0.034394438346139776,4.254699499165276,13.556196808510638,1.8650311013538239,0.5106382978723404,11.405405405405405,0.009417064112549611,0.11977604479104179,1.0247295208655331,0.009398120375924815,-16.711901639344262,0.29549248747913187,5.1818181818181825,5.08689448441247,0.04011880551424771,0.08850775658304716,0.5803571428571429,4.875,1.7162162162162162,-0.26172805755395684,-0.006437139623042974,0.10814992404630751,Utilities—Diversified,Utilities,UTL
2014Q3,2014,Q3,2014-10-23,2014-09-30,1600000.0,76600000.0,7400000.0,0.11,22400000.0,0.2924281984334204,916500000.0,267900000.0,112400000.0,76000000.0,648600000.0,7600000.0,33800000.0,429042000.0,749542000.0,19.41304347826087,1.4789473684210526,0.3607201309328969,1.2340425531914894,0.008508803449514912,19.41304347826087,0.0059723777528928705,5.601070496083551,67.0378125,1.6015005599104142,3.0,7.131578947368421,0.011187715887955025,0.08357883251500273,1.2842105263157895,0.001745771958537916,-34.05095238095238,0.2924281984334204,0.375,3.0805797101449275,-0.1510702816205534,0.07964999550844416,0.051643192488262914,0.45454545454545453,0.04225352112676056,1.7889130434782607,-0.17444345450225707,0.15365613726979319,Utilities—Diversified,Utilities,UTL
2014Q2,2014,Q2,2014-07-23,2014-06-30,1100000.0,73300000.0,7100000.0,0.08,21300000.0,0.29058663028649384,900600000.0,270800000.0,113900000.0,102600000.0,629800000.0,6900000.0,37000000.0,466854000.0,776954000.0,19.6231884057971,1.1101364522417154,0.3576504552520542,1.1894387001477105,0.007676052877291267,19.6231884057971,0.004062038404726735,6.369085948158253,106.10318181818182,1.7239807976366321,4.363636363636363,7.536231884057971,0.01028158696294773,0.0813901843215634,0.9610136452241715,0.0012214079502553853,31.1236,0.29058663028649384,-0.9120879120879122,1.395024154589372,-0.3303676902807337,-0.10619797731250594,-0.4701492537313433,-0.9126984126984127,-0.7204724409448819,2.2385817805383024,-0.16871640079240954,0.13351789851224138,Utilities—Diversified,Utilities,UTL
2014Q1,2014,Q1,2014-04-23,2014-03-31,12600000.0,156100000.0,25400000.0,0.91,40200000.0,0.2575272261370916,928000000.0,274000000.0,145600000.0,131700000.0,654000000.0,5700000.0,40700000.0,453192000.00000006,785292000.0,19.855072463768117,1.105542900531511,0.3732758620689655,1.2642335766423358,0.025664713184560754,19.855072463768117,0.04598540145985401,2.903215887251762,8.991904761904763,1.653985401459854,0.38095238095238093,20.333333333333332,0.010591537361648041,0.16821120689655172,1.0227790432801822,0.013577586206896551,23.24061538461539,0.2575272261370916,0.21333333333333337,-0.19551839464882945,-0.33114777051002525,0.05779382733882226,0.425531914893617,0.22330097087378642,-0.08960573476702509,0.13973013493253372,0.06450531233516685,0.12013551665725579,Utilities—Diversified,Utilities,UTL
2013Q4,2013,Q4,2014-01-29,2013-12-31,10300000.0,109800000.0,27900000.0,0.75,28200000.0,0.2568306010928962,920600000.0,265200000.0,140000000.0,144700000.0,655400000.0,6200000.0,32900000.0,420762000.0,758862000.0,19.217391304347824,0.967519004837595,0.37747121442537473,1.3103318250377074,0.04553615146074751,19.217391304347824,0.038838612368024134,3.8320765027322405,10.212669902912621,1.5865837104072398,0.46601941747572817,13.161290322580646,0.011407874285225376,0.11927004127742777,0.8914996544574982,0.011188355420378014,-33.130866141732284,0.2568306010928962,17.75,0.8701403985507247,-0.27340101020104984,0.088940236595483,0.3055555555555556,16.166666666666668,4.072727272727272,0.5587792642140468,-0.11738686325887118,0.09267470976553592,Utilities—Diversified,Utilities,UTL
2013Q3,2013,Q3,2013-10-23,2013-09-30,600000.0,72500000.0,5500000.0,0.04,21600000.0,0.2979310344827586,895200000.0,254100000.0,111500000.0,115500000.0,641100000.0,6500000.0,0.0,403252790.0,722052790.0,18.44378311678885,0.9653679653679653,0.36986148346738157,1.303030303030303,0.009398496240601503,18.44378311678885,0.0023612750885478157,5.562107448275862,168.02199583333334,1.5869846123573397,8.0,7.8307692307692305,0.011903203447147879,0.08098748882931188,0.8701298701298701,0.0006702412868632708,-29.221216666666667,0.2979310344827586,6.5072,-0.8332002613050736,-0.5624825956808192,0.03983841026449399,0.1076923076923077,7.0,0.1956521739130435,5.716556579806924,-0.25109427937800693,0.0767987663332789,Utilities—Diversified,Utilities,UTL
2013Q2,2013,Q2,2013-07-24,2013-06-30,-100000.0,66400000.0,4600000.0,-0.00726321905868681,19500000.0,0.2936746987951807,874200000.0,258000000.0,105600000.0,90600000.0,616200000.0,6200000.0,0.0,397757520.0,702757520.0,18.73910517141197,1.1655629139072847,0.35701212537176846,1.2096899224806201,0.008068759866690055,18.73910517141197,-0.0003875968992248062,5.990324096385542,-994.3937999999999,1.5416958139534882,-47.0,7.564516129032258,0.011816244228393218,0.07595515900251659,1.0353200883002207,-0.00011439029970258523,57.64601739130435,0.2936746987951807,-1.009193948175553,-1.0245069556003692,-0.5342853285909648,0.05379909081587328,-0.4715447154471545,-1.0092592592592593,-0.7032258064516129,0.9607059848925043,-0.2691533324544227,0.07278898388718266,Utilities—Diversified,Utilities,UTL
2013Q1,2013,Q1,2013-04-24,2013-03-31,10800000.0,118200000.0,15500000.0,0.79,36900000.0,0.31218274111675126,875900000.0,262500000.0,118000000.0,94300000.0,613400000.0,5100000.0,0.0,384394080.0,697194080.0,19.093686354378818,1.2513255567338282,0.36568101381436235,1.2201904761904763,0.026595744680851064,19.093686354378818,0.04114285714285714,3.2520649746192896,8.898011111111112,1.4643584,0.4444444444444444,15.941176470588236,0.01248718502636669,0.13494691174791643,1.1410392364793214,0.012330174677474598,14.560381818181819,0.31218274111675126,0.2153846153846154,0.3614145528605815,-0.31613691793025495,0.0695082493701514,5.146067415730337,0.2,0.17424242424242425,0.30537364875450423,-0.17820503577672436,0.05976827499304012,Utilities—Diversified,Utilities,UTL
2012Q4,2012,Q4,2013-01-30,2012-12-31,9000000.0,98800000.0,13200000.0,0.65,-8900000.0,-0.09008097165991903,886600000.0,260600000.0,132600000.0,125400000.0,626000000.0,14600000.0,0.0,356348160.0,683748160.0,18.955484434099507,1.0574162679425838,0.38032934807128355,1.293937068303914,,18.955484434099507,0.03453568687643899,3.6067627530364375,9.898560000000002,1.3674142747505755,0.5333333333333333,7.376712328767123,0.01346997273677518,0.11143695014662756,0.9074960127591707,0.010151139183397249,-21.861850306748465,-0.09008097165991903,20.666666666666668,0.3866259334691106,-0.3608150440431658,0.05762356564502511,-1.2587209302325582,17.0,1.64,4.892311608961303,-0.1327219561037218,0.04940126792777429,Utilities—Diversified,Utilities,UTL
2012Q3,2012,Q3,2012-10-24,2012-09-30,500000.0,71300000.0,5000000.0,0.03,34400000.0,0.48246844319775595,784000000.0,252900000.0,95000000.0,77000000.0,531100000.0,15900000.0,0.0,375983010.0,678583010.0,18.45042678923178,1.2337662337662338,0.39808673469387756,1.2340846184262555,,18.45042678923178,0.0019770660340055358,5.273253997194951,187.991505,1.4866864768683272,9.6,2.3207547169811322,0.012766534317601214,0.0909438775510204,0.9714285714285714,0.0006377551020408163,-25.92986275862069,0.48246844319775595,2.0,-0.8709828919530167,-0.5236805279611698,0.05041212475113327,0.020771513353115726,2.6666666666666665,0.16279069767441862,1.6545925439556433,-0.20444690254481787,0.026114386568484374,Utilities—Diversified,Utilities,UTL
2012Q2,2012,Q2,2012-07-25,2012-06-30,-300000.0,68800000.0,4300000.0,-0.03,33700000.0,0.4898255813953488,768300000.0,256700000.0,88400000.0,54400000.0,511600000.0,13200000.0,0.0,326771500.0,613071500.0,20.817451950368987,1.625,0.3814916048418586,1.1417997662641215,0.007821025827573663,20.817451950368987,-0.001168679392286716,4.749585755813953,-272.30958333333336,1.2729703934553955,-12.666666666666666,2.659090909090909,0.011628921126842457,0.08954835350774437,1.2720588235294117,-0.0003904724716907458,42.43785714285714,0.4898255813953488,-1.036144578313253,-1.0762576703700701,-0.4664548079870356,0.18758406374096903,-0.27682403433476394,-1.0333333333333334,-0.6928571428571428,-1.7310031627605222,-0.29660115247658836,-0.05180135482250605,Utilities—Diversified,Utilities,UTL
2012Q1,2012,Q1,2012-04-25,2012-03-31,9000000.0,114200000.0,14000000.0,0.83,46600000.0,0.4080560420315236,783200000.0,195600000.0,109200000.0,132200000.0,587600000.0,10700000.0,0.0,292903110.0,663103110.0,17.91701016762847,0.8260211800302572,0.48314606741573035,1.934560327198364,0.024390243902439025,17.91701016762847,0.046012269938650305,2.5648258318739052,8.1361975,1.4974596625766872,0.4222222222222222,6.317757009345795,0.01297357341135777,0.1458120531154239,0.7072617246596067,0.011491317671092951,13.751319718309858,0.4080560420315236,-0.09782608695652183,0.7841968419050036,-0.24341084504651006,0.019403601751722836,-0.016877637130801686,-0.1,-0.027777777777777776,-0.27362003207015567,-0.3814580545132311,-0.04545789020568072,Utilities—Diversified,Utilities,UTL
2011Q4,2011,Q4,2012-02-01,2011-12-31,10000000.0,94700000.0,14400000.0,0.92,47400000.0,0.5005279831045406,800200000.0,193700000.0,131200000.0,154400000.0,606500000.0,18400000.0,0.0,309824460.0,678524460.0,17.742969680315106,0.8497409326424871,0.4701324668832792,1.942178626742385,,17.742969680315106,0.05162622612287042,3.2716416050686377,7.7456115,1.599506763035622,0.38,2.5706521739130435,0.012265009676769871,0.11834541364658835,0.7014248704663213,0.012496875781054736,-16.930298360655737,0.5005279831045406,7.133333333333334,0.8894231789479509,-0.23306370158457063,-0.0001833564548348438,0.5959595959595959,7.25,1.7692307692307692,1.295158926444994,-0.2078303404670945,0.005393151213897589,Utilities—Diversified,Utilities,UTL
2011Q3,2011,Q3,2011-10-27,2011-09-30,-1600000.0,73200000.0,5200000.0,-0.15,29700000.0,0.4057377049180328,748700000.0,183200000.0,97400000.0,126800000.0,565500000.0,19400000.0,0.0,279578160.0,625578160.0,16.82740883622669,0.7681388012618297,0.47268598904768266,1.931768558951965,,16.82740883622669,-0.008733624454148471,3.8193737704918034,-43.6840875,1.5260816593886464,-2.375,2.2422680412371134,0.01359190574828878,0.09776946707626552,0.5796529968454258,-0.0021370375317216507,-19.41515,0.4057377049180328,-0.8749999999999999,-1.4508841259233218,-0.4314531901227643,-0.02605090012712665,0.03484320557491289,-1.2857142857142858,0.23809523809523808,-1.56287315146505,-0.4409960923402452,-0.05129083646592409,Utilities—Diversified,Utilities,UTL
2011Q2,2011,Q2,2011-07-28,2011-06-30,-700000.0,69500000.0,4200000.0,-0.08,28700000.0,0.41294964028776976,727600000.0,188300000.0,82200000.0,100800000.0,539300000.0,12200000.0,0.0,286065100.0,620165100.0,17.311758757010207,0.8154761904761905,0.467152281473337,1.8050982474774295,0.007951533510034078,17.311758757010207,-0.0037174721189591076,4.116044604316547,-102.16610714285716,1.5191986192246414,-5.428571428571429,3.3442622950819674,0.013283689621697998,0.09551951621770204,0.6418650793650794,-0.0009620670698185816,-69.7719756097561,0.41294964028776976,-1.0987654320987654,-1.250814136788973,-0.406655860608227,0.001582982595514414,-0.34324942791762014,-1.0804597701149425,-0.6865671641791045,-1.2171446495303095,-0.3829812327559868,-0.026468154605778896,Utilities—Diversified,Utilities,UTL
2011Q1,2011,Q1,2011-04-26,2011-03-31,8700000.0,115400000.0,13400000.0,0.81,43700000.0,0.378682842287695,736700000.0,192500000.0,94700000.0,103900000.0,544200000.0,4100000.0,0.0,255861600.0,597661600.0,17.7255985267035,0.9114533205004812,0.4729197773856387,1.8098701298701299,0.02477352560547236,17.7255985267035,0.0451948051948052,2.2171715771230502,7.352344827586207,1.3291511688311686,0.4367816091954023,17.48780487804878,0.01485177924315333,0.15664449572417538,0.8296438883541867,0.011809420388217728,9.99459375,0.378682842287695,0.6875000000000002,1.1866875843400047,-0.1618846009774657,0.020394997416043063,0.1409921671018277,0.6730769230769231,0.3673469387755102,0.3883391930353256,-0.15478501192314875,-0.007123428264277012,Utilities—Diversified,Utilities,UTL
2010Q4,2010,Q4,2011-02-03,2010-12-31,5200000.0,97900000.0,9800000.0,0.48,38300000.0,0.39121552604698673,759600000.0,191000000.0,117100000.0,126900000.0,568600000.0,13500000.0,0.0,246956399.99999997,593656400.0,17.587476979742174,0.9227738376674547,0.4681411269088994,1.861780104712042,,17.587476979742174,0.027225130890052355,2.522537282941777,11.872903846153845,1.2929654450261778,0.7115384615384616,4.4148148148148145,0.01498240175188819,0.12888362295945235,0.7880220646178093,0.006845708267509215,-21.662842105263156,0.39121552604698673,49.0,-0.01324029950495384,-0.21515146863868306,-0.005400442765863575,0.38768115942028986,53.0,1.1304347826086956,0.014214582907032314,-0.19820749880423533,-0.01870457710101962,Utilities—Diversified,Utilities,UTL
2010Q3,2010,Q3,2010-10-26,2010-09-30,-100000.0,76100000.0,4600000.0,-0.01,27600000.0,0.36268068331143233,725000000.0,185500000.0,93100000.0,110000000.0,539500000.0,19200000.0,0.0,237718500.0,565018500.0,17.128347183748847,0.8463636363636363,0.46248275862068966,1.8075471698113208,,17.128347183748847,-0.0005390835579514825,3.123764783180026,-594.29625,1.2815013477088948,-37.0,2.5260416666666665,0.01556462791074317,0.10496551724137931,0.6445454545454545,-0.00013793103448275863,-11.826791044776119,0.36268068331143233,0.9473684210526315,-1.0320565920537892,-0.31061352152987365,-0.004814452731374072,0.08661417322834646,0.95,0.7037037037037037,-1.0326581255771008,-0.35656094332236654,-0.02485596868375527,Utilities—Diversified,Utilities,UTL
2010Q2,2010,Q2,2010-07-27,2010-06-30,-2000000.0,71400000.0,2700000.0,-0.19,25400000.0,0.3557422969187675,705600000.0,189000000.0,75700000.0,85400000.0,516600000.0,14500000.0,0.0,226246200.0,533546200.0,17.46765249537893,0.8864168618266979,0.4444444444444444,1.6592592592592592,0.005372065260644648,17.46765249537893,-0.010582010582010581,3.1687142857142856,-28.280775,1.1970698412698413,-1.9,3.1724137931034484,0.016795862206746455,0.10119047619047619,0.6639344262295082,-0.002834467120181406,-36.49132258064516,0.3557422969187675,-1.3114754098360657,-1.6675606756392483,-0.2883644090901202,0.012473534966021991,-0.34704370179948585,-1.3076923076923077,-0.7522935779816514,-1.5793797494352024,-0.3689670729032865,-0.003513696876360742,Utilities—Diversified,Utilities,UTL
2010Q1,2010,Q1,2010-04-27,2010-03-31,6500000.0,113000000.0,10900000.0,0.61,38900000.0,0.34424778761061947,717900000.0,194600000.0,89800000.0,87700000.0,523300000.0,9500000.0,0.0,251123250.0,550723250.0,18.016850291639663,1.023945267958951,0.42958629335562054,1.5847893114080165,0.021669980119284293,18.016850291639663,0.03340184994861254,2.222329646017699,9.658586538461538,1.2904586330935253,0.5846153846153846,7.8,0.0151320118706651,0.157403538097228,0.8722919042189282,0.009054185819752054,17.937375,0.34424778761061947,4.545454545454546,0.22871291813556963,-0.03520831558806279,0.04023048955723564,0.38434163701067614,4.416666666666667,1.4222222222222223,0.30242570132395147,-0.2433208007732313,0.025084090910580188,Utilities—Diversified,Utilities,UTL
2009Q4,2009,Q4,2010-02-10,2009-12-31,1200000.0,89500000.0,4500000.0,0.11,28100000.0,0.3139664804469274,725200000.0,195100000.0,106800000.0,129700000.0,530100000.0,16900000.0,33600000.0,248206980.0,554306980.0,18.063142301638738,0.8234387047031612,0.4327082184225041,1.6084059456688877,,18.063142301638738,0.006150691952844695,2.773262346368715,51.7097875,1.2722038954382369,3.1666666666666665,3.633136094674556,0.01530980313285307,0.1234142305570877,0.31765612952968386,0.001654715940430226,17.72907,0.3139664804469274,2.833333333333333,-0.7589276374191932,-0.18110789693802004,0.03432290638907828,0.14227642276422764,3.0,0.3235294117647059,-0.7708341874503312,-0.26739193797788563,0.01785837620742634,Utilities—Diversified,Utilities,UTL
2009Q3,2009,Q3,2009-10-23,2009-09-30,-600000.0,70400000.0,3400000.0,-0.06,24600000.0,0.3494318181818182,711200000.0,193600000.0,95200000.0,119400000.0,517600000.0,16700000.0,0.0,241719150.0,536119150.0,17.98086746540355,0.7973199329983249,0.4266029246344207,1.5671487603305785,,17.98086746540355,-0.0030991735537190084,3.433510653409091,-100.7163125,1.2485493285123965,-6.333333333333333,2.7425149700598803,0.01572072382349516,0.09898762654668167,0.5879396984924623,-0.000843644544431946,-16.786052083333335,0.3494318181818182,-3.0,-1.2427379693173408,-0.2795606522752683,0.04643973019678264,-0.06463878326996197,-3.0,-0.19047619047619047,-1.1709659890960993,-0.44710671548640585,0.04070982367539237,Utilities—Diversified,Utilities,UTL
2009Q2,2009,Q2,2009-07-24,2009-06-30,300000.0,71500000.0,4200000.0,0.03,26300000.0,0.3678321678321678,694500000.0,197900000.0,87800000.0,101100000.0,496600000.0,11500000.0,0.0,185868680.0,455668680.0,21.954737075660084,0.8684470820969338,0.4033117350611951,1.4153612935826174,,21.954737075660084,0.0015159171298635675,2.599561958041958,154.8905666666667,0.9392050530570996,9.333333333333334,3.9304347826086956,0.015064399230682651,0.1029517638588913,0.4075173095944609,0.00043196544276457883,33.19083571428571,0.3678321678321678,-0.9736842105263158,-0.8857786336245032,-0.10164783331685892,0.2698127397353784,-0.3425,-0.967032967032967,-0.697841726618705,-0.8702919886912267,-0.2634207689752815,0.2702054915960255,Utilities—Diversified,Utilities,UTL
2009Q1,2009,Q1,2009-04-28,2009-03-31,9100000.0,135600000.0,13900000.0,1.14,40000000.0,0.2949852507374631,726200000.0,150500000.0,131100000.0,176000000.0,575700000.0,11800000.0,0.0,161001440.0,483801440.0,18.77026689947618,0.7448863636363636,0.46447259708069405,2.2411960132890365,,18.77026689947618,0.06046511627906977,1.1873262536873157,4.423116483516483,1.0697770099667772,0.3076923076923077,8.101694915254237,0.017391148799662914,0.18672541999449188,0.37727272727272726,0.012530983200220325,-12.384726153846154,0.2949852507374631,1.8499999999999996,1.2222682721894267,0.561840140859004,0.08210182955365454,0.6597510373443983,1.84375,3.088235294117647,2.0979375028310625,0.3338944766465319,0.0805325651224377,Utilities—Diversified,Utilities,UTL
2008Q4,2008,Q4,2009-02-18,2008-12-31,3200000.0,87800000.0,3400000.0,0.4,24100000.0,0.2744874715261959,735200000.0,141500000.0,150300000.0,219700000.0,593700000.0,34300000.0,36800000.0,165571700.0,477871700.0,17.647792466949365,0.6841147018661812,0.44042437431991294,2.288339222614841,0.005083209523542548,17.647792466949365,0.022614840989399292,1.8857824601366742,12.9352890625,1.1701180212014133,0.625,1.8571428571428572,0.012079358972578044,0.11942328618063112,0.23304506144742831,0.004352557127312296,13.245736,0.2744874715261959,0.48148148148148145,-0.1035289160305095,0.1281258451228356,0.009237379525146186,0.3388888888888889,1.1333333333333333,-0.22727272727272727,-0.1775266920677552,-0.04663007538290818,-0.0019895068516484955,Utilities—Diversified,Utilities,UTL
2008Q3,2008,Q3,2008-10-24,2008-09-30,1500000.0,69100000.0,4400000.0,0.27,18000000.0,0.26049204052098407,467500000.0,101900000.0,49500000.0,50300000.0,365600000.0,5100000.0,0.0,148852950.0,325152950.0,17.737162750217582,0.9840954274353877,0.38780748663101605,1.7791952894995093,0.0116361071932299,17.737162750217582,0.014720314033366046,2.1541671490593344,24.808825,1.4607747791952894,1.4,10.019607843137255,0.014107882981156906,0.14780748663101603,0.5606361829025845,0.0032085561497326204,-48.01708064516129,0.26049204052098407,-0.03571428571428574,-0.17009039837725914,0.08205513055258108,0.09981434249269036,-0.0374331550802139,-0.11764705882352941,-0.10204081632653061,-0.09354336307431863,0.18003414801090706,0.030558747391326718,Utilities—Diversified,Utilities,UTL
2008Q2,2008,Q2,2008-08-07,2008-06-30,1700000.0,59400000.0,4900000.0,0.28,18700000.0,0.3148148148148148,463600000.0,102000000.0,46500000.0,40200000.0,361600000.0,3900000.0,0.0,155502960.0,324002960.0,17.782426778242677,1.1567164179104477,0.3727351164797239,1.6941176470588235,0.012612039728682169,17.782426778242677,0.016666666666666666,2.6178949494949495,22.868082352941173,1.524538823529412,1.1764705882352942,10.435897435897436,0.012861491511158374,0.12812769628990509,0.6666666666666666,0.0036669542709232097,25.08112258064516,0.3148148148148148,-0.5087719298245613,-0.04649989086187921,-0.009047448949995117,0.10256270209398415,-0.065,-0.48484848484848486,-0.3717948717948718,0.07035486991878782,0.11677070114571264,0.03071872452264765,Utilities—Diversified,Utilities,UTL
2008Q1,2008,Q1,2008-04-24,2008-03-31,3300000.0,71900000.0,7800000.0,0.57,20000000.0,0.27816411682892905,469300000.0,102100000.0,50600000.0,44600000.0,367200000.0,2500000.0,0.0,154127050.0,327127050.0,17.852771463542577,1.1345291479820627,0.37715746857021093,1.733594515181195,0.018057455540355673,17.852771463542577,0.03232125367286973,2.1436307371349095,11.676291666666668,1.509569539666993,0.6060606060606061,20.76,0.012976307533298018,0.15320690389942468,0.7376681614349776,0.007031749414020882,45.33148529411765,0.27816411682892905,0.21276595744680848,0.07807255941772423,-0.07975445123913776,0.10119003173381892,0.010101010101010102,0.2222222222222222,-0.2571428571428571,0.17813450858761073,0.15938550941306753,0.030757146719025484,Utilities—Diversified,Utilities,UTL
2007Q4,2007,Q4,2008-02-12,2007-12-31,2700000.0,64300000.0,10500000.0,0.47,19800000.0,0.30793157076205285,474600000.0,102500000.0,48900000.0,44100000.0,372100000.0,4500000.0,0.0,163048118.1,337248118.1,17.922713761147055,1.1088435374149659,0.37673830594184576,1.744390243902439,0.025195520796302884,17.922713761147055,0.026341463414634145,2.535740561430793,15.097047972222223,1.590713347317073,0.7037037037037037,9.88888888888889,0.011653001715939464,0.13548251158870628,0.6689342403628118,0.005689001264222503,-47.95532885294117,0.30793157076205285,0.6785714285714283,0.45898940214713735,0.05460301600417386,0.09460173006872796,0.11235955056179775,0.6875,1.2340425531914894,0.02441000586281015,0.11111366856648217,0.026281755313821726,Utilities—Diversified,Utilities,UTL
2007Q3,2007,Q3,2007-10-26,2007-09-30,1600000.0,61800000.0,4700000.0,0.28,17800000.0,0.28802588996763756,474500000.0,99400000.0,42100000.0,41800000.0,375100000.0,4400000.0,0.0,166657550.0,335657550.0,17.564940802261884,1.007177033492823,0.36501580611169654,1.7424547283702214,0.011494252873563218,17.564940802261884,0.01609657947686117,2.6967241100323625,26.0402421875,1.6766353118712274,1.25,10.0,0.012000656435907045,0.1302423603793467,0.645933014354067,0.0033719704952581667,555.5251666666667,0.28802588996763756,-0.06666666666666654,-0.06431925268366294,0.08481479439664533,0.09703528022194398,-0.05319148936170213,-0.1111111111111111,-0.0784313725490196,0.2315767052552562,0.20328432545012048,0.022233879950844925,Utilities—Diversified,Utilities,UTL
2007Q2,2007,Q2,2007-07-26,2007-06-30,1800000.0,59000000.0,5100000.0,0.3,18800000.0,0.31864406779661014,473800000.0,98900000.0,38000000.0,35500000.0,374900000.0,3300000.0,0.0,154026600.0,321626600.0,17.529244948599786,1.0704225352112675,0.3583790628957366,1.7168857431749243,0.01314019066158999,17.529244948599786,0.01820020222446916,2.610620338983051,21.392583333333334,1.5573973710819011,1.1111111111111112,12.181818181818182,0.012984770163075728,0.12452511608273534,0.6732394366197183,0.003799071338117349,171.14066666666668,0.31864406779661014,-0.3478260869565218,0.11855791729906602,0.08983850800839424,0.08590805283307872,-0.050505050505050504,-0.3076923076923077,-0.19047619047619047,0.0949217261702179,0.18434181054287704,0.013852203147133728,Utilities—Diversified,Utilities,UTL
2007Q1,2007,Q1,2007-04-27,2007-03-31,2600000.0,77800000.0,6300000.0,0.46,19800000.0,0.2544987146529563,483100000.0,98900000.0,46800000.0,58600000.0,384200000.0,2500000.0,0.0,153279480.0,320479480.0,17.575972987382265,0.7986348122866894,0.3518940178016974,1.7189079878665319,0.014503532911863145,17.575972987382265,0.0262891809908999,1.970173264781491,14.738411538461538,1.549843073811931,0.7692307692307693,23.2,0.013048060966803908,0.1610432622645415,0.5324232081911263,0.005381908507555371,-43.794137142857146,0.2544987146529563,-0.04166666666666659,0.24608435350836794,0.48089292005560375,0.08459611765471553,0.10257266956231206,-0.0469208211143695,0.01662094561884783,-0.09527294389728991,0.27686688732095915,0.0132510436685757,Utilities—Diversified,Utilities,UTL
