Quarters,Year,Quarter,FillingDate,Date,NetIncome,Revenue,OperatingIncome,EPSDiluted,GrossProfit,GrossProfitRatio,TotalAssets,CommonStockEquity,CurrentAssets,CurrentLiability,TotalLiability,Inventory,RetainedEarnings,MarketCap,EnterpriseValue,bookValuePerShare,currentRatio,debtToAssets,debtToEquity,roic,shareholdersEquityPerShare,roe,priceToSalesRatio,peRatio,pbRatio,payoutRatio,inventoryTurnover,dividendYield,assetTurnover,quickRatio,returnOnAssets,priceToFreeCashFlowsRatio,grossProfitMargin,epsdilutedGrowth,fiveYNetIncomeGrowthPerShare,fiveYRevenueGrowthPerShare,fiveYShareholdersEquityGrowthPerShare,grossProfitGrowth,netIncomeGrowth,operatingIncomeGrowth,threeYNetIncomeGrowthPerShare,threeYRevenueGrowthPerShare,threeYShareholdersEquityGrowthPerShare,Industry,Sector,Symbol
2023Q1,2023,Q1,2023-05-15,2023-03-31,-1598884.0,0.0,-1628409.0,-0.18,0.0,0.0,4714123.0,-4334728.0,723318.0,2648851.0,9048851.0,0.0,-8031909.0,93013617.75,92700590.75,-0.48420677541058227,0.27306858709682047,0.047046926862111996,-0.0511646866885304,0.48034201367726664,-0.48420677541058227,0.36885451636181094,0.0,-14.543521879948765,-21.45777491690367,0.0,0.0,0.0,0.0,0.20190339131948154,-0.3391689185878264,-458.2696583681091,0.0,-1.4390243902439024,0.0,0.0,0.0,0.0,-1.6807310193611564,-3.7614855144504613,0.0,0.0,0.0,Shell Companies,Financial Services,CCAIU
2022Q4,2022,Q4,2023-03-31,2022-12-31,2348775.0,0.0,-341996.0,0.41,0.0,0.0,152392570.0,145974867.0,619839.0,820918.0,6417703.0,0.0,-5380173.0,150301500.0,150193924.0,9.7316578,0.7550559251959392,0.0014553531054696434,0.0015193368869450656,-0.0021543530987614325,9.7316578,0.016090269840766492,0.0,15.997860586901682,1.0296395748728442,0.0,0.0,0.0,0.0,0.4012105959425911,0.015412660866602618,-963.3908712735478,0.0,8.11111111111111,0.0,0.0,14.378450332750019,0.0,2.449712937001826,-0.17948771007715045,0.0,0.0,14.378450332750019,Shell Companies,Financial Services,CCAIU
2022Q3,2022,Q3,2022-11-14,2022-09-30,680861.0,0.0,-289953.0,0.045,0.0,0.0,151181375.0,143626092.0,410307.0,535283.0,7555283.0,0.0,-6907942.0,148830000.0,148882143.0,9.5750728,0.7665235025210964,0.00046301999832982073,0.00048737662513298767,-0.0016370294225868116,9.5750728,0.004740510519495302,0.0,54.64771810986383,1.0362323302648937,0.0,0.0,0.0,0.0,0.033359923629183066,0.004503603701183429,-922.0161320298852,0.0,-0.8500000000000001,0.0,0.0,11.546666136981445,0.0,-0.8464529709635386,-0.1408734999016329,0.0,0.0,11.546666136981445,Shell Companies,Financial Services,CCAIU
2022Q2,2022,Q2,2022-08-15,2022-06-30,4434218.0,0.0,-254150.0,0.3,0.0,0.0,150695574.0,142945231.0,603697.0,350343.0,7750343.0,0.0,-7055144.0,148500000.0,148390725.0,9.529682066666666,1.723159874751315,0.0,0.0,-0.003772108122016504,9.529682066666666,0.03102039829506449,0.0,8.372389449503837,1.038859421620019,0.0,0.0,0.0,0.0,0.3119086152713198,0.02942500487771459,-1213.8799198920995,0.0,0.15384615384615377,0.0,0.0,6352.1213777777775,0.0,0.14804881427197375,0.22894424673784106,0.0,0.0,6352.1213777777775,Shell Companies,Financial Services,CCAIU
2022Q1,2022,Q1,2022-05-16,2022-03-31,3862395.0,0.0,-329613.0,0.26,0.0,0.0,150850697.0,140855197.0,828004.0,320500.0,9995500.0,0.0,-9145178.0,148050000.0,147818390.0,9.390346466666667,2.583475819032761,0.0,0.0,-0.005116833667153917,9.390346466666667,0.027421032963377275,0.0,9.582784774731739,1.0510794287554757,0.0,0.0,0.0,0.0,0.7226521060842434,0.025604091176323833,-353.51087275757584,0.0,0.0,0.0,0.0,0.0,0.0,0.0,0.30201045248945435,0.0,0.0,0.0,Shell Companies,Financial Services,CCAIU
2021Q4,2021,Q4,2022-03-31,2021-12-31,0.0,0.0,-472232.0,0.0,0.0,0.0,151350464.0,-10911194.0,1348775.0,511658.0,12261658.0,0.0,-10911569.0,150000000.0,149349591.0,-0.7274129333333333,2.636086995610349,0.0,0.0,,-0.7274129333333333,0.0,0.0,0.0,-13.747349740092606,0.0,0.0,1.126e-05,0.0,1.2711791860969632,0.0,-149.06610087799933,0.0,0.0,0.0,0.0,0.0,0.0,0.0,-3.8521140508605187,0.0,0.0,0.0,Shell Companies,Financial Services,CCAIU
2021Q3,2021,Q3,2021-11-15,2021-09-30,0.0,0.0,-97325.0,0.0,0.0,0.0,151607683.0,-13618151.0,1607683.0,300834.0,15225834.0,0.0,-13618582.0,147600000.0,146774105.0,-0.9078767333333333,5.344086772106876,0.0,0.0,,-0.9078767333333333,0.0,0.0,0.0,-10.838475796016654,0.0,0.0,,0.0,2.74535125683932,0.0,0.0,0.0,0.0,0.0,0.0,0.0,0.0,0.0,0.0,0.0,0.0,0.0,Shell Companies,Financial Services,CCAIU
2021Q2,2021,Q2,2021-06-30,2021-06-30,0.0,0.0,0.0,0.0,0.0,0.0,363600.0,22500.0,25000.0,341100.0,341100.0,0.0,-2500.0,147900000.0,147938600.0,0.0015,0.0732922896511287,0.17491749174917492,2.8266666666666667,,0.0015,0.0,0.0,0.0,6573.333333333333,0.0,0.0,,0.0,0.0732922896511287,0.0,0.0,0.0,0.0,0.0,0.0,0.0,0.0,0.0,0.0,0.0,0.0,0.0,Shell Companies,Financial Services,CCAIU
2021Q1,2021,Q1,2021-02-28,2021-02-28,,,,,,,63000.0,22500.0,25000.0,40500.0,40500.0,0.0,-2500.0,0.0,-25000.0,0.0,0.6172839506172839,0.0,0.0,,0.0,,0.0,0.0,0.0,0.0,0.0,,,0.6172839506172839,,0.0,0.0,0.0,0.0,0.0,0.0,0.0,0.0,0.0,0.0,0.0,0.0,Shell Companies,Financial Services,CCAIU
