Quarters,Year,Quarter,FillingDate,Date,NetIncome,Revenue,OperatingIncome,EPSDiluted,GrossProfit,GrossProfitRatio,TotalAssets,CommonStockEquity,CurrentAssets,CurrentLiability,TotalLiability,Inventory,RetainedEarnings,MarketCap,EnterpriseValue,bookValuePerShare,currentRatio,debtToAssets,debtToEquity,roic,shareholdersEquityPerShare,roe,priceToSalesRatio,peRatio,pbRatio,payoutRatio,inventoryTurnover,dividendYield,assetTurnover,quickRatio,returnOnAssets,priceToFreeCashFlowsRatio,grossProfitMargin,epsdilutedGrowth,fiveYNetIncomeGrowthPerShare,fiveYRevenueGrowthPerShare,fiveYShareholdersEquityGrowthPerShare,grossProfitGrowth,netIncomeGrowth,operatingIncomeGrowth,threeYNetIncomeGrowthPerShare,threeYRevenueGrowthPerShare,threeYShareholdersEquityGrowthPerShare,Industry,Sector,Symbol
2023Q1,2023,Q1,2023-05-08,2023-03-31,12888000.0,43089000.0,24354000.0,0.82,39891000.0,0.925781522,3584558000.0,347697000.0,92014000.0,212000000.0,3236861000.0,0.0,161110000.0,265557712.95999998,544253712.96,22.10112933486532,0.4340283018867925,0.09293753930052184,0.9581330871419655,0.02990480522113285,22.10112933486532,0.03706675639996894,6.163004779874213,5.151259174425823,0.7637618758861882,0.1707790192427064,0.0,0.008288217184381042,0.012020728915531567,3.3949103773584905,0.0035954223644867793,14.316551456143188,0.925781521966163,0.06493506493506485,0.19714999345817374,0.3868790810393061,0.20038857386408393,-0.05111798287345385,0.060915377016792886,0.2176391180440978,0.7275144175838322,0.584951080443689,0.11242391393810158,Banks—Regional,Financial Services,CIVB
2022Q4,2022,Q4,2023-03-15,2022-12-31,12148000.0,42040000.0,20001000.0,0.77,42040000.0,1.0,3537830000.0,334836000.0,708215000.0,393700000.0,3202994000.0,0.0,156493000.0,345940832.39000005,817695832.3900001,21.303470622663145,1.7988696977393954,0.14601973526144557,1.5428239496350453,0.019578061803011127,21.303470622663145,0.03628044774158095,8.228849485965748,7.119296023831084,1.0331649893977948,0.1812644056634837,0.0,0.006365250337137283,0.011882990420681604,1.7704775209550419,0.003433743283312087,-62.46674474358975,1.0,0.0694444444444445,0.9767348209742818,0.5087193338822666,0.17558568175531603,0.2840169817659815,0.09323254139668827,0.2977549961069297,0.5573049529602768,0.6005165734331576,0.019382936606450338,Banks—Regional,Financial Services,CIVB
2022Q3,2022,Q3,2022-11-09,2022-09-30,11112000.0,35569000.0,15412000.0,0.72,32741000.0,0.9204925637,3241719000.0,302602000.0,51568000.0,55000000.0,2939117000.0,0.0,146546000.0,318111583.44,496219583.44,19.747842728854515,0.9376,0.06801977592752487,0.7286832208643697,0.02458244135694943,19.747842728854515,0.03672150217116873,8.943506520846805,7.156938072354213,1.0512540678515014,0.19420446364290855,0.0,0.006783783151382876,0.010972265023587793,11.883890909090908,0.003427810985467895,-15.335852260521621,0.9204925637493323,0.3584905660377357,1.0151682371542992,0.3959724499006856,0.1036869534127925,0.2166400356731448,0.44292948967666534,0.41135531135531134,0.46552272085289026,0.4273387669474807,-0.06573325081463995,Banks—Regional,Financial Services,CIVB
2022Q2,2022,Q2,2022-08-09,2022-06-30,7701000.0,29361000.0,10920000.0,0.53,26911000.0,0.9165559756,3039099000.0,302062000.0,773652000.0,0.0,2737037000.0,0.0,137592000.0,309138853.68,253358853.68,20.77331284487281,0.0,0.05881249673011639,0.5917228913269461,0.01916994776228831,20.77331284487281,0.025494765975197144,10.528893895984469,10.035672434748735,1.0234284805106237,0.26529022204908453,0.0,0.006608680777844824,0.009661087052445477,0.0,0.002533974707635388,8.59196369316287,0.9165559756139096,-0.0701754385964911,0.4967139992718119,0.18930276832878662,0.18041719645424595,-0.10481671212826825,-0.09036144578313253,-0.07071738575440388,-0.04433192537716838,0.1998945695467299,0.0013709807430630004,Banks—Regional,Financial Services,CIVB
2022Q1,2022,Q1,2022-05-10,2022-03-31,8466000.0,30062000.0,11751000.0,0.57,30062000.0,1.0,3184357000.0,327692000.0,973701000.0,0.0,2856665000.0,0.0,131934000.0,357964216.70000005,122242216.70000005,22.061918011817856,0.0,0.05611933586592207,0.5453413571280349,0.019612147465328814,22.061918011817856,0.02583523552604275,11.907531657906993,10.570641882234822,1.0923800907559538,0.2468698322702575,0.0,0.005838572411698825,0.009440524413562926,0.0,0.0026586215050636596,39.88014891934047,1.0,-0.21917808219178087,0.119084927389035,0.036139784617829344,0.14898797780989922,0.013451100697839058,-0.22910216718266255,-0.18242538092256314,-0.07994924127317225,0.1434855152208768,0.10343560620892661,Banks—Regional,Financial Services,CIVB
2021Q4,2021,Q4,2022-03-15,2021-12-31,10982000.0,29663000.0,14373000.0,0.73,29663000.0,1.0,3011983000.0,355212000.0,273354000.0,0.0,2656771000.0,0.0,125558000.0,366228774.4,278072774.4,23.666007167786322,0.0,0.059035193757733695,0.5005827505827506,0.022847715142700564,23.666007167786322,0.030916748308052657,12.346316097495196,8.337023638681478,1.0310146459016023,0.19158623201602623,0.0,0.005745042845000439,0.009848329157236279,0.0,0.0036461029162515196,58.8035925497752,1.0,0.14062499999999994,0.6673116428458492,0.05668612886803435,0.4229193688484906,-0.01989096315876425,0.138975316324414,0.0,0.5004146640644609,0.2160041195666595,0.22894652462748918,Banks—Regional,Financial Services,CIVB
2021Q3,2021,Q3,2021-11-09,2021-09-30,9642000.0,30265000.0,0.0,0.64,30265000.0,1.0,2952236000.0,348450000.0,2328694000.0,0.0,2603786000.0,0.0,116680000.0,350683843.26,208945843.26,23.08202574932622,0.0,0.03537217214341943,0.29969005596211795,0.0,23.08202574932622,0.027671114937580715,11.587108648934413,9.09261157591786,1.0064108,0.2219456544285418,0.0,0.006102362686875727,0.010251551705215979,0.0,0.0032659990596957695,25.362250904751573,1.0,0.08474576271186449,0.3958527880334316,0.007974609796539264,0.342178684618844,0.0,0.05216062854648625,0.0,3.163206216162105,0.23818980107005103,-0.07260542933428245,Banks—Regional,Financial Services,CIVB
2021Q2,2021,Q2,2021-08-09,2021-06-30,9164000.0,32210000.0,0.0,0.59,0.0,0.0,2924643000.0,352413000.0,2337478000.0,0.0,2572230000.0,0.0,109178000.0,343207828.6,210258828.60000002,22.692743728398742,0.0,0.03570589641197233,0.29631994279439183,0.0,22.692743728398742,0.026003581025671584,10.655319112076995,9.362937270842428,0.9738795918425257,0.20569620253164558,0.0,0.005492298959756304,0.01101331000057101,0.0,0.0031333738852912987,135.70890810597075,0.0,-0.1323529411764707,-0.10283157053076386,-0.035549786975635385,0.31240459303466567,0.0,-0.1481688046105224,0.0,1.0500214373473105,0.14615649233158218,0.25159109418230885,Banks—Regional,Financial Services,CIVB
2021Q1,2021,Q1,2021-05-10,2021-03-31,10758000.0,32425000.0,0.0,0.68,0.0,0.0,3057368000.0,350058000.0,2572086000.0,0.0,2707310000.0,0.0,101899000.0,364002468.72,86651468.72000003,22.06119795900927,0.0,0.05050978488687002,0.4411468956572911,0.0,22.06119795900927,0.030732050117409114,11.225982073091751,8.45887871165644,1.0398347380148434,0.17726343186465887,0.0,0.005238975457243156,0.010605527368638646,0.0,0.0035187128275039185,22.400151921230773,0.0,0.06250000000000006,0.12792680437831808,-0.07544796689060665,0.3284572680829746,0.0,0.05750516071955176,0.0,-0.009236173168094048,0.034731639712916804,0.19821976309473296,Banks—Regional,Financial Services,CIVB
2020Q4,2020,Q4,2021-03-15,2020-12-31,10173000.0,30645000.0,0.0,0.64,0.0,0.0,2762918000.0,350108000.0,2270525000.0,0.0,2412810000.0,0.0,93048000.0,278996418.57,305201418.57,21.998107615349667,0.0,0.05589271921931813,0.4410838941126738,0.0,21.998107615349667,0.029056748203411517,9.104141575134605,6.856296534208199,0.7968867280096428,0.1723188833185884,0.0,0.006283234777654228,0.011091534385023371,0.0,0.003681976808577019,41.55442635835568,0.0,0.3333333333333334,0.567228468229734,-0.006133966661620188,0.37844321805332704,0.0,0.32426451444936216,0.0,0.6347740872928878,0.08610157966754217,0.21391771305124596,Banks—Regional,Financial Services,CIVB
2020Q3,2020,Q3,2020-11-09,2020-09-30,7682000.0,28254000.0,0.0,0.48,0.0,0.0,2817993000.0,342055000.0,2322911000.0,0.0,2475938000.0,0.0,84628000.0,200890210.88,160544210.88,21.317756506105372,0.0,0.054800349042740705,0.45146833111634094,0.0,21.317756506105372,0.022458376576866293,7.110151160189708,6.537692361364227,0.5873038279808802,0.22988804998698256,0.0,0.008790871353382692,0.010026284664298314,0.0,0.002726053613334029,15.075057097403572,0.0,0.17073170731707318,0.15438324184632063,-0.10075760345312294,0.3556960680140181,0.0,0.18111931119311192,0.0,0.33042705462126115,0.05896796216176616,0.19142784631564347,Banks—Regional,Financial Services,CIVB
2020Q2,2020,Q2,2020-08-10,2020-06-30,6504000.0,28598000.0,0.0,0.41,0.0,0.0,2812153000.0,336613000.0,2314446000.0,0.0,2475540000.0,0.0,78712000.0,247079525.0,204986525.0,20.98045234626382,0.0,0.05491415296393902,0.45876718962131585,0.0,20.98045234626382,0.01932189190554138,8.63974840897965,9.497214214329643,0.7340165858121938,0.27121771217712176,0.0,0.00713940177762605,0.010169432459755923,0.0,0.002312818683762939,-16.22960621387283,0.0,-0.1276595744680851,0.016074872032348003,-0.0946346991574648,0.3678803233501136,0.0,-0.1696667943316737,0.0,0.14563566440843098,0.049860373177858935,0.19218763631296393,Banks—Regional,Financial Services,CIVB
2020Q1,2020,Q1,2020-05-11,2020-03-31,7833000.0,28544000.0,0.0,0.47,0.0,0.0,2575856000.0,328167000.0,2081525000.0,17000000.0,2247689000.0,0.0,73972000.0,247105465.20000002,162509465.20000002,19.867542452071998,122.44264705882352,0.06655146871564249,0.5223773261784397,0.0,19.867542452071998,0.02386894477506879,8.657002003923768,7.886680237456914,0.752986940185942,0.23426528788459083,0.0,0.007425979018775663,0.011081364796789882,37.007588235294115,0.0030409308594890397,9.721289791101146,0.0,0.0,0.16007034369432988,-0.10835346379269477,0.2958862541546867,0.0,-0.0008928571428571428,0.0,-0.06892487437172111,-0.11531812984437431,0.03470457164379555,Banks—Regional,Financial Services,CIVB
2019Q4,2019,Q4,2020-03-16,2019-12-31,7840000.0,26399000.0,0.0,0.47,0.0,0.0,2309557000.0,330126000.0,1821560000.0,0.0,1979431000.0,0.0,67974000.0,379121112.0,586513112.0,20.898398293366473,0.0,0.11081216008091595,0.7752403627705785,0.0,20.898398293366473,0.023748508145374797,14.36119216636994,12.089321173469388,1.148413369440759,0.2371173469387755,0.0,0.004903446263367153,0.01143033057854818,0.0,0.0033945903911442757,24.409033736801444,0.0,0.021739130434782507,0.6844930757422556,-0.039358405939408043,0.38973780705735034,0.0,0.017125064867669952,0.0,0.1309601839207777,-0.10645933881240595,0.25651680482960476,Banks—Regional,Financial Services,CIVB
2019Q3,2019,Q3,2019-11-12,2019-09-30,7708000.0,25333000.0,0.0,0.46,0.0,0.0,2269065000.0,329263000.0,1784684000.0,181100000.0,1939802000.0,0.0,62023000.0,338496271.83,541804271.8299999,21.13726379117503,9.854688017669796,0.11702044674788956,0.8064282959214975,0.0,21.13726379117503,0.023409857773269392,13.361870754746771,10.97873222074468,1.028042239273772,0.24442138038401662,0.0,0.005565792467416553,0.011164510492207142,2.346808393152954,0.0033969939159962364,314.8802528651163,0.0,-0.09803921568627448,0.6539610162376531,-0.07098875941259018,0.40593766911007184,0.0,-0.11003348343147443,0.0,0.08140053830537956,-0.182349094994981,0.2290942406781155,Banks—Regional,Financial Services,CIVB
2019Q2,2019,Q2,2019-08-09,2019-06-30,8661000.0,26300000.0,0.0,0.51,0.0,0.0,2202995000.0,324212000.0,1714777000.0,121300000.0,1878783000.0,0.0,56199000.0,346328379.92,502216379.92,20.74487202480949,14.136661170651278,0.09338514159133361,0.6345446806410621,0.0,20.74487202480949,0.02671400194934179,13.168379464638784,9.996778083362198,1.0682157968243,0.2174113843667013,0.0,0.00543703637696386,0.011938293096443705,3.4349711459192087,0.003931466026931518,49.271358645611045,0.0,-0.10526315789473675,0.9069474463204715,-0.03532428466785418,0.4037992339480574,0.0,-0.10425069810735339,0.0,-0.157434781110939,-0.217487247959995,0.19975202880402995,Banks—Regional,Financial Services,CIVB
2019Q1,2019,Q1,2019-05-10,2019-03-31,9669000.0,27625000.0,0.0,0.57,0.0,0.0,2277702000.0,312057000.0,1798689000.0,0.0,1965645000.0,0.0,49421000.0,332755204.6,325188204.6,19.993842764976545,0.0,0.06872145697725163,0.5015974645657685,0.0,19.993842764976545,0.030984723944663957,12.045437270588236,8.60366130416796,1.0663282816921267,0.16216775261143862,0.0,0.0047121727273503325,0.012128452273387828,0.0,0.00424506805543482,26.223910836157305,0.0,0.26666666666666655,1.4910006155562368,0.3232686916850233,1.0074377023318903,0.0,0.27744748315497425,0.0,0.030633362150592564,-0.19919473680968025,0.20396751742098482,Banks—Regional,Financial Services,CIVB
2018Q4,2018,Q4,2019-03-15,2018-12-31,7569000.0,25226000.0,0.0,0.45,0.0,0.0,2138954000.0,298898000.0,1662345000.0,0.0,1840056000.0,0.0,41320000.0,270382857.68,450630857.68,19.257149675377306,0.0,0.10426918951973722,0.7461642433204638,0.0,19.257149675377306,0.02532301989307389,10.718419792277809,8.930600398995905,0.9045990862434677,0.2049147839873167,0.0,0.005736310405579111,0.011793615009953464,0.0,0.0035386455248686975,-564.4736068475992,0.0,2.4516129032258065,2.603796201156292,-0.04094229603652639,0.15623256180583,0.0,3.204777162831343,0.0,0.19565939787407446,-0.16111520434310467,0.20668958590507996,Banks—Regional,Financial Services,CIVB
2018Q3,2018,Q3,2018-11-09,2018-09-30,-3433000.0,18826000.0,0.0,-0.31,0.0,0.0,2085535000.0,289388000.0,1641167000.0,0.0,1796147000.0,0.0,35302000.0,281957005.25,391730005.25,24.889110287498344,0.0,0.08368452219694227,0.6030899691763307,0.0,24.889110287498344,-0.011862965983385628,14.977000172633591,-20.532843376784154,0.9743216900839012,-0.33877075444217886,0.0,0.0041247423484612996,0.009026940329459826,0.0,-0.0016461004010961215,20.238085361039335,0.0,-2.291666666666667,-2.4532754226369655,-0.02703135949285398,0.864075520811957,0.0,-2.1390179163901792,0.0,-1.7119226554268785,-0.17312818732340568,0.5828151964989879,Banks—Regional,Financial Services,CIVB
2018Q2,2018,Q2,2018-08-08,2018-06-30,3014000.0,18948000.0,0.0,0.24,0.0,0.0,1548454000.0,189848000.0,1256637000.0,0.0,1358606000.0,0.0,39898000.0,253813137.35999998,398284137.36,18.131116331747627,0.0,0.11987892439814163,0.977766423665248,0.0,18.131116331747627,0.015875858581602124,13.395246852438252,21.05284815527538,1.3369281602123804,0.33775713337757135,0.0,0.004010824697998603,0.012236721271668386,0.0,0.0019464575634794447,-171.9601201626016,0.0,-0.5636363636363637,0.3389867735900117,0.12024932390777371,0.36799635668374964,0.0,-0.5687508942624123,0.0,-0.278522184573222,-0.08085058551421472,0.18210974964922738,Banks—Regional,Financial Services,CIVB
2018Q1,2018,Q1,2018-05-10,2018-03-31,6989000.0,20170000.0,0.0,0.55,0.0,0.0,1600305000.0,188043000.0,1305365000.0,0.0,1412262000.0,0.0,37902000.0,233475215.04,203932215.04,18.411645875402808,0.0,0.05588122264193388,0.4755667586669007,0.0,18.411645875402808,0.0371670309450498,11.575370106098164,8.351524361138933,1.241605457475152,0.14551437973959078,0.0,0.004355922746771057,0.012603847391590978,0.0,0.004367292484870071,35.875109870928085,0.0,0.7187500000000001,1.757227122155487,0.16663344235328037,0.3508937226066575,0.0,0.7560301507537689,0.0,0.6740076474079717,0.01899016306208801,0.20092350948066162,Banks—Regional,Financial Services,CIVB
2017Q4,2017,Q4,2018-03-08,2017-12-31,3980000.0,18046000.0,0.0,0.32,0.0,0.0,1525857000.0,184461000.0,1234563000.0,0.0,1341396000.0,0.0,31652000.0,223939738.0,284747738.0,18.12158054770967,0.0,0.06640661608525569,0.5493139471216137,0.0,18.12158054770967,0.021576376578246893,12.409383686135431,14.06656645728643,1.2140221401813933,0.2565326633165829,0.0,0.004559262277961582,0.01182679635116528,0.0,0.0026083702470152837,25.62826024261845,0.0,0.10344827586206906,0.5329504000137905,0.12044897037795703,0.34333178275207415,0.0,0.08743169398907104,0.0,0.3270719887393714,0.01909132990749226,0.20508018161282277,Banks—Regional,Financial Services,CIVB
2017Q3,2017,Q3,2017-11-08,2017-09-30,3660000.0,16912000.0,0.0,0.29,0.0,0.0,1496088000.0,181981000.0,1206279000.0,0.0,1314107000.0,0.0,28494000.0,227214197.56,279997197.56,17.892612273607785,0.0,0.0576015581971114,0.4735494364796325,0.0,17.892612273607785,0.02011198971321182,13.435087367549668,15.520095461748635,1.2485600010990159,0.25081967213114753,0.0,0.004040240486106004,0.01130414788434905,0.0,0.002446380159455861,67.26293592658378,0.0,0.0,1.004147718163732,0.01278568383877498,0.3147887918218227,0.0,0.017797552836484983,0.0,0.20283627143911764,-0.050114664716542114,0.1901208142536014,Banks—Regional,Financial Services,CIVB
2017Q2,2017,Q2,2017-08-08,2017-06-30,3596000.0,17254000.0,0.0,0.29,0.0,0.0,1462015000.0,178843000.0,1171227000.0,0.0,1283172000.0,0.0,25751000.0,212193563.76,265405563.76,17.59828042769284,0.0,0.06342410987575367,0.5184826915227322,0.0,17.59828042769284,0.02010702124209502,12.298224397820794,14.752055322580643,1.1864795589427597,0.25528364849833146,0.0,0.004326238664987489,0.011801520504235592,0.0,0.002459619087355465,-233.9510074531422,0.0,-0.2750000000000001,1.9139302458084784,0.006812451844307012,0.30308642867526997,0.0,-0.22416396979503775,0.0,0.2176065669985429,-0.026732987574572185,0.19087032947966198,Banks—Regional,Financial Services,CIVB
2017Q1,2017,Q1,2017-05-10,2017-03-31,4635000.0,17776000.0,0.0,0.4,0.0,0.0,1569015000.0,174737000.0,1285019000.0,0.0,1394278000.0,0.0,23073000.0,201663290.64000002,63644290.640000015,19.201173935579693,0.0,0.02831521687173163,0.254250673869873,0.0,19.201173935579693,0.026525578440742374,11.344694567956797,10.877200142394823,1.1540961023709917,0.1779935275080906,0.0,0.00409097757644326,0.011329400929882761,0.0,0.0029540826569535664,23.462861040139618,0.0,0.21212121212121213,2.036205408864952,0.12267180310520541,0.4312340921206447,0.0,0.2765078490773891,0.0,1.0479652171517277,0.4603614339982242,0.9278515361156636,Banks—Regional,Financial Services,CIVB
2016Q4,2016,Q4,2017-03-15,2016-12-31,3631000.0,15475000.0,0.0,0.33,0.0,0.0,1377263000.0,137616000.0,1120545000.0,0.0,1239647000.0,0.0,19263000.0,160767045.38,201999045.38,16.63200859156077,0.0,0.05658105968141161,0.5662640971980002,0.0,16.63200859156077,0.02638501337053831,10.38882361098546,11.069061235196916,1.1682293147599117,0.23106582208757917,0.0,0.0052187312270178384,0.011236052954301393,0.0,0.002636388256999571,30.645643419748378,0.0,-0.029411764705882377,1.2716653355281697,0.11054281735554733,0.2503720131772521,0.0,-0.013315217391304347,0.0,2.2430581827434755,0.10365612556211608,-0.001385447692424446,Banks—Regional,Financial Services,CIVB
2016Q3,2016,Q3,2016-11-09,2016-09-30,3680000.0,15996000.0,0.0,0.34,0.0,0.0,1372280000.0,138309000.0,1111009000.0,0.0,1233971000.0,0.0,16471000.0,114041543.96,145239543.95999998,17.197431321062236,0.0,0.04694887340775935,0.46581928869415584,0.0,17.197431321062236,0.026607089921841673,7.129378842210552,7.747387497282608,0.8245417431982012,0.23070652173913042,0.0,0.007444655434494874,0.011656513248025184,0.0,0.002681668464161833,45.12922198654531,0.0,-0.27659574468085096,1.9563615611081957,0.17001337482172246,0.2927788604582593,0.0,-0.289712410731519,0.0,1.2521962595160137,0.19518868404841574,0.2880054922067324,Banks—Regional,Financial Services,CIVB
2016Q2,2016,Q2,2016-08-09,2016-06-30,5181000.0,16940000.0,0.0,0.47,0.0,0.0,1359911000.0,136203000.0,1099637000.0,0.0,1223708000.0,0.0,13640000.0,103190258.89999999,138145258.89999998,17.290966405357086,0.0,0.056420603995408526,0.5633282673656234,0.0,17.290966405357086,0.03803880971784762,6.091514693034238,4.979263602586373,0.75762104285515,0.15112912565141864,0.0,0.007587925530439773,0.012456697533882732,0.0,0.0038098081418563422,-10.311807624662736,0.0,0.09302325581395345,8.693520351837284,0.307368531340635,0.33492256435141343,0.0,0.09650793650793651,0.0,2.059572205196681,0.33130877912359746,0.30460687655792223,Banks—Regional,Financial Services,CIVB
2016Q1,2016,Q1,2016-05-10,2016-03-31,4725000.0,17374000.0,0.0,0.43,0.0,0.0,1506896000.0,130540000.0,1245450000.0,0.0,1376356000.0,0.0,9242000.0,81043981.96000001,-86436018.03999999,16.606629726859488,0.0,0.031141498816109406,0.3594836831622491,0.0,16.606629726859488,0.036195802053010574,4.66467030965811,4.288041373544973,0.6208363870078137,0.1657142857142857,0.0,0.009661420639307392,0.01152966097195825,0.0,0.0031355846720676145,4.629497427167829,0.0,0.48275862068965525,5.152926966727111,0.3064631041532341,0.3047502531406717,0.0,0.47702407002188185,0.0,1.4219310015397355,0.3056620844695105,0.21845662269869123,Banks—Regional,Financial Services,CIVB
2015Q4,2015,Q4,2016-03-15,2015-12-31,3199000.0,15196000.0,0.0,0.29,0.0,0.0,1315041000.0,125173000.0,1058892000.0,0.0,1189868000.0,0.0,5300000.0,100633105.74,165699105.74,15.958660703061792,0.0,0.07652004766391314,0.8039033976975866,0.0,15.958660703061792,0.025556629624599553,6.6223417833640426,7.864419016880276,0.8039521761082662,0.24476398874648328,0.0,0.007780739690405584,0.011555533249533664,0.0,0.002432623773707436,-273.4595264673913,0.0,-0.03333333333333337,8.033536545995695,0.13491206404291775,0.2687780518861469,0.0,-0.016600061481709193,0.0,0.5990186765038156,0.22443202186591601,0.18299703914562357,Banks—Regional,Financial Services,CIVB
2015Q3,2015,Q3,2015-11-06,2015-09-30,3253000.0,15359000.0,0.0,0.3,0.0,0.0,1313331000.0,123337000.0,1055469000.0,0.0,1189994000.0,0.0,2884000.0,79455445.14,147463445.14,15.724583857010156,0.0,0.0773811019461202,0.8239782060533335,0.0,15.724583857010156,0.026374891557278027,5.17321734097272,6.10632071472487,0.6442141866593155,0.24100830003074086,0.0,0.009867165159273814,0.011694690828130913,0.0,0.00247690795389738,93.91896588652483,0.0,0.03448275862068969,3.2948576773195564,0.1637127002598358,0.2248621793111291,0.0,0.04196028187059577,0.0,1.3097808847587733,0.1926790772319297,0.15547726039729393,Banks—Regional,Financial Services,CIVB
2015Q2,2015,Q2,2015-08-07,2015-06-30,3122000.0,15406000.0,0.0,0.29,0.0,0.0,1317272000.0,120022000.0,1060666000.0,0.0,1197250000.0,0.0,414000.0,84511900.80000001,134146900.80000001,15.337929779470775,0.0,0.06432004931403688,0.7059289130326107,0.0,15.337929779470775,0.026011897818733233,5.485648500584189,6.767448814862268,0.7041367482628186,0.25080076873798846,0.0,0.009264967331086227,0.011695382578541106,0.0,0.0023700496176947508,-704.2658400000001,0.0,0.0,12.87342599861807,0.1799349642563606,0.1815968346291906,0.0,-0.01545253863134658,0.0,2.2854886043184615,0.16749835169264918,0.1357159707576568,Banks—Regional,Financial Services,CIVB
2015Q1,2015,Q1,2015-05-08,2015-03-31,3171000.0,15034000.0,0.0,0.29,0.0,0.0,1407239000.0,118927000.0,1148193000.0,0.0,1288312000.0,0.0,-1924000.0,85639134.72,-9772865.280000001,15.331239442023172,0.0,0.033346858635953096,0.394586595138194,0.0,15.331239442023172,0.02666341537245537,5.696363889849674,6.75174508987701,0.720098335281307,0.24881740775780511,0.0,0.009213077672721259,0.01068333097647237,0.0,0.0022533485783154104,6.73475422459893,0.0,0.38095238095238093,86.52408384305544,0.19584915939070976,0.18951050507062184,0.0,0.3963011889035667,0.0,1.4368654434261376,0.11390259481833917,0.1427734906993746,Banks—Regional,Financial Services,CIVB
2014Q4,2014,Q4,2015-03-13,2014-12-31,2271000.0,13409000.0,0.0,0.21,0.0,0.0,1213191000.0,115909000.0,964555000.0,0.0,1097282000.0,0.0,-4306000.0,79237386.75999999,144006386.76,15.037655439206208,0.0,0.07799843553076144,0.8163904442277994,0.0,15.037655439206208,0.019592956543495327,5.909268905958684,8.722741827388816,0.6836172062566324,0.3487450462351387,0.0,0.009995281676803245,0.011052670189607407,0.0,0.0018719228876574257,21.91905581189488,0.0,0.0,80.10714285714285,-0.01062495388474879,0.17320363978663325,0.0,-0.015177797051170859,0.0,0.5251846877098721,0.03297126569601722,0.13051068976279645,Banks—Regional,Financial Services,CIVB
2014Q3,2014,Q3,2014-11-07,2014-09-30,2306000.0,13493000.0,0.0,0.21,0.0,0.0,1181999000.0,115883000.0,930183000.0,0.0,1066116000.0,0.0,-5785000.0,76925011.66,108424011.66,15.034282284046391,0.0,0.047061799544669665,0.4800272688832702,0.0,15.034282284046391,0.019899381272490357,5.701105140443192,8.339658679531658,0.6638161909857356,0.34301821335646143,0.0,0.010282741372807741,0.011415407288838653,0.0,0.0019509322765924506,25.44658010585511,0.0,0.0,3.6212424849699394,0.09414531300681152,0.1559055589358923,0.0,0.029464285714285714,0.0,0.9329421626152555,0.029764176142868047,0.13016891628306165,Banks—Regional,Financial Services,CIVB
2014Q2,2014,Q2,2014-08-08,2014-06-30,2240000.0,13446000.0,0.0,0.21,0.0,0.0,1185130000.0,113905000.0,935809000.0,0.0,1071225000.0,0.0,-7300000.0,69448332.17,86482332.17,14.777663018426379,0.0,0.0564722857408048,0.587568587858303,0.0,14.777663018426379,0.019665510732628066,5.164980824780604,7.7509299296875005,0.6097039828804706,0.3535714285714286,0.0,0.011404161557995268,0.011345590779070651,0.0,0.0018900880072228363,33.91031844238282,0.0,-0.0454545454545455,5.054054054054054,0.09629025682837344,0.1541111505142105,0.0,-0.17404129793510326,0.0,3.2829827915869974,0.060493729789415564,0.14088682779274625,Banks—Regional,Financial Services,CIVB
2014Q1,2014,Q1,2014-05-09,2014-03-31,2712000.0,14586000.0,0.0,0.22,0.0,0.0,1250887000.0,108611000.0,994834000.0,0.0,1142276000.0,0.0,-8747000.0,100651747.04,48080747.04000001,9.959882063463883,0.0,0.053677110722231504,0.6182062590345361,0.0,9.959882063463883,0.024969846516467026,6.900572263814618,9.27836901179941,0.9267178005911004,0.35508849557522126,0.0,0.009567643168849262,0.011660525690969687,0.0,0.002168061543528712,17.611854250218723,0.0,1.2,1.525604381585884,-0.1586518458500131,-0.22820231152451168,0.0,1.6001917545541706,0.0,1.5457287192877633,-0.20936500912929912,-0.21747164492158053,Banks—Regional,Financial Services,CIVB
2013Q4,2013,Q4,2014-03-14,2013-12-31,1043000.0,13062000.0,0.0,0.1,0.0,0.0,1167546000.0,128376000.0,911569000.0,0.0,1039170000.0,0.0,-10823000.0,50255618.839999996,83525618.84,16.655083338339008,0.0,0.05751636338097171,0.5230962173615006,0.0,16.655083338339008,0.008124571571010158,3.8474673740621648,12.045929731543623,0.3914720729731414,0.573346116970278,0.0,0.011899166974818612,0.01118756777034909,0.0,0.0008933266869142629,10.344919481268011,0.0,-0.411764705882353,1.0250564551001777,0.06532909224369951,0.6755550334782098,0.0,-0.3339719029374202,0.0,1.997126436781609,-0.007295941632466915,0.3241464672511603,Banks—Regional,Financial Services,CIVB
2013Q3,2013,Q3,2013-10-31,2013-09-30,1566000.0,12827000.0,0.0,0.17,0.0,0.0,1147787000.0,102916000.0,891212000.0,0.0,1044871000.0,0.0,-11268000.0,53801260.660000004,70870260.66,13.351986016455548,0.0,0.05851434107547829,0.652590462124451,0.0,13.351986016455548,0.015216292899063314,4.194375977235519,8.588962429757345,0.522768672120953,0.3818646232439336,0.0,0.011114981185647185,0.011175418435650517,0.0,0.0013643646425686995,-45.98398347008548,0.0,-0.055555555555555455,0.273170731707317,-0.010491398596003941,-0.15848174132038134,0.0,-0.05491852745926373,0.0,2.124192390524049,-0.011025443330763265,0.040049316342101834,Banks—Regional,Financial Services,CIVB
2013Q2,2013,Q2,2013-08-09,2013-06-30,1657000.0,12451000.0,0.0,0.18,0.0,0.0,1143248000.0,102159000.0,886526000.0,0.0,1041089000.0,0.0,-12544000.0,55959477.42,63526477.42,13.253775306610073,0.0,0.06094128308118624,0.6819859239029357,0.0,13.253775306610073,0.01621981421118061,4.494376148100554,8.44289037718769,0.5477684532933956,0.36089318044659024,0.0,0.010686304225319194,0.010890900312093265,0.0,0.0014493793122752018,11.44365591411043,0.0,-0.14285714285714285,14.780952380952382,-0.019992129083038115,-0.1619373415696602,0.0,-0.1338212232096184,0.0,7.397683397683397,-0.03187932509136152,0.021038639134867143,Banks—Regional,Financial Services,CIVB
2013Q1,2013,Q1,2013-05-09,2013-03-31,1913000.0,13048000.0,0.0,0.21,0.0,0.0,1173686000.0,105053000.0,911154000.0,0.0,1068633000.0,0.0,-13295000.0,58426010.86,37614010.86,13.629233423245216,0.0,0.059368519348445836,0.6632842469991338,0.0,13.629233423245216,0.018209855977458996,4.477775203862661,7.635390859905907,0.5561574715619735,0.27234709879769997,0.0,0.008917261204918073,0.011117113094984518,0.0,0.0016299078288400815,22.41120477943997,0.0,-0.17667214140386578,0.4580792682926831,0.06828229900114612,-0.15576003535982638,0.0,-0.02695829094608342,0.0,52.138888888888886,0.044508485430675565,0.057456339020584835,Banks—Regional,Financial Services,CIVB
2012Q4,2012,Q4,2013-03-19,2012-12-31,1966000.0,12196000.0,0.0,0.25506242477701824,0.0,0.0,1136971000.0,103980000.0,875418000.0,0.0,1032991000.0,0.0,-14687000.0,40466564.25,64023564.25,13.49002590453426,0.0,0.06129268028823954,0.6702058088093864,0.0,13.49002590453426,0.018907482208116947,3.3180193711052803,5.145799116225839,0.3891764209463358,0.2650050864699898,0.0,0.012874826653957904,0.010726746768387233,0.0,0.0017291558008075843,9.596055074697652,0.0,0.8218744626929873,-0.10146252285191946,0.2327908622258162,-0.17578236469133451,0.0,0.42052023121387283,0.0,69.21428571428572,-0.10012543348336166,0.05246110711863726,Banks—Regional,Financial Services,CIVB
2012Q3,2012,Q3,2012-11-08,2012-09-30,1384000.0,12655000.0,0.0,0.14,0.0,0.0,1121875000.0,104895000.0,853488000.0,0.0,1016980000.0,0.0,-16132000.0,41083197.61,71919197.61,13.608735018812476,0.0,0.062125459610027856,0.6644453977787311,0.0,13.608735018812476,0.01319414652747986,3.2464004433030422,7.4210978341763,0.3916602088755422,0.3764450867052023,0.0,0.012681583477163038,0.011280222841225627,0.0,0.0012336490250696378,13.079655399554282,0.0,0.7500000000000001,-0.34036862193156686,-0.02153578085882677,-0.046137215506950616,0.0,0.47863247863247865,0.0,1.7735470941883769,0.026192020759000935,0.04630285377993687,Banks—Regional,Financial Services,CIVB
2012Q2,2012,Q2,2012-08-14,2012-06-30,936000.0,12998000.0,0.0,0.08,0.0,0.0,1109372000.0,104096000.0,839671000.0,50278000.0,1005276000.0,0.0,-16488000.0,45553789.47,71069789.47,13.505075366016525,16.70056485938184,0.07184695485373707,0.7656874423608976,0.0,13.505075366016525,0.008991699969259146,3.504676832589629,12.167144623397435,0.4376132557446972,0.5566239316239316,0.0,0.011437028753515904,0.011716538726414583,1.1516170094275826,0.0008437205914697685,9.819743364949343,0.0,-0.38461538461538464,-0.6652306579665983,-0.016193792531007518,-0.03697522502980521,0.0,-0.27610208816705334,0.0,1.5297297297297299,0.05976355483081942,0.05472415015958257,Banks—Regional,Financial Services,CIVB
2012Q1,2012,Q1,2012-05-10,2012-03-31,1293000.0,13411000.0,0.0,0.13,0.0,0.0,1133434000.0,103408000.0,863320000.0,0.0,1030026000.0,0.0,-16899000.0,43087256.03,35870256.03,13.41581649101826,0.0,0.07032963542650035,0.7708687915828563,0.0,13.41581649101826,0.012503868172675228,3.2128294705838494,8.330869302010829,0.4166723660645211,0.402938901778809,0.0,0.012091742385201968,0.011832184317745895,0.0,0.0011407810247442728,10.796105244299675,0.0,-0.3270455271994627,-0.27316056592427185,0.07416535776272198,-0.05230730679382436,0.0,-0.13163196776359973,0.0,0.7035573122529644,0.09441814917577933,0.03960027747338364,Banks—Regional,Financial Services,CIVB
2011Q4,2011,Q4,2012-03-15,2011-12-31,1489000.0,12981000.0,0.0,0.19317800126804688,0.0,0.0,1112977000.0,102528000.0,849349000.0,0.0,1010449000.0,0.0,-17667000.0,31062905.51,58657905.510000005,13.301648162532109,0.0,0.07162951255955874,0.777563202247191,0.0,13.301648162532109,0.0145228620474407,2.3929516608889916,5.215397164204163,0.302969974153402,0.3498992612491605,0.0,0.01677241685689305,0.011663313797140463,0.0,0.0013378533428812995,11.395049710198093,0.0,0.609816677233724,-0.34586883009477193,-0.014270113136854525,-0.08695111622421849,0.0,0.24811399832355407,0.0,1.0357709124105126,0.05872277954489846,0.33818865264889003,Banks—Regional,Financial Services,CIVB
2011Q3,2011,Q3,2011-11-09,2011-09-30,1193000.0,13103000.0,0.0,0.12,0.0,0.0,1145185000.0,102536000.0,875929000.0,2339000.0,1042649000.0,0.0,-18630000.0,25667363.61,41987363.61,13.302686056427437,374.48867037195384,0.08912883071294157,0.9954455020675665,0.0,13.302686056427437,0.011634937973004604,1.9588921323361062,5.378743422045264,0.2503253843528127,0.24308466051969824,0.0,0.011298394506205385,0.011441819444019962,38.824283882000856,0.001041753079196811,5.320763600746268,0.0,3.0,-0.34150425337019286,0.06368758687688396,-0.07081595531046295,0.0,1.2810707456978967,0.0,-0.030081300813008152,0.010799969142945351,-0.16158890578750265,Banks—Regional,Financial Services,CIVB
2011Q2,2011,Q2,2011-08-09,2011-06-30,523000.0,12679000.0,0.0,0.03,0.0,0.0,1089102000.0,99839000.0,821798000.0,1659000.0,989263000.0,0.0,-19529000.0,29213005.43,68346005.43,12.952786076964763,495.3574442435202,0.07473771969934864,0.8152826049940404,0.0,12.952786076964763,0.005238433878544457,2.3040464886820726,13.964151735181643,0.29260114213884353,0.5525812619502868,0.0,0.009892854081463813,0.011641701144612718,27.916817359855333,0.00048021213807338523,20.851538493932903,0.0,-0.5,-0.7863979503197196,-0.052640323203436534,-0.09206868922045602,0.0,-0.3054448871181939,0.0,3.9809523809523815,-0.002046438410074657,-0.18096949113610447,Banks—Regional,Financial Services,CIVB
2011Q1,2011,Q1,2011-05-10,2011-03-31,753000.0,13040000.0,0.0,0.06,0.0,0.0,1118597000.0,98105000.0,858819000.0,1392000.0,1020492000.0,0.0,-19759000.0,32219093.06,19514093.060000002,12.727822575152276,616.9676724137931,0.07253550653184301,0.8270526476734111,0.0,12.727822575152276,0.007675449773202181,2.4707893450920246,10.696910046480744,0.328414383160899,0.3851261620185923,0.0,0.009000874092264098,0.011657460193438746,71.25574712643679,0.0006731646875505656,5.702494346902655,0.0,0.3289512068965516,-0.6364463502426079,0.02488251932144763,-0.07321352082682044,0.0,1.1637931034482758,0.0,-0.42606707317073167,0.06762731291960039,-0.21159641579941327,Banks—Regional,Financial Services,CIVB
2010Q4,2010,Q4,2011-03-16,2010-12-31,348000.0,13158000.0,0.0,0.04514838444679672,0.0,0.0,1100622000.0,96950000.0,855202000.0,2008000.0,1003672000.0,0.0,-20218000.0,30677509.66,33409509.659999996,12.5779766440142,425.89741035856576,0.07428708493924345,0.8433419288292935,0.0,12.5779766440142,0.0035894791129448167,2.331472082383341,22.03844084770115,0.31642609241877256,0.8333333333333334,0.0,0.009453179323031139,0.011955058139851829,41.5398406374502,0.00031618484820401555,5.252098897449067,0.0,1.2052199293036214,-0.8722703589588154,0.009480103738336748,-0.18054864802728796,0.0,1.2498205312275663,0.0,-0.8409506398537476,0.33003133528757705,-0.23150702305082596,Banks—Regional,Financial Services,CIVB
2010Q3,2010,Q3,2010-11-09,2010-09-30,-1393000.0,12970000.0,0.0,-0.22,0.0,0.0,1116364000.0,98953000.0,865452000.0,754000.0,1017411000.0,0.0,-20271000.0,31139984.68,85549984.68,12.837839328057113,1147.814323607427,0.0721225335105754,0.8136691156407587,0.0,12.837839328057113,-0.014077390276191728,2.4009240308404007,-5.588654824120603,0.3146947003122695,-0.2074659009332376,0.0,0.009280672517016794,0.011618074391506713,41.76923076923077,-0.0012478008964817927,59.6551430651341,0.0,-5.547265405405406,-1.669507258154968,0.02670749855796185,-0.12894908069343541,0.0,-4.378378378378378,0.0,-1.6639208884749477,0.0028195118341380336,-0.10017079828456354,Banks—Regional,Financial Services,CIVB
2010Q2,2010,Q2,2010-08-09,2010-06-30,-259000.0,12861000.0,0.0,-0.03360181486126537,0.0,0.0,1118564000.0,100054000.0,856906000.0,733000.0,1018510000.0,0.0,-18584000.0,35456418.199999996,108454418.19999999,12.98067947540172,1169.0395634379263,0.0853791110745563,0.9545045675335319,0.0,12.98067947540172,-0.0025886021548363882,2.7568943472513796,-34.22434189189189,0.35437282067683445,-1.1196911196911197,0.0,0.008179055153405203,0.011497777507590089,37.45156889495225,-0.00023154687617337944,4.566183927881519,0.0,-8.194444444444445,-1.1326560361041205,0.008723365212107993,-0.12096776680665686,0.0,-8.194444444444445,0.0,-1.0926338243447127,-0.026563191701899334,-0.07436903593924961,Banks—Regional,Financial Services,CIVB
2010Q1,2010,Q1,2010-05-10,2010-03-31,36000.0,12492000.0,0.0,0.004670522528978971,0.0,0.0,1106415000.0,99345000.0,841250000.0,1328000.0,1007070000.0,0.0,-18032000.0,34531468.160000004,111245468.16,12.888696128928217,633.4713855421687,0.08686433209961904,0.9674165785897629,0.0,12.888696128928217,0.0003623735467310886,2.764286596221582,239.80186222222224,0.34759140530474614,8.055555555555555,0.0,0.008398136987871412,0.011290519380160248,18.871987951807228,3.2537519827551145e-05,9.188788759978713,0.0,0.2857142857142858,-0.9832155928986154,-0.0563575445242005,-0.12519763824443117,0.0,0.2857142857142857,0.0,-0.9797631712090284,0.0005572775461876973,-0.08954306623696891,Banks—Regional,Financial Services,CIVB
2009Q4,2009,Q4,2010-03-16,2009-12-31,28000.0,13553000.0,0.0,0.0036326286336503103,0.0,0.0,1102812000.0,98797000.0,832224000.0,2394000.0,1004015000.0,0.0,-17774000.0,35841814.050000004,126084814.05000001,12.817600397098204,347.62907268170426,0.10626017852544223,1.186119011710882,0.0,12.817600397098204,0.0002834094152656457,2.644566815465211,320.01619687500005,0.36278241292751806,15.892857142857142,0.0,0.012415666221001443,0.012289492678715864,13.520050125313283,2.538964030133876e-05,-8.1218703942896,0.0,-0.878912378878323,-0.976740755466022,0.18984883160887803,-0.15616793237607943,0.0,-0.9438877755511023,0.0,-0.987699346704267,0.029165484681935947,-0.12017701924941598,Banks—Regional,Financial Services,CIVB
2009Q3,2009,Q3,2009-11-09,2009-09-30,499000.0,12332000.0,0.0,0.03,0.0,0.0,1103720000.0,100253000.0,837364000.0,1468000.0,1003467000.0,0.0,-17353000.0,40389485.08,128367485.08,13.00649708604802,570.4114441416893,0.10081361214800855,1.1098919733075319,0.0,13.00649708604802,0.00497740715988549,3.2751771878040867,20.235212965931865,0.40287557559374787,0.7354709418837675,0.0,0.009086523367977535,0.011173123618308991,20.09400544959128,0.00045210741854818254,5.462467552069245,0.0,1.9999999999999996,-0.7575157625200136,0.014262996286805699,-0.021006197626717585,0.0,0.34864864864864864,0.0,-0.7245688369084042,0.0010986278993920008,-0.09150456393598193,Banks—Regional,Financial Services,CIVB
2009Q2,2009,Q2,2009-08-10,2009-06-30,370000.0,12265000.0,0.0,0.01,0.0,0.0,1100668000.0,98695000.0,857330000.0,1343000.0,1001973000.0,0.0,-17481000.0,38616664.17,69408664.17,12.804367249932763,638.3693224125093,0.0828187973121777,0.9236131516287552,0.0,12.804367249932763,0.00374892345103602,3.1485254113330616,26.092340655405405,0.39127275110187953,2.2405405405405405,0.0,0.021467416148389703,0.011143233018494224,48.922561429635145,0.0003361594958697809,88.77394062068966,0.0,-0.888888888888889,-0.8275494010067497,0.024670233585214512,-0.04845787655542631,0.0,-0.5125164690382081,0.0,-0.848885739231924,-0.0835739067820924,-0.10247217302469892,Banks—Regional,Financial Services,CIVB
2009Q1,2009,Q1,2009-05-11,2009-03-31,759000.0,12254000.0,0.0,0.09,0.0,0.0,1124399000.0,99469000.0,877918000.0,1504000.0,1024930000.0,0.0,-17017000.0,57886456.67,127115456.67,12.904783484305812,583.7220744680851,0.08125674249087735,0.9185273803898703,0.0,12.904783484305812,0.007630518050850014,4.723882542027093,19.066685332674574,0.5819547464034021,1.616600790513834,0.0,0.021196667935557027,0.010898266540614142,18.82912234042553,0.0006750272812409118,17.258931624925463,0.0,1.0166653661173304,-0.5738431452336337,0.06025649929412108,-0.058265141181678276,0.0,1.0182337961850767,0.0,-0.6335495084118716,-0.036893374864645744,-0.060327972102573846,Banks—Regional,Financial Services,CIVB
2008Q4,2008,Q4,2009-03-16,2008-12-31,-41626000.0,12261000.0,0.0,-5.400421410868851,0.0,0.0,1053611000.0,76617000.0,835956000.0,3986000.0,976994000.0,0.0,-16546000.0,46170422.83,143416422.82999998,9.940039572299494,209.72303060712494,0.1175908376051503,1.617069318819583,0.0,9.940039572299494,-0.5432997898638683,3.7656327240844956,-0.2772931751189161,0.6026132950911678,-0.027771104598087733,0.0,0.02503767410266968,0.011637122239612153,8.13171098845961,-0.03950793983737831,6.640359964044297,0.0,-34.75263381793032,-39.44613471916455,0.007718909944232328,-0.2762352695057283,0.0,-34.84227642276423,0.0,-16.278373672357322,-0.05933762335189637,-0.352409445754582,Banks—Regional,Financial Services,CIVB
2008Q3,2008,Q3,2008-11-10,2008-09-30,1230000.0,12963000.0,0.0,0.16,0.0,0.0,1099745000.0,122298000.0,841285000.0,3228000.0,977447000.0,0.0,26236000.0,75845903.28,205666903.28,15.866543451363059,260.6211276332094,0.14620207411718172,1.3146985232792032,0.0,15.866543451363059,0.010057400775155767,5.85095296459153,15.415833999999998,0.6201728832850906,1.2536585365853659,0.0,0.02033069596794708,0.011787277959890702,11.594795539033457,0.0011184410931625059,11.101566639344263,0.0,15.0,-0.38547869919573685,0.06501341917377997,0.11328864119764818,0.0,10.714285714285714,0.0,-0.40883422287824067,0.026153377317413955,0.07654932472339632,Banks—Regional,Financial Services,CIVB
2008Q2,2008,Q2,2008-08-11,2008-06-30,105000.0,12705000.0,0.0,0.01,0.0,0.0,1108704000.0,121899000.0,863273000.0,4381000.0,986805000.0,0.0,25005000.0,92340845.66,215668845.66,15.814778493333543,197.04930381191508,0.13496208185412878,1.2275162224464515,0.0,15.814778493333543,0.0008613688381364901,7.268071283746556,219.85915633333335,0.757519304178049,20.552380952380954,0.0,0.023369939755000502,0.011459325482725777,7.491212052042912,9.470516927872543e-05,24.51960851301115,0.0,-0.9411764705882353,-0.959739230761653,0.0018421557253343805,0.09808371693611269,0.0,-0.9199695121951219,0.0,-0.9462205259037348,-0.003512140967278543,0.070953187219255,Banks—Regional,Financial Services,CIVB
2008Q1,2008,Q1,2008-05-12,2008-03-31,1312000.0,12214000.0,0.0,0.17,0.0,0.0,1129152000.0,124435000.0,869898000.0,1696000.0,1004717000.0,0.0,26441000.0,113229300.72999999,208494300.73,16.143790858152727,512.9115566037735,0.10719991639743807,0.9727568610117732,0.0,16.143790858152727,0.010543657331136738,9.270452000163745,21.575705169588414,0.9099473679431028,1.6448170731707317,0.0,0.019058671086787344,0.010816967069092558,19.222287735849058,0.0011619339114663039,77.87434713204951,0.0,-0.40112162248628874,-0.5369056056786037,-0.05051950632922829,0.13272613514688816,0.0,-0.40036563071297987,0.0,-0.38830160786064977,-0.07735759276485626,0.09573739881276568,Banks—Regional,Financial Services,CIVB
2007Q4,2007,Q4,2008-03-17,2007-12-31,2188000.0,9893000.0,0.0,0.2838639803723885,0.0,0.0,1119257000.0,126156000.0,862820000.0,2259000.0,993101000.0,0.0,29446000.0,108373313.02000001,198684313.02,16.367067782385305,381.9477644975653,0.10511973568179604,0.9326231015568027,0.0,16.367067782385305,0.017343606328672437,10.954544932780756,12.382691158592323,0.8590420829766322,0.6649908592321755,0.0,0.013425814524388341,0.008838899376997418,15.266489597166888,0.001954868274221202,-40.37753838301044,0.0,0.051348075453290766,-0.1765158284713273,-0.22624945959006404,0.14911317863975038,0.0,0.49147920927062033,0.0,0.8175438228694265,-0.13147092960181286,0.07750719478489557,Banks—Regional,Financial Services,CIVB
2007Q3,2007,Q3,2007-11-09,2007-09-30,1467000.0,9043000.0,0.0,0.27,0.0,0.0,776564000.0,76889000.0,620329000.0,3001000.0,699675000.0,0.0,27258000.0,93558253.3893,192972253.3893,14.266973447386489,206.7074308563812,0.1469241427622192,1.483905370078945,0.0,14.266973447386489,0.019079452197323415,10.34593092881787,15.94380596273006,1.2167963348372328,0.9925017041581459,0.0,0.015562496597082889,0.011644886963598621,6.813728757080973,0.0018890909184561737,30.948810251174333,0.0,-0.24999999999999992,-0.33877015129077076,-0.0005342664189846649,-0.0866257068099821,0.0,-0.25532994923857866,0.0,0.01957164957566345,0.06373700067867787,0.07386935092601989,Banks—Regional,Financial Services,CIVB
2007Q2,2007,Q2,2007-08-09,2007-06-30,1970000.0,9309000.0,0.0,0.36,0.0,0.0,774740000.0,76161000.0,620626000.0,1801000.0,698579000.0,0.0,27246000.0,98679743.72000001,200692743.72000003,14.023601175197701,344.6007773459189,0.1543459741332576,1.5700686703168287,0.0,14.023601175197701,0.02586625700818004,10.600466615103665,12.52281011675127,1.2956728997781017,0.8010152284263959,0.0,0.015991123816428976,0.012015643957972997,12.710716268739588,0.002542788548416243,2596.835361052632,0.0,0.5652173913043477,-0.028889883446409102,0.09439623499207574,-0.0776658659120518,0.0,0.5647339158061954,0.0,0.30314623356220577,0.10378259562650562,0.04214811869422988,Banks—Regional,Financial Services,CIVB
2007Q1,2007,Q1,2007-05-10,2007-03-31,1259000.0,8836000.0,0.0,0.23,0.0,0.0,753430000.0,77224000.0,597940000.0,1742000.0,676206000.0,0.0,26730000.0,108010974.5449,172762974.5449,14.156294110098807,343.2491389207807,0.106527480986953,1.0393271521806693,0.0,14.156294110098807,0.016303221796332746,12.223967241387506,21.44777095808181,1.3986710678662073,1.2581413820492455,0.0,0.014665176447801919,0.011727698658136788,11.87715269804822,0.0016710245145534423,50.12110187698376,0.0,-0.22118373680943518,-0.33677775446834746,0.04113796423551075,0.1793479719201015,0.0,-0.21849782743637491,0.0,-0.001178813272356055,0.08024704690335197,0.033064650125873944,Banks—Regional,Financial Services,CIVB
