Quarters,Year,Quarter,FillingDate,Date,NetIncome,Revenue,OperatingIncome,EPSDiluted,GrossProfit,GrossProfitRatio,TotalAssets,CommonStockEquity,CurrentAssets,CurrentLiability,TotalLiability,Inventory,RetainedEarnings,MarketCap,EnterpriseValue,bookValuePerShare,currentRatio,debtToAssets,debtToEquity,roic,shareholdersEquityPerShare,roe,priceToSalesRatio,peRatio,pbRatio,payoutRatio,inventoryTurnover,dividendYield,assetTurnover,quickRatio,returnOnAssets,priceToFreeCashFlowsRatio,grossProfitMargin,epsdilutedGrowth,fiveYNetIncomeGrowthPerShare,fiveYRevenueGrowthPerShare,fiveYShareholdersEquityGrowthPerShare,grossProfitGrowth,netIncomeGrowth,operatingIncomeGrowth,threeYNetIncomeGrowthPerShare,threeYRevenueGrowthPerShare,threeYShareholdersEquityGrowthPerShare,Industry,Sector,Symbol
2023Q1,2023,Q1,2023-05-11,2023-03-31,3209000.0,25990000.0,2977000.0,0.03,25990000.0,1.0,81736000.0,26837000.0,79488000.0,35663000.0,54899000.0,0.0,-403757000.0,99872909.22,52897909.22,0.34126361458963816,2.2288646496368787,0.012246745620045024,0.037299251034020195,0.09637640659449868,0.34126361458963816,0.11957372284532548,3.842743717583686,7.780687848239326,3.7214632492454447,0.0,0.0,0.0,0.3179749437212489,2.0694276981745787,0.0392605461485759,-9.0859633569869,1.0,1.1578947368421053,1.050905625992812,0.0,-0.8599642092481813,1.5433016929249437,1.239889362338342,1.2243913469510816,1.1062502110397212,3.9451603577618384,-0.7596556269346801,Biotechnology,Healthcare,CDTX
2022Q4,2022,Q4,2023-03-23,2022-12-31,-13377000.0,10219000.0,-13267000.0,-0.19,10219000.0,1.0,47593000.0,-2904000.0,45094000.0,29972000.0,50497000.0,0.0,-406966000.0,54374861.607,22960861.607,-0.04039173866545084,1.5045375683971707,0.027672136658752337,-0.4535123966942149,50.15689770655814,-0.04039173866545084,4.606404958677686,5.320957198062433,-1.016200598172236,-18.72412589772727,0.0,0.0,0.0,0.21471644989809427,1.2866675563859602,-0.28107074569789675,-2.5879235451430205,1.0,-2.117647058823529,0.7299518276787111,0.0,-1.0131763815906696,-0.7491900647948164,-1.8931098945119509,-1.8890303558265764,0.5585259111078685,1.605668697283859,-1.0355214184356536,Biotechnology,Healthcare,CDTX
2022Q3,2022,Q3,2022-11-03,2022-09-30,14978000.0,40744000.0,14923000.0,0.17,40744000.0,1.0,66858000.0,9067000.0,63899000.0,33049000.0,57791000.0,0.0,-393589000.0,44096894.58,-7360105.420000002,0.12912646240133493,1.9334624345668552,0.024245415657064225,0.1787801919047094,1.2212686712358616,0.12912646240133493,1.6519245615970002,1.0822917381700372,0.7360277503672052,4.863449275394287,0.0,0.0,0.0,0.6094109904573873,1.758600865381706,0.22402704238834545,1.5769165562866543,1.0,1.894736842105263,1.2934859430138934,0.0,-0.9569411364241853,5.5546975546975546,2.141180952380952,2.1380309616411197,1.3167082386387925,0.0027173113369968415,-0.9129532254926692,Biotechnology,Healthcare,CDTX
2022Q2,2022,Q2,2022-08-09,2022-06-30,-13125000.0,6216000.0,-13113000.0,-0.19,6216000.0,1.0,39524000.0,-7961000.0,36546000.0,31455000.0,47485000.0,0.0,-408567000.0,33778725.82,11423725.82,-0.1151536804771045,1.1618502622794469,0.05773707114664508,-0.2866474061047607,3.4826114297553508,-0.1151536804771045,1.648662228363271,5.434157950450451,-0.6434043013333334,-4.243025476698907,0.0,0.0,0.0,0.15727153122153628,0.936893975520585,-0.3320767128833114,-2.850044365507931,1.0,0.29629629629629634,0.8080180483694018,0.0,-1.0316378647108155,-0.1256154170769447,0.2828260750778646,0.2819122720551996,0.6105918463671792,0.0,-1.100678157759444,Biotechnology,Healthcare,CDTX
2022Q1,2022,Q1,2022-05-11,2022-03-31,-18301000.0,7109000.0,-18261000.0,-0.27,7109000.0,1.0,55295000.0,4957000.0,52007000.0,32105000.0,50338000.0,0.0,-395448000.0,56738609.1932,23925609.1932,0.07274929644371148,1.6199034418314904,0.06646170539831811,0.7413758321565463,-1.6886179677959448,0.07274929644371148,-3.6919507766794433,7.981236347334365,-0.7750752580897219,11.446158804357474,0.0,0.0,0.0,0.1285649697079302,1.4100918859990657,-0.33097025047472645,-2.394842528836738,1.0,-0.03846153846153849,0.6633069137178964,0.0,-0.9839206850989666,-0.01605536332179931,-0.08701591827037301,-0.0889087656529517,0.5502743564442545,0.0,-0.954007197183204,Biotechnology,Healthcare,CDTX
2021Q4,2021,Q4,2022-03-07,2021-12-31,-16836000.0,7225000.0,-16770000.0,-0.26,7225000.0,1.0,75325000.0,21573000.0,71698000.0,34017000.0,53752000.0,0.0,-377167000.0,81883838.01,27264838.010000005,0.3345924014535576,2.1077108504571243,0.06718884832392964,0.23459880406063136,-0.5773410936690702,0.3345924014535576,-0.7804199694062022,11.333403184775086,-1.2159039856557377,3.7956630051453204,0.0,0.0,0.0,0.09591769000995685,1.9118675956139577,-0.22351145038167938,-5.492979003823708,1.0,0.29729729729729726,0.703356354646753,0.0,-0.9379526832939925,0.0,0.06895979649394458,0.07019294743845642,0.4122475323626426,0.0,-0.8428271048551896,Biotechnology,Healthcare,CDTX
2021Q3,2021,Q3,2021-11-10,2021-09-30,-18083000.0,7076000.0,-18036000.0,-0.37,0.0,0.0,51206000.0,-1158000.0,47276000.0,33490000.0,52364000.0,0.0,-360364000.0,110956061.44000001,80704061.44000001,-0.02337790262501949,1.4116452672439534,0.12398937624497129,-5.482728842832469,-2.3005102040816325,-0.02337790262501949,15.615716753022452,15.680619197286605,-1.5339830426367307,-95.81697879101901,0.0,0.0,0.0,0.13818693121899778,1.208510002985966,-0.3531422098972777,-9.258683364485982,0.0,-3.055555555555556,0.5846834734611548,0.0,-1.0043995131611974,0.0,-2.6882644010829986,-2.674185463659148,0.25734381597466266,0.0,-1.0092617946947922,Biotechnology,Healthcare,CDTX
2021Q2,2021,Q2,2021-08-12,2021-06-30,10711000.0,32863000.0,10773000.0,0.18,0.0,0.0,63744000.0,15789000.0,61076000.0,33887000.0,47955000.0,0.0,-342281000.0,98327556.16,55335556.16,0.32436258202229684,1.8023430814176529,0.08301957831325302,0.33517005510165304,0.4995594713656388,0.32436258202229684,0.6783836848438787,2.9920444317317347,2.2950134478573427,6.227598718094876,0.0,0.0,0.0,0.5155465612449799,1.5180157582553782,0.16803150100401607,28.72554956470932,0.0,1.4615384615384617,1.2596693250296886,0.0,-0.946945045604438,0.0,1.5855565274436911,1.59120842937109,1.3183739388797135,0.0,-0.9068322880552228,Biotechnology,Healthcare,CDTX
2021Q1,2021,Q1,2021-05-13,2021-03-31,-18292000.0,2408000.0,-18222000.0,-0.39,0.0,0.0,54210000.0,1892000.0,51301000.0,39966000.0,52318000.0,0.0,-352992000.0,124932786.58000001,88701786.58000001,0.04028342069179195,1.2836160736626132,0.12233905183545471,3.5052854122621566,-1.972077922077922,0.04028342069179195,-9.668076109936575,51.88238645348838,-1.7074784957905096,66.03212821353067,0.0,0.0,0.0,0.0444198487363955,1.0727618475704348,-0.33742851872348273,-69.21484021052632,0.0,0.2210760783951188,0.45064466289160354,0.0,-0.9941497883494221,-1.0,0.15447906073772766,0.15435307221087805,0.5141452561185634,0.0,-0.9834699029442485,Biotechnology,Healthcare,CDTX
2020Q4,2020,Q4,2021-02-25,2020-12-31,-21634000.0,3729000.0,-21548000.0,-0.5006907467887889,3729000.0,1.0,60424000.0,10715000.0,57191000.0,38564000.0,49709000.0,0.0,-334700000.0,86416616.0,58466616.0,0.24798471627262053,1.483015247380977,0.1317688335760625,0.743070461969202,-1.0984910277324633,0.24798471627262053,-2.019038730751283,23.174206489675516,-0.9986204123139502,8.065013159122726,0.0,0.0,0.0,0.061713888521117435,1.2210092314075303,-0.35803654177148153,-7.765691588785047,1.0,-0.22119694338729004,0.3032788302944423,0.0,-0.9672298979597438,0.5434602649006622,-0.22697368421052633,-0.2292771977865252,0.2732983524577932,0.0,-0.9191037237261365,Biotechnology,Healthcare,CDTX
2020Q3,2020,Q3,2020-11-05,2020-09-30,-17632000.0,2416000.0,-17529000.0,-0.41,2416000.0,1.0,63669000.0,29553000.0,60187000.0,33871000.0,34116000.0,0.0,-313066000.0,123143677.8,86907677.8,0.6839656854880779,1.7769478314782556,0.1419686189511379,0.3058572733732616,-0.4410144161823534,0.6839656854880779,-0.5966230162758434,50.97006531456954,-1.7460253771551724,4.166875708049944,0.0,0.0,0.0,0.03794625327867565,1.5363880605827995,-0.27693225902715607,-8.710736209945534,1.0,0.08888888888888896,0.3917400855325609,0.0,-0.9169550696925787,0.0,0.03681852944389818,0.03744989292186041,0.4385434427082347,0.0,-0.7719229304800865,Biotechnology,Healthcare,CDTX
2020Q2,2020,Q2,2020-08-13,2020-06-30,-18306000.0,3392000.0,-18211000.0,-0.45,0.0,0.0,73403000.0,41352000.0,70039000.0,31567000.0,32051000.0,0.0,-295434000.0,151161514.2,106931514.19999999,1.0094426534925516,2.2187410903791935,0.13776003705570616,0.2445347262526601,-0.34473554688978914,1.0094426534925516,-0.4426871735345328,44.564125648584906,-2.0643711651917407,3.6554825449796864,0.0,0.0,0.0,0.046210645341471054,1.9254284537650077,-0.2493903518929744,-10.669220369847542,0.0,0.021739130434782625,0.23660863706499913,0.0,-0.9084818043579113,0.0,-0.25909622394937754,-0.25066959686834694,0.5481133809910397,0.0,-0.7226609694783154,Biotechnology,Healthcare,CDTX
2020Q1,2020,Q1,2020-05-13,2020-03-31,-14539000.0,2530000.0,-14561000.0,-0.46,0.0,0.0,84097000.0,53752000.0,80621000.0,29629000.0,30345000.0,0.0,-277128000.0,93883718.24,41099718.239999995,1.4198943384328404,2.7210165716021466,0.1285896048610533,0.20118321178746837,-0.2201875094510812,1.4198943384328404,-0.27048295877362705,37.10818902766798,-1.6143427718550105,1.7466088376246467,0.0,0.0,0.0,0.030084307406922958,2.383509399574741,-0.17288369382974422,-6.19122383539963,0.0,-0.09523809523809533,0.23073868638978276,0.0,2.0932455637535483,0.0,-0.03679669115025316,-0.03416193181818182,0.5185563811641942,0.0,-0.686169773318409,Biotechnology,Healthcare,CDTX
2019Q4,2019,Q4,2020-03-04,2019-12-31,-14023000.0,1815000.0,-14080000.0,-0.42,0.0,0.0,68976000.0,37835000.0,65814000.0,30199000.0,31141000.0,0.0,-259827000.0,127768181.75999999,89225181.75999999,1.1371093960850618,2.179343686877049,0.15632973787984225,0.285000660763843,-0.27948707769264364,1.1371093960850618,-0.3706356548169684,70.39569242975206,-2.2778325208585892,3.3769837917272363,0.0,0.0,0.0,0.026313500347947112,1.848206894268022,-0.20330259800510322,-8.407460798841877,0.0,-6.25,0.7221164215099374,0.0,-0.8348300510913358,0.0,-5.61434682461336,-5.6499339498018495,0.5212155402770334,0.0,-0.7891327282934127,Biotechnology,Healthcare,CDTX
2019Q3,2019,Q3,2019-11-08,2019-09-30,3039000.0,19100000.0,3028000.0,0.08,0.0,0.0,81696000.0,48962000.0,77488000.0,31579000.0,32734000.0,0.0,-245804000.0,65847528.6,3926528.6000000015,1.4834146713898082,2.4537825770290382,0.1315609087348218,0.2195171765859238,0.0491119941610575,1.4834146713898082,0.06206854295167681,3.4475145863874346,5.41687467917078,1.3448700747518485,0.0,0.0,0.0,0.23379357618488053,2.337756103739827,0.03719888366627497,3.9621835609844154,0.0,1.163265306122449,1.0850354184772826,0.0,0.0,0.0,1.224330109987451,1.2122231567143258,1.1047480303620894,0.0,-0.7208345643758427,Biotechnology,Healthcare,CDTX
2019Q2,2019,Q2,2019-08-08,2019-06-30,-13547000.0,0.0,-14268000.0,-0.49,0.0,0.0,51752000.0,31782000.0,47746000.0,18608000.0,19970000.0,0.0,-248843000.0,45848233.199999996,13347233.199999996,1.1437801707918376,2.565885640584695,0.20694852372855155,0.3369831980366245,-0.31979558902635824,1.1437801707918376,-0.426247561512806,0.0,-0.8460956890824536,1.4425848971115727,0.0,0.0,0.0,0.0,2.3953675838349096,-0.26176766115319217,-3.5724040205703598,0.0,0.18333333333333332,0.5357451182855812,0.0,0.0,0.0,0.18199384095163335,0.1302121433796635,0.4246674091278518,0.0,-0.8129155205832661,Biotechnology,Healthcare,CDTX
2019Q1,2019,Q1,2019-05-09,2019-03-31,-16561000.0,0.0,-16404000.0,-0.6,0.0,0.0,64313000.0,43862000.0,60276000.0,18897000.0,20451000.0,0.0,-235296000.0,72652539.74000001,27467539.74000001,1.5817539264457379,3.189712652802032,0.16587626140904638,0.24321736354931375,-0.2887316506494878,1.5817539264457379,-0.3775705622178651,0.0,-1.0967414368093715,1.6563891236149741,0.0,0.0,0.0,0.0,3.037889612107742,-0.2575062584547448,-4.235064980472166,0.0,-0.3636363636363636,-1.589349175057265,0.0,0.0,0.0,-0.3418408685788365,0.011688155199421617,0.1575890691672404,0.0,-0.7702877489069436,Biotechnology,Healthcare,CDTX
2018Q4,2018,Q4,2019-02-28,2018-12-31,-12342000.0,0.0,-16598000.0,-0.44,0.0,0.0,79112000.0,59139000.0,77129000.0,19892000.0,19973000.0,0.0,-218735000.0,65283498.2,649498.200000003,2.1288174474694435,3.8773878946310076,0.12549297198907877,0.16787568271360692,-0.24031737298565162,2.1288174474694435,-0.20869476994876476,0.0,-1.3223849092529574,1.1038992576810565,0.0,0.0,0.0,0.0,3.7483410416247738,-0.1560066740823137,-4.763132803151905,0.0,0.10204081632653059,0.7070702874396728,0.0,-0.6907802624400282,0.0,0.09376606211909831,-0.12719864176570458,0.3817851573722825,0.0,-0.7186860302230911,Biotechnology,Healthcare,CDTX
2018Q3,2018,Q3,2018-11-08,2018-09-30,-13619000.0,0.0,-14725000.0,-0.49,0.0,0.0,92809000.0,69932000.0,91961000.0,13562000.0,22877000.0,0.0,-206393000.0,122735240.96,48875240.95999999,2.5241223105673853,6.780784545052352,0.10688618560699932,0.14185208488245724,-0.184403646746481,2.5241223105673853,-0.19474632500142997,0.0,-2.2530149232689625,1.7550655059200366,0.0,0.0,0.0,0.0,6.508921987907388,-0.146742234050577,-9.539502639515,0.0,0.2910306715319514,0.5460109277119877,0.0,0.0,0.0,0.16478596835520667,0.028181098204857445,0.26728590510991623,0.0,-0.6935291260717351,Biotechnology,Healthcare,CDTX
2018Q2,2018,Q2,2018-08-09,2018-06-30,-16306000.0,0.0,-15152000.0,-0.6911441444988872,0.0,0.0,107008000.0,82138000.0,105994000.0,14918000.0,24870000.0,0.0,-192774000.0,122682367.60000001,57884367.60000001,3.4814913369832943,7.105107923314117,0.09260989832535885,0.12065061238403663,-0.16460976881626976,3.4814913369832943,-0.19851956463512624,0.0,-1.8809390347111494,1.493612793104288,0.0,0.0,0.0,0.0,6.920565759485186,-0.15238113038277512,-7.885991360802212,0.0,0.1360698193763911,0.34185643176997854,0.0,0.0,0.0,0.026449340259119946,0.09863176680547293,-0.1806938046298692,0.0,-0.6843606675407589,Biotechnology,Healthcare,CDTX
2018Q1,2018,Q1,2018-05-10,2018-03-31,-16749000.0,0.0,-16810000.0,-0.8,0.0,0.0,70247000.0,50919000.0,68990000.0,11519000.0,19328000.0,0.0,-166138000.0,83577412.0,41251412.0,2.436974238924747,5.989235176664641,0.1408174014548664,0.19426932971975097,-0.2764302511058854,2.436974238924747,-0.3289341895952395,0.0,-1.247498537226103,1.6413796814548596,0.0,0.0,0.0,0.0,5.771247504123622,-0.23843011089441543,-5.665112993967329,0.0,-0.15942028985507262,-2.4754698582629455,0.0,0.0,0.0,-0.24731903485254692,-0.2489783787799985,-0.6056020394940217,0.0,2.8763447416986607,Biotechnology,Healthcare,CDTX
2017Q4,2017,Q4,2018-02-27,2017-12-31,-13428000.0,0.0,-13459000.0,-0.69,0.0,0.0,79035000.0,59744000.0,77670000.0,12085000.0,19291000.0,0.0,-149390000.0,132527750.0,81587750.0,3.065465157297245,6.426975589573852,0.12491933953311823,0.16525508837707553,-0.1933292155651637,3.065465157297245,-0.22475897161221212,0.0,-2.4673769362526063,2.218260411087306,0.0,0.0,0.0,0.0,6.258585022755482,-0.1698994116530651,-13.760538884851002,0.0,0.05479452054794526,0.5457166083463458,0.0,-0.5547282212641214,0.0,-0.09553724402382312,-0.09878357416931995,0.5457166083463458,0.0,-0.5547282212641214,Biotechnology,Healthcare,CDTX
2017Q3,2017,Q3,2017-11-08,2017-09-30,-12257000.0,0.0,-12249000.0,-0.73,0.0,0.0,67436000.0,50573000.0,66203000.0,8617000.0,16863000.0,0.0,-135962000.0,136600109.1,92176109.1,2.99883581864577,7.682836253916676,0.1460940743816359,0.19480750598145255,-0.20271410839884155,2.99883581864577,-0.24236252545824846,0.0,-2.786165234151913,2.7010481699721196,0.0,0.0,0.0,0.0,7.482070326099571,-0.181757518239516,-9.856418868605237,0.0,0.26262626262626265,0.3287506292828057,0.0,0.0,0.0,0.2636227095223791,0.26277460126391816,0.3287506292828057,0.0,0.0,Biotechnology,Healthcare,CDTX
2017Q2,2017,Q2,2017-08-09,2017-06-30,-16645000.0,0.0,-16615000.0,-0.99,0.0,0.0,81158000.0,61264000.0,79803000.0,10658000.0,19894000.0,0.0,-123705000.0,126239700.0,58059700.0,3.6397424898823427,7.487614937136423,0.1211464057763868,0.16048576651867327,-0.2336980983458985,3.6397424898823427,-0.2716930007834944,0.0,-1.8960603784920398,2.0605853355967616,0.0,0.0,0.0,0.0,7.339744792644023,-0.20509376771236354,-10.440798941361344,0.0,-0.23749999999999993,0.058324833308851756,0.0,0.0,0.0,-0.24234960441856992,-0.24011046424839527,0.058324833308851756,0.0,0.0,Biotechnology,Healthcare,CDTX
2017Q1,2017,Q1,2017-05-10,2017-03-31,-13398000.0,0.0,-13398000.0,-0.8,0.0,0.0,92763000.0,75989000.0,91281000.0,6886000.0,16774000.0,0.0,-107060000.0,131003854.8,66506854.8,4.524402742994704,13.25602672088295,0.10578571197567996,0.12913711195041389,-0.1561502062888977,4.524402742994704,-0.1763149929595073,0.0,-2.4444666144200626,1.723984455644896,0.0,0.0,0.0,0.0,13.082486203891955,-0.14443258626823194,-8.952019598195982,0.0,0.09090909090909087,-2.4586297479463997,0.0,0.0,0.0,0.06919549812421842,0.06653661255486658,-2.4586297479463997,0.0,0.0,Biotechnology,Healthcare,CDTX
2016Q4,2016,Q4,2017-03-15,2016-12-31,-14394000.0,0.0,-14353000.0,-0.88,0.0,0.0,106962000.0,88179000.0,105398000.0,8909000.0,18783000.0,0.0,-93662000.0,170061278.4,113740278.4,5.392536200057167,11.830508474576272,0.09156522877283521,0.11106952902618537,-0.14649954579322874,5.392536200057167,-0.16323614466029326,0.0,-2.953683451438099,1.9285915966386555,0.0,0.0,0.0,0.0,11.74306880682456,-0.13457115611151624,-14.363283648648649,0.0,0.0,0.4196061028153437,0.0,-0.2167113105229003,0.0,-0.17723071890079334,-0.16350518806744488,0.4196061028153437,0.0,-0.2167113105229003,Biotechnology,Healthcare,CDTX
2016Q3,2016,Q3,2016-11-10,2016-09-30,-12227000.0,0.0,-12336000.0,-0.88,0.0,0.0,82232000.0,73915000.0,80579000.0,8232000.0,8317000.0,0.0,-79268000.0,159271160.25,134649160.25,5.3137476280800815,9.788508260447037,0.0,0.0,-0.16689440573631875,5.3137476280800815,-0.1654197388892647,0.0,-3.25654617342766,2.1547880707569504,0.0,0.0,0.0,0.0,9.634232264334305,-0.14868907481272498,-20.532571902797475,0.0,-0.03529411764705886,0.1881907642240591,0.0,0.0,0.0,-0.040153126329221606,-0.03995953464845726,0.1881907642240591,0.0,0.0,Biotechnology,Healthcare,CDTX
2016Q2,2016,Q2,2016-08-11,2016-06-30,-11755000.0,0.0,-11862000.0,-0.85,0.0,0.0,90024000.0,84809000.0,88231000.0,5125000.0,5215000.0,0.0,-67041000.0,143019680.78,113748680.78,6.113709562427398,17.21580487804878,0.0,0.0,-0.13986723107217394,6.113709562427398,-0.13860557252178424,0.0,-3.0416776005954915,1.6863738610289003,0.0,0.0,0.0,0.0,16.992975609756098,-0.1305762907669066,-14.843765519460302,0.0,-0.1971830985915493,0.19306695104712654,0.0,0.0,0.0,-0.2008376749412606,-0.2,0.19306695104712654,0.0,0.0,Biotechnology,Healthcare,CDTX
2016Q1,2016,Q1,2016-05-12,2016-03-31,-9789000.0,0.0,-9885000.0,-0.71,0.0,0.0,99223000.0,95078000.0,97517000.0,4056000.0,4145000.0,0.0,-55286000.0,175359377.5,123655377.5,6.885805693510745,24.04265285996055,0.0,0.0,-0.10396726897915395,6.885805693510745,-0.1029575716779907,0.0,-4.478480373378281,1.8443738562022758,0.0,0.0,0.0,0.0,23.83086785009862,-0.09865656148272074,-16.029193555758685,0.0,0.013888888888888902,-2.0737364394091866,0.0,0.0,0.0,0.008005674908796109,0.004331184528605963,-2.0737364394091866,0.0,0.0,Biotechnology,Healthcare,CDTX
2015Q4,2015,Q4,2016-03-18,2015-12-31,-9868000.0,0.0,-9928000.0,-0.72,0.0,0.0,109974000.0,103912000.0,108218000.0,5974000.0,6062000.0,0.0,-45497000.0,235632866.04,173070866.04,7.567407509686292,18.11483093404754,0.0,0.0,-0.09554238201555162,7.567407509686292,-0.094964970359535,0.0,-5.969620643494122,2.2676193898683503,0.0,0.0,0.0,0.0,17.996986943421494,-0.08973029988906468,-32.72678695,0.0,-0.07462686567164169,0.5261684250167278,0.0,0.09919794528936128,0.0,-0.07564857205144974,-0.07830998153578798,0.5261684250167278,0.0,0.09919794528936128,Biotechnology,Healthcare,CDTX
2015Q3,2015,Q3,2015-11-16,2015-09-30,-9174000.0,0.0,-9207000.0,-0.67,0.0,0.0,116988000.0,112625000.0,115365000.0,4275000.0,4363000.0,0.0,-35629000.0,173940504.96,109469504.96000001,8.236091992083406,26.985964912280703,0.0,0.0,-0.08174916759156493,8.236091992083406,-0.08145615982241954,0.0,-4.740039921517332,1.544421797647059,0.0,0.0,0.0,0.0,26.764444444444443,-0.07841829931275003,-22.146741145912912,0.0,-0.1355932203389832,0.3804007928138515,0.0,0.0,0.0,-0.4303086997193639,-0.4283276450511945,0.3804007928138515,0.0,0.0,Biotechnology,Healthcare,CDTX
2015Q2,2015,Q2,2015-08-11,2015-06-30,-6414000.0,0.0,-6446000.0,-0.59,0.0,0.0,123953000.0,120857000.0,123050000.0,3068000.0,3096000.0,0.0,-26455000.0,153619243.0,31318243.0,11.029966734050369,40.107561929595825,0.0,0.0,-0.05333576044416128,11.029966734050369,-0.053070984717476025,0.0,-5.987653687246647,1.2710827093176233,0.0,0.0,0.0,0.0,39.86342894393742,-0.0517454196348616,-25.637390353805074,0.0,-0.11170150626132888,0.44257896022725374,0.0,0.0,0.0,0.047944188808074814,0.042483660130718956,0.44257896022725374,0.0,0.0,Biotechnology,Healthcare,CDTX
2015Q1,2015,Q1,2015-03-31,2015-03-31,-6737000.0,0.0,-6732000.0,-0.530718,0.0,0.0,60783000.0,-17526000.0,58402000.0,3809000.0,78309000.0,0.0,-20041000.0,215905888.0,157781888.0,-1.2987881090116449,15.332633237070096,0.0,0.0,0.3841150290996234,-1.2987881090116449,0.38440031952527676,0.0,-8.011944782544159,-12.319176537715395,0.0,0.0,0.0,0.0,15.259648201627725,-0.1108369116364773,-35.493323688969255,0.0,0.6500731586577758,-1.1645898378144692,0.0,0.0,0.0,-0.4491288449128845,-0.4480533448053345,-1.1645898378144692,0.0,0.0,Biotechnology,Healthcare,CDTX
2014Q4,2014,Q4,2014-12-31,2014-12-31,-4649000.0,0.0,-4649000.0,-1.516654161093531,0.0,0.0,24350000.0,21103000.0,23013000.0,3213000.0,3247000.0,0.0,-13304000.0,49044800.0,26248800.0,6.884481127458976,7.162464985994398,0.0,0.0,-0.2203004312183102,6.884481127458976,-0.2203004312183102,0.0,-2.6373843837384383,2.3240676681040613,0.0,0.0,0.0,0.0,7.094926859632742,-0.19092402464065708,-14.781434599156118,0.0,-0.40072329738542617,0.0,0.0,0.0,0.0,-0.40072310937029226,-0.4003012048192771,0.0,0.0,0.0,Biotechnology,Healthcare,CDTX
2014Q3,2014,Q3,2014-09-30,2014-09-30,-3319000.0,0.0,-3320000.0,-1.082765,0.0,0.0,,,,,,,,49044800.0,,,0.0,0.0,0.0,0.0,,0.0,0.0,-3.6942452545947577,0.0,0.0,0.0,0.0,0.0,0.0,0.0,-14.463226186965496,0.0,-0.031065322594468245,0.0,0.0,0.0,0.0,-0.031065548306927617,-0.07269789983844911,0.0,0.0,0.0,Biotechnology,Healthcare,CDTX
2014Q2,2014,Q2,2014-06-30,2014-06-30,-3219000.0,0.0,-3095000.0,-1.050142,0.0,0.0,,,,,,,,49044800.0,,,0.0,0.0,0.0,0.0,,0.0,0.0,-3.809009009009009,0.0,0.0,0.0,0.0,0.0,0.0,0.0,-31.021378874130296,0.0,-3.5530466602499065,0.0,0.0,0.0,0.0,-3.553041018387553,-4.536672629695886,0.0,0.0,0.0,Biotechnology,Healthcare,CDTX
2014Q1,2014,Q1,2014-03-31,2014-03-31,-707000.0,0.0,-559000.0,-0.230646,0.0,0.0,,,,,,,,49044800.0,,,0.0,0.0,0.0,0.0,,0.0,0.0,-17.342574257425742,0.0,0.0,0.0,0.0,0.0,0.0,0.0,-119.33041362530413,0.0,0.0,0.0,0.0,0.0,0.0,0.0,0.0,0.0,0.0,0.0,Biotechnology,Healthcare,CDTX
