Year,Date,FillingDate,NetIncome,Revenue,OperatingIncome,EPSDiluted,GrossProfit,GrossProfitRatio,TotalAssets,CommonStockEquity,CurrentAssets,CurrentLiability,TotalLiability,Inventory,RetainedEarnings,EnterpriseValue,bookValuePerShare,currentRatio,debtToAssets,debtToEquity,roic,shareholdersEquityPerShare,roe,priceToSalesRatio,peRatio,pbRatio,payoutRatio,inventoryTurnover,dividendYield,assetTurnover,quickRatio,returnOnAssets,priceToFreeCashFlowsRatio,grossProfitMargin,epsdilutedGrowth,fiveYNetIncomeGrowthPerShare,fiveYRevenueGrowthPerShare,fiveYShareholdersEquityGrowthPerShare,grossProfitGrowth,netIncomeGrowth,operatingIncomeGrowth,threeYNetIncomeGrowthPerShare,threeYRevenueGrowthPerShare,threeYShareholdersEquityGrowthPerShare,Industry,Sector,Price,MarketCap,AvgVolume,Symbol
2022,2022-12-31,2022-12-31,-15379658.0,6473673.0,-12521565.0,0.0,806665.0,0.1246070044,24058217.0,4238951.0,7537185.0,17665038.0,18983688.0,337798.0,-47813206.0,7830200.0,0.0,0.42667244757695966,0.3302029822077006,1.8740709670859605,-0.9911679683173865,0.0,-3.6281754613346555,0.0,0.0,0.0,0.0,16.776321943883623,,0.26908365653198657,0.16747526951258185,-0.6392684046369688,0.0,0.12460700440074746,1.0,-1.0,-1.0,-1.0,1.0912739254761763,0.24895003272609414,-1.3160111065857125,1.0,-1.0,-1.0,Building Materials,Basic Materials,1.1498,6184510,98386,RETO
2021,2021-12-31,2021-12-31,-20477543.0,3600078.0,-5406522.0,-7.83,385729.0,0.107144623,30961067.0,13552153.0,13030161.0,16756231.0,16876789.0,463731.0,-33347984.0,49884672.0,5.180338101927506,0.7776307810509416,0.18955716222570754,0.4330597507274305,-0.2745246365534022,5.180338101927506,-1.5110176958598387,12.353419842570078,-2.1718071840943027,3.2816390871620174,0.0,6.931494767440607,0.0,0.11627758177713966,0.5038251143708868,-0.6613965532906214,-15.986493899195091,0.10714462297761326,-0.24880382775119628,-43.61418279583661,-0.051855140469725856,3.968944863355785,-0.6667173566115385,-0.3532717485562598,-0.060160765720621075,-40.76142993409058,-0.16632960801852495,1.3158092482287886,Building Materials,Basic Materials,1.1498,6184510,98386,RETO
2020,2020-12-31,2020-12-31,-15131878.0,9734500.0,-5099719.0,-6.27,1157363.0,0.1188929067,57974073.0,27275109.0,13279510.0,22994786.0,30012252.0,730207.0,-17245453.0,31137536.759999998,11.305800899320536,0.5775009169469983,0.27990777877552264,0.5949524894657616,-0.12079621855390375,11.305800899320536,-0.5547870771112225,1.6468213837382506,-1.0594179228777814,0.5877513728726069,0.0,11.746171975891768,0.0,0.16791126612753257,0.23389158742334024,-0.2610111247488166,22.061430726124748,0.11889290667214546,-0.1675977653631284,-61.54562104500169,4.185284918576205,14.524076862954052,-0.8427617698085882,-0.23062238016909076,-3.6041774328953307,-21.070656554590844,1.1712735959374412,3.3851791172037338,Building Materials,Basic Materials,1.1498,6184510,98386,RETO
2019,2019-12-31,2019-12-31,-12296118.0,29551727.0,1958284.0,-5.37,7360570.0,0.2490741066,70795244.0,36136003.0,25464247.0,25215769.0,32840381.0,888203.0,-5718368.0,36743891.559,15.788042402616894,1.0098540718706617,0.2478642915617326,0.4855991682311959,0.03938048676698479,15.788042402616894,-0.34027332796048304,0.6799453567975909,-1.6341384784205877,0.5560537384004534,0.0,24.984330158758752,0.0,0.41742531461576715,0.5065889523337559,-0.17368565040894554,-14.686760764424134,0.24907410656575163,-27.85,-52.857462467930006,15.591863789426334,20.678675040928088,-0.5720977729704515,-3.7442906313370163,-0.7279393295441158,-30.247092673667677,7.895779543421035,14.143782250377985,Building Materials,Basic Materials,1.1498,6184510,98386,RETO
2018,2018-12-31,2019-05-14,4480618.0,37569862.0,7197968.0,0.2,17201523.0,0.45785430353723416,82004922.0,50912870.0,29521952.0,20681667.0,28824067.0,4630312.0,9084246.0,311839184.0,2.236945079086116,1.4274454762278108,0.2126342733427635,0.34248819601016406,0.07823916034908977,2.236945079086116,0.08800560644096474,7.875461453651334,66.03553349113895,5.81149717154032,0.0,4.398912859435822,0.0,0.45814154911335686,0.8484099951904264,0.05463840328998788,-29.066066457830036,0.45785430353723416,-0.4285714285714285,0.90029370838434,1.1212481630335414,2.071565442836227,-0.04235292427831258,-0.25053087044018046,-0.29795291601497653,0.90029370838434,1.1212481630335414,2.071565442836227,Building Materials,Basic Materials,1.1498,6184510,98386,RETO
2017,2017-12-31,2017-12-31,5978389.0,35551016.0,10252828.0,0.35,17962278.0,0.5052535770004435,81131829.0,49321023.0,33600464.0,26552039.0,29503079.0,1611836.0,5246950.0,1352763563.5,2.578184515876703,1.2654570144311705,0.1842919749781556,0.30315561378359895,0.11271508327351232,2.578184515876703,0.12121380775090573,37.93631828975014,225.59165328652918,27.34482329168233,0.0,10.912237969619738,0.0,0.4381882725705592,1.105991370380256,0.07368734408785484,-640.9791707559343,0.5052535770004435,0.9021739130434782,2.0166238398988914,1.3881306014489032,2.5401237778522443,0.26921694158639914,0.45689250767816225,0.25201983629318736,2.0166238398988914,1.3881306014489032,2.5401237778522443,Building Materials,Basic Materials,1.1498,6184510,98386,RETO
2016,2016-12-31,2016-12-31,4103521.0,32424269.0,8189030.0,0.184,14152252.0,0.43647096562146087,62660999.0,23290408.0,21144455.0,28108731.0,34358331.0,1308526.0,224512.0,2376838932.0,1.0425428827215757,0.7522379790108632,0.2728256215640609,0.7340157372940826,0.14144461361300645,1.0425428827215757,0.1761893136436253,72.82625245923046,575.4419192688425,101.38671679774781,0.0,13.963816538609091,0.0,0.5174553473046288,0.5977368028460623,0.06548764088488279,-331.8359056888994,0.43647096562146087,0.7761303525232636,0.7730809365068734,0.8651388232408498,0.43152316128865326,0.7430899636164777,0.7730809365068735,1.2805434073070694,0.7730809365068734,0.8651388232408498,0.43152316128865326,Building Materials,Basic Materials,1.1498,6184510,98386,RETO
2015,2015-12-31,2015-12-31,2314345.0,17384373.0,3590824.0,0.103596,8119060.0,0.4670320868057767,50247767.0,16269669.0,15524554.0,22287661.0,31158061.0,2161886.0,-3195148.0,2379583147.0,0.7282752461951656,0.6965537568074102,0.37370365134832756,1.1541583298344915,0.0910271478663676,0.7282752461951656,0.14224905251606532,135.83107081285013,1020.3050971225119,145.13743334298934,0.0,4.285754660514014,0.0,0.3459730459265981,0.4329384317178909,0.04605866366161107,-2774.728089718642,0.4670320868057767,0.0,0.0,0.0,0.0,0.0,0.0,0.0,0.0,0.0,0.0,Building Materials,Basic Materials,1.1498,6184510,98386,RETO
TTM,,,,,,,,,,,,,,,,14014710.0,0.0,0.42667244757695966,0.3302029822077006,1.8740709670859605,-0.9911679683173865,0.0,-1.7289155299187728,0.9553324673643541,0.0,0.0,0.0,16.776321943883623,0.0,0.26908365653198657,0.16747526951258185,-0.6392684046369688,-0.541771529152815,0.12460700440074746,,,,,,,,,,,Building Materials,Basic Materials,1.1498,6184510,98386,RETO
