Quarters,Year,Quarter,FillingDate,Date,NetIncome,Revenue,OperatingIncome,EPSDiluted,GrossProfit,GrossProfitRatio,TotalAssets,CommonStockEquity,CurrentAssets,CurrentLiability,TotalLiability,Inventory,RetainedEarnings,MarketCap,EnterpriseValue,bookValuePerShare,currentRatio,debtToAssets,debtToEquity,roic,shareholdersEquityPerShare,roe,priceToSalesRatio,peRatio,pbRatio,payoutRatio,inventoryTurnover,dividendYield,assetTurnover,quickRatio,returnOnAssets,priceToFreeCashFlowsRatio,grossProfitMargin,epsdilutedGrowth,fiveYNetIncomeGrowthPerShare,fiveYRevenueGrowthPerShare,fiveYShareholdersEquityGrowthPerShare,grossProfitGrowth,netIncomeGrowth,operatingIncomeGrowth,threeYNetIncomeGrowthPerShare,threeYRevenueGrowthPerShare,threeYShareholdersEquityGrowthPerShare,Industry,Sector,Symbol
2023Q1,2023,Q1,2023-05-04,2023-04-01,-187800000.0,3931800000.0,-33600000.0,-1.26,835500000.0,0.2124980925,25071700000.0,9490300000.0,8135700000.0,6239300000.0,15579300000.0,5659500000.0,9025700000.0,12052672920.0,19596172920.0,63.44886143313678,1.303944352731877,0.31633674621186436,0.8357059313193471,-0.0022072078491205704,63.44886143313678,-0.01978862628157171,3.065433877613307,-16.044559265175717,1.2699991486043645,-0.6379126730564431,0.5470978001590246,0.009939703897647959,0.1568222338333659,0.31982754475662334,-0.007490517196679922,-33.999077348377995,0.2124980924767282,-0.8529411764705881,-2.1084600076644398,0.23362899914415838,0.13235376791255057,0.10882548108825481,-0.8667992047713717,0.5080527086383602,-2.4170360942192946,0.2627573050737565,0.06532349043307027,Tools & Accessories,Industrials,SWK
2022Q4,2022,Q4,2023-02-23,2022-12-31,-100600000.0,3986800000.0,-68300000.0,-0.68,753500000.0,0.1889986957,24963300000.0,9712100000.0,7974700000.0,6560100000.0,15249100000.0,5861100000.0,9333300000.0,11040161040.0,18101561040.0,66.08354256397695,1.215636956753708,0.2987185187855772,0.7678051090907219,-0.002612040319101855,66.08354256397695,-0.010358212950855119,2.769178549212401,-27.43578787276342,1.1367429330422876,-1.2504970178926442,0.5516541263585334,0.011394761321343913,0.1597064490672307,0.2479535372936388,-0.004029915916565518,21.20660975797157,0.18899869569579614,-3.8333333333333335,-1.3649409291516863,0.19268988011365507,0.19533548685705365,-0.259895884490718,-3.748633879781421,-1.4149453219927095,-1.5123182103252837,0.08835915894471005,0.07784389509030883,Tools & Accessories,Industrials,SWK
2022Q3,2022,Q3,2022-10-27,2022-10-01,36600000.0,4119600000.0,164600000.0,0.24,1018100000.0,0.2471356442,25523900000.0,9546600000.0,8804600000.0,7607000000.0,15975200000.0,6347200000.0,9504100000.0,10858744590.0,18370944590.0,66.12180441753995,1.157433942421454,0.3103326685968837,0.8297090063478096,-0.08020138610705844,66.12180441753995,0.0038338256552070894,2.6358735289833963,74.17175266393443,1.1374462730186663,3.1557377049180326,0.4886406604487018,0.010636588699799228,0.1614016666731965,0.25133429735769686,0.0014339501408483814,-20.108786277777778,0.24713564423730458,-0.5789473684210527,-0.8616116623396515,0.2948255260417797,0.2347900721655174,-0.15657360616353244,-0.5821917808219178,-0.41589779985805536,-0.8368475210588112,0.16509467890877438,0.1872202274599145,Tools & Accessories,Industrials,SWK
2022Q2,2022,Q2,2022-07-28,2022-07-02,87600000.0,4393000000.0,281800000.0,0.57,1207100000.0,0.274778056,29361400000.0,9079800000.0,9972800000.0,11760700000.0,20279500000.0,6635500000.0,8775000000.0,15594923370.0,26498623370.0,62.467234938391364,0.8479767360786348,0.3809763839598929,1.2319654617943125,0.06882229158966788,62.467234938391364,0.009647789598889843,3.549948411108582,44.50605984589041,1.7175404050750018,1.3013698630136987,0.4801296059076181,0.007310071187608535,0.14961820621632482,0.15937826830035629,0.0029835089607443788,-26.450005715739483,0.2747780559981789,-0.39361702127659576,-0.674936100479433,0.3992128182494835,0.2129514499452787,-0.07530258924467596,-0.4370179948586118,-0.014340678558936691,-0.7494949934024852,0.1900120404490147,0.12437226873369257,Tools & Accessories,Industrials,SWK
2022Q1,2022,Q1,2022-04-28,2022-04-02,155600000.0,4448000000.0,285900000.0,0.94,1305400000.0,0.2934802158,29358700000.0,9352800000.0,9736200000.0,10955000000.0,20003900000.0,6267700000.0,8801400000.0,21900509700.0,32177809700.0,60.172550230646,0.8887448653582839,0.3557071668704677,1.1165747155931913,0.01258955200849883,60.172550230646,0.016636729107860748,4.923675741906475,35.18719424807198,2.3415992750833974,0.7474293059125964,0.5013960463966048,0.005310378689496893,0.15150534594515425,0.18327704244637152,0.005299962191786421,-15.859591353465131,0.29348021582733813,-0.34265734265734266,-0.6200246457683276,0.5219062670133391,0.31809819787333615,0.8788140472078296,-0.34123624047417445,0.17994222038794883,-0.12877064946219638,0.2693096304626217,0.12162543898569302,Tools & Accessories,Industrials,SWK
2021Q4,2021,Q4,2022-02-22,2022-01-01,236200000.0,2856000000.0,242300000.0,1.43,694800000.0,0.2432773109,28178100000.0,11590500000.0,8526400000.0,8767400000.0,16587600000.0,5446800000.0,8742400000.0,30104695100.0,36677295100.0,72.61990539143511,0.9725118050961516,0.23830208566226962,0.5793451533583538,0.029640193068952703,72.61990539143511,0.020378758465985074,10.54085962885154,31.86356382303133,2.5973594840602217,0.5381033022861982,0.39678343247411324,0.004221932810739545,0.10135530784545445,0.1942537126171955,0.008382396258086955,171.73243069024528,0.24327731092436974,-0.44140625000000006,-0.14770879748321916,-0.09839797152624175,0.6782874161807319,-0.5006827164929931,-0.42974408498309996,-0.45842646401430487,3.0450104876188373,-0.2734315572193112,0.36767704722681616,Tools & Accessories,Industrials,SWK
2021Q3,2021,Q3,2021-11-12,2021-09-30,414200000.0,4263200000.0,447400000.0,2.56,1391500000.0,0.3263980108838431,24326600000.0,11316300000.0,6876400000.0,5580800000.0,13008400000.0,4134400000.0,8546800000.0,27952127640.0,32058527640.0,70.97350794009182,1.2321530963302751,0.18083497077273436,0.38874013591014733,0.028497084386671014,70.97350794009182,0.03660206958104681,6.55660715894164,16.87115381458233,2.4700765833355427,0.3042008691453404,0.6945868808049536,0.004507706948922619,0.17524849341872684,0.40884819380733944,0.01702662928646009,-224.51508144578312,0.3263980108838431,-0.08896797153024912,0.5176488296831488,0.34904930998857386,0.7102092616735026,-0.0985358901269759,-0.0985854189336235,-0.2172848145556333,0.5511602779302952,0.13203867013469828,0.2993397996644164,Tools & Accessories,Industrials,SWK
2021Q2,2021,Q2,2021-07-27,2021-06-30,459500000.0,4300900000.0,571600000.0,2.81,1543600000.0,0.3589016252412286,23962900000.0,11084000000.0,6555700000.0,5402500000.0,12876900000.0,3679500000.0,8258600000.0,32520433560.0,36328833560.0,69.86712387483927,1.2134567329939843,0.1773074210550476,0.38332731865752434,0.03207398083246839,69.86712387483927,0.04145615301335258,7.561308926038736,17.693380609357998,2.9339979754601226,0.2635473340587595,0.7493681206685691,0.0037238125923681562,0.17948161533036486,0.4507357704766312,0.01917547542242383,95.84566330680813,0.3589016252412286,-0.057046979865771785,0.5483323491637668,0.3417902748763304,0.747249939445989,-0.01323275586524324,-0.05724251128436603,-0.196513916221535,0.47729369313652537,0.11420738018401197,0.2781858022832641,Tools & Accessories,Industrials,SWK
2021Q1,2021,Q1,2021-04-28,2021-04-03,487400000.0,4197100000.0,711400000.0,2.98,1564300000.0,0.37270972814562436,23876000000.0,11401800000.0,6523000000.0,4578400000.0,12471200000.0,3137400000.0,7915500000.0,31601943400.0,34899243400.0,72.39697758587847,1.424733531364669,0.1778564248617859,0.3724411934957638,0.03647473377360557,72.39697758587847,0.04274763633812205,7.529471158657168,16.20944983586377,2.7716626672981457,0.24517849815346737,0.8391661885637789,0.003781413012719971,0.17578740157480316,0.6430193954219815,0.020413804657396548,-128.41098496546118,0.37270972814562436,0.03472222222222225,1.3835186263816686,0.45482116206389384,0.8629903539590188,0.005463427175729528,0.04301305371281832,0.20555837993560414,1.732203797602438,0.2506782386243793,0.29204824961659037,Tools & Accessories,Industrials,SWK
2020Q4,2020,Q4,2021-02-18,2021-01-02,467300000.0,4407600000.0,590100000.0,2.88,1555800000.0,0.35298121426626733,23566300000.0,11059600000.0,6036000000.0,4558300000.0,12499900000.0,2737400000.0,7547600000.0,28009992960.0,31014692960.0,70.50348705264366,1.3241778733299696,0.18610049095530481,0.3965514123476437,0.03314021436836336,70.50348705264366,0.04225288437194835,6.354930792267901,14.98501656323561,2.5326406886325,0.2572223411084956,1.0417914809673412,0.00429132560553132,0.18702978405604614,0.6347103086677051,0.01982916282997331,21.826535463258786,0.35298121426626733,0.180327868852459,0.6371238584934957,0.4408180128455909,0.7700844498721748,0.13042214633437477,0.1833375538110914,0.1341533730540073,0.5882226323022269,0.23536776761288974,0.2752845375927445,Tools & Accessories,Industrials,SWK
2020Q3,2020,Q3,2020-10-27,2020-09-26,394900000.0,3850200000.0,520300000.0,2.44,1376300000.0,0.35746195002856995,23040900000.0,10372900000.0,5787000000.0,4221800000.0,12661600000.0,2874700000.0,7200400000.0,25008254100.0,28990054100.0,66.33561424825734,1.3707423373916339,0.20245736928679,0.4497103028082793,0.028823264513191314,66.33561424825734,0.038070356409490115,6.495312996727443,15.832017029627755,2.4109221239961824,0.30134211192707017,0.8605767558353915,0.004758428938068091,0.16710284754501778,0.5796579657965797,0.017139087448840976,40.657216875304826,0.35746195002856995,0.6052631578947368,0.6112226813742331,0.26972066865617694,0.7164560756477172,0.3590401895921793,0.6564597315436241,2.1362266425557563,0.37865669508632827,0.11735219362685714,0.23878285879054778,Tools & Accessories,Industrials,SWK
2020Q2,2020,Q2,2020-07-31,2020-06-27,238400000.0,3147400000.0,165900000.0,1.52,1012700000.0,0.32175764122767997,22984400000.0,9959500000.0,5769500000.0,4578300000.0,13018800000.0,2753400000.0,6924500000.0,20894279100.0,25399379100.0,64.95467292767233,1.2601839110586899,0.23341483789004716,0.538671620061248,0.022255889027601828,64.95467292767233,0.023936944625734223,6.638583942301582,21.91094704278524,2.0979245042421812,0.4437919463087248,0.7752959976756011,0.005063586998797197,0.13693635683333044,0.5633532097066597,0.010372252484293696,79.23503640500569,0.32175764122767997,0.7272727272727273,0.01322430769315554,0.06010057964709493,0.6626541127551328,-0.010165184243964422,0.7897897897897898,-0.15270684371807966,-0.16137510612173114,-0.04967670221470413,0.2612510348192209,Tools & Accessories,Industrials,SWK
2020Q1,2020,Q1,2020-05-01,2020-03-28,133200000.0,3129400000.0,195800000.0,0.88,1023100000.0,0.3269316801942864,22905000000.0,8953400000.0,5692900000.0,5370300000.0,13945800000.0,2532400000.0,6796600000.0,14530897800.0,19883497800.0,59.5583050621965,1.0600711319665568,0.2767823619297097,0.7080773784260728,0.011673469042363204,59.5583050621965,0.014877029955100856,4.643349459960376,27.27270608108108,1.622947461299618,0.7927927927927928,0.8317406412888959,0.007267272914134734,0.1366251910063305,0.496918235480327,0.0058153241650294694,-29.770329440688382,0.3269316801942864,-0.33333333333333337,-0.16924149495878008,0.20446565540601563,0.6140309157153025,-0.11847320351542305,-0.3309894525364139,-0.3234277816171389,-0.6636839197977119,0.1070870659968656,0.30464296876168484,Tools & Accessories,Industrials,SWK
2019Q4,2019,Q4,2020-02-21,2019-12-28,199100000.0,3714200000.0,289400000.0,1.32,1160600000.0,0.3124764417640407,20596600000.0,9136300000.0,4456600000.0,4405700000.0,11454400000.0,2255000000.0,6772800000.0,24721754400.0,28082154400.0,61.31086594728083,1.011553215153097,0.17760698367691755,0.4003918435252783,0.01998192227919842,61.31086594728083,0.021792191587404093,6.656010554089709,31.041881466599698,2.7058825126145156,0.5243596182822702,1.1324168514412416,0.004223001260784307,0.18033073419884835,0.3977347527067208,0.009666644009205402,22.431498412122313,0.3124764417640407,-0.1372549019607843,0.4277280772567634,0.3338136950117717,0.4857711971691849,-0.063654699475595,-0.13622559652928418,-0.18340857787810383,-0.2305277480021057,0.2558435912291569,0.4169290670351246,Tools & Accessories,Industrials,SWK
2019Q3,2019,Q3,2019-10-25,2019-09-28,230500000.0,3633100000.0,354400000.0,1.53,1239500000.0,0.34116869890726925,21322500000.0,8262300000.0,5328000000.0,5441900000.0,13054300000.0,2743500000.0,6678100000.0,21227401500.0,26282501500.0,55.69464105156724,0.9790698101765928,0.2516965646617423,0.6495527879646104,0.020779606099273946,55.69464105156724,0.02789780085448362,5.842779306927968,23.023212039045557,2.5691879379833704,0.4438177874186551,0.8724621833424457,0.004819242713244953,0.17038808770078556,0.40689832595233283,0.010810177043029664,221.118765625,0.34116869890726925,-0.35443037974683544,0.028145368665231634,0.3216968831589865,0.2532094354994933,-0.04639175257731959,-0.3530732528767892,-0.22161212387436854,-0.09227821829599285,0.235634709072525,0.3420428793285926,Tools & Accessories,Industrials,SWK
2019Q2,2019,Q2,2019-07-23,2019-06-29,356300000.0,3761300000.0,455300000.0,2.37,1299800000.0,0.3455720096775051,21523600000.0,8228000000.0,5345200000.0,5653100000.0,13290300000.0,2863200000.0,6549900000.0,21416596390.000004,26479696390.000004,55.557431177793234,0.9455343086094355,0.24967012953223439,0.6531113271754982,0.02919500414516601,55.557431177793234,0.04330335439961108,5.693934647595247,15.027081385068763,2.602892123237725,0.2742071288240247,0.8597024308466052,0.004561882673645511,0.17475236484602946,0.37759813199837255,0.016553922206322364,53.03763345715702,0.3455720096775051,1.0973451327433632,0.737037638218003,0.37584085832032554,0.2309905756265755,0.17565123010130246,1.0971159505591523,0.8024544734758512,0.2860741813527577,0.25699860102815003,0.38939050124735447,Tools & Accessories,Industrials,SWK
2019Q1,2019,Q1,2019-04-26,2019-03-30,169900000.0,3333600000.0,252600000.0,1.13,1105600000.0,0.3316534677225822,21460300000.0,7932500000.0,5253900000.0,5766200000.0,13523600000.0,2791600000.0,6291300000.0,20134504710.0,25545904710.0,53.64763328215984,0.9111546599146751,0.2652898608127566,0.7177056413488812,0.01618787657862206,53.64763328215984,0.021418216199180586,6.039868223542117,29.62699339317245,2.53822939930665,0.5744555620953502,0.7981086115489325,0.0048474000928131105,0.15533799620694957,0.3752731434913808,0.00791694431112333,-38.65330142061816,0.3316534677225822,3.5111111111111106,0.10648889686990813,0.33100138179236777,0.21255099696354335,-0.04681438055004742,2.5908239700374533,-0.08742774566473989,-0.11504767666402231,0.23074264759300253,0.38051375416657657,Tools & Accessories,Industrials,SWK
2018Q4,2018,Q4,2019-02-26,2018-12-29,-106800000.0,3634700000.0,276800000.0,-0.45,1159900000.0,0.31911849671224585,19408000000.0,7836200000.0,4569400000.0,4001600000.0,11568100000.0,2373500000.0,6219000000.0,17537169060.0,21446869060.0,53.09726118361318,1.141893242702919,0.21632316570486398,0.5357698884663484,-0.014257526276818021,53.09726118361318,-0.013629054899058217,4.824928896470135,-41.051425702247194,2.237968538322146,-0.9213483146067416,1.0426795871076469,0.005610939808092378,0.18727844187963727,0.47393542582966813,-0.005502885408079142,16.605595170911844,0.31911849671224585,-1.272727272727273,-3.0060368505731283,0.31796378311195933,0.21444600558684157,-0.06338824289405685,-1.430992736077482,-0.2274630198157968,-1.3976971147783628,0.26290579712549056,0.33307784169224164,Tools & Accessories,Industrials,SWK
2018Q3,2018,Q3,2018-10-26,2018-09-29,247800000.0,3494800000.0,358300000.0,1.65,1238400000.0,0.35435504177635346,20447700000.0,8082200000.0,5555400000.0,6052000000.0,12362600000.0,2649700000.0,6424300000.0,21667848160.0,26517448160.0,54.6227460733692,0.9179444811632518,0.2552022965908146,0.6456534111999208,0.021938055751892182,54.6227460733692,0.03065996882037069,6.200025226050132,21.860218079096043,2.6809344188463538,0.3930589184826473,0.8515681020492886,0.004495139493353363,0.17091408813705208,0.43041969596827495,0.01211872239909623,263.9201968331303,0.35435504177635346,-0.1450777202072539,0.564189311108889,0.3271484552642465,0.22084424158534507,-0.037836997902260895,-0.15599455040871935,-0.010220994475138122,0.06848174830505399,0.2179924586710124,0.41338171702631205,Tools & Accessories,Industrials,SWK
2018Q2,2018,Q2,2018-07-20,2018-06-30,293600000.0,3643600000.0,362000000.0,1.93,1287100000.0,0.3532495334284773,20179600000.0,8185400000.0,5322600000.0,5638900000.0,11991800000.0,2444200000.0,6273900000.0,19888031880.0,24413831880.0,54.66116408900286,0.9439074996896558,0.2433943190152431,0.6000439807462067,0.027546031948903003,54.66116408900286,0.035868741906321014,5.458346657152267,16.93463205040872,2.4296957851784886,0.32084468664850135,0.9641191391866459,0.004736516944883337,0.18055858391643045,0.4499459114366277,0.014549346865150945,230.45228134414833,0.3532495334284773,0.7387387387387385,0.6249208665212824,0.31493621653247916,0.2753695885127883,0.10414343313030797,0.7209847596717468,0.20989304812834225,0.2776782600402479,0.2565851696111597,0.39916968532444846,Tools & Accessories,Industrials,SWK
2018Q1,2018,Q1,2018-04-23,2018-03-31,170600000.0,3209300000.0,299200000.0,1.11,1165700000.0,0.3632256255258156,19683200000.0,8439200000.0,5077900000.0,4810200000.0,11241400000.0,2350300000.0,6074500000.0,23073758400.0,26873258400.0,56.032719836400815,1.0556525716186438,0.21363904243212486,0.49828182766138973,0.01598510103574032,56.032719836400815,0.020215186273580436,7.189654566416352,33.81265885111372,2.7341167883211677,0.556271981242673,0.8695060205080203,0.004112897359625643,0.16304767517476834,0.4972142530456114,0.008667289871565599,-50.633658986175114,0.3632256255258156,-0.3967391304347826,1.1725720916449625,0.33264854925302423,0.3176714946999591,-0.0662447933354694,-0.3939609236234458,-0.22966014418125644,0.062027298308667725,0.23290535982014676,0.5184875058670725,Tools & Accessories,Industrials,SWK
2017Q4,2017,Q4,2018-02-27,2017-12-30,281500000.0,3413500000.0,388400000.0,1.84,1248400000.0,0.3657243298667057,19079900000.0,8297100000.0,4566100000.0,4361800000.0,10780000000.0,2018400000.0,5990400000.0,25467075200.0,28661275200.0,55.28451492537314,1.046838461185749,0.20082390368922268,0.4618119583951019,0.026336021842251853,55.28451492537314,0.03392751684323438,7.460692895854694,22.61729591474245,3.0693947523833627,0.33747779751332146,1.0726813317479191,0.00373030665099697,0.1789055498194435,0.5212068412123435,0.014753746088815979,32.38849701131883,0.3657243298667057,0.02222222222222224,-0.385406671997157,0.8932680216374919,0.3367921915299388,-0.002955035540292309,0.02662290299051787,-0.031179845347967073,1.004299970057122,0.21713814755736333,0.3397321772655908,Tools & Accessories,Industrials,SWK
2017Q3,2017,Q3,2017-10-25,2017-09-30,274200000.0,3298600000.0,400900000.0,1.8,1252100000.0,0.3795852786030437,19773200000.0,8015700000.0,5028700000.0,4002200000.0,11754400000.0,2247400000.0,5803900000.0,22598548330.0,26518948330.0,53.54902497845533,1.25648393383639,0.2227105374951955,0.5493843332460047,0.025003432300968166,53.54902497845533,0.034207867060892995,6.850951412720548,20.604073969730123,2.819285693077336,0.3453683442742524,0.910607813473347,0.00419053465811713,0.16682175874415875,0.6229323871870471,0.013867254667934375,84.98889932305379,0.3795852786030437,-0.010989010989010999,1.5917078492741616,0.28887413889798363,0.21147570668458643,0.032915360501567396,-0.010822510822510822,-0.007673267326732673,0.21212862619490566,0.18927374748801468,0.20492999142706314,Tools & Accessories,Industrials,SWK
2017Q2,2017,Q2,2017-07-25,2017-07-01,277200000.0,3229500000.0,404000000.0,1.82,1212200000.0,0.37535222170614646,19312300000.0,7700000000.0,4839100000.0,3866900000.0,11605900000.0,2078000000.0,5624400000.0,21041105220.0,24910705220.0,51.50019396176947,1.2514158628358634,0.22830527694785188,0.5726103896103896,0.0258549549374982,51.50019396176947,0.036,6.5152826196005575,18.976465746753245,2.732611067532467,0.3120490620490621,0.9707892204042349,0.004111000781355344,0.16722503275114822,0.6380821846957511,0.01435354670339628,156.6724141474311,0.37535222170614646,-0.29729729729729726,0.9651755408453623,0.25938759368713665,0.2346231701296035,0.1378954285177884,-0.29483591961332994,0.47230320699708456,0.3386187320822467,0.17013449690321886,0.14109403667351156,Tools & Accessories,Industrials,SWK
2017Q1,2017,Q1,2017-04-25,2017-04-01,393100000.0,2805600000.0,274400000.0,2.59,1065300000.0,0.37970487596236097,18662100000.0,6811500000.0,4368300000.0,4214400000.0,11844000000.0,1976700000.0,5433800000.0,19825266960.0,24430266960.0,45.65103747788322,1.036517653758542,0.26701175108910574,0.7315569257872715,0.01935146722938547,45.65103747788322,0.05771122366585921,7.066319846022242,12.608284762147036,2.9105581678044485,0.22055456626812517,0.8804067385035665,0.004373207189337137,0.15033677881910396,0.49971526195899774,0.02106408174857063,-94.27135977175463,0.37970487596236097,0.5146198830409356,2.5588423020235402,0.1661592508077009,0.04274065280728117,-0.010496005944640535,0.5385518590998043,-0.15517241379310345,1.5370213943125983,0.11008996328241122,0.03181086694154418,Tools & Accessories,Industrials,SWK
2016Q4,2016,Q4,2017-02-15,2016-12-31,255500000.0,2920400000.0,324800000.0,1.71,1076600000.0,0.36864813039309685,15634900000.0,6367000000.0,4788500000.0,2807500000.0,9261300000.0,1478000000.0,5127300000.0,16876060050.0,19571660050.0,43.27024363722858,1.7056099732858414,0.2447984956731415,0.6011308308465525,0.02886981576905148,43.27024363722858,0.04012878906863515,5.778681019723326,16.512778913894326,2.6505512878906865,0.3405088062622309,1.2474966170500676,0.005155231715355267,0.1867872515973879,0.8671772039180766,0.016341645933136764,23.772446893928723,0.36864813039309685,0.017857142857142873,0.7419939598322212,0.19346575519588613,0.016513391060771373,-0.006918180979614426,0.026516673362796304,-0.12875536480686695,3.8133388985569607,0.062099311331433066,-0.010318547989073461,Tools & Accessories,Industrials,SWK
2016Q3,2016,Q3,2016-10-28,2016-10-01,248900000.0,2882000000.0,372800000.0,1.68,1084100000.0,0.3761623872310895,15720700000.0,6034500000.0,4262100000.0,3463000000.0,9639500000.0,1720300000.0,4958700000.0,17882521800.0,21379021800.0,41.499896843408294,1.2307536817788045,0.2491810161125141,0.649150716712238,0.028464081216903376,41.499896843408294,0.04124616786809181,6.2049,17.961552631578947,2.9633808600546856,0.3394937725994375,1.0451084113236064,0.004725284327627662,0.1833251699987914,0.6211377418423333,0.01583262831807744,106.0647793594306,0.3761623872310895,-0.0869565217391305,0.8264384695173829,0.24014455967118695,-0.02729383587918171,-0.039684648773142,-0.08324125230202578,-0.0776843146956952,0.5987284272224032,0.1136608285885277,-0.07245765308818757,Tools & Accessories,Industrials,SWK
2016Q2,2016,Q2,2016-07-25,2016-07-02,271500000.0,2932400000.0,404200000.0,1.84,1128900000.0,0.3849747646978584,15740800000.0,5803500000.0,4293200000.0,3709900000.0,9890700000.0,1688600000.0,4793800000.0,16301563199.999998,19905363200.0,39.98690874013849,1.1572279576268902,0.26504370807074606,0.7188765400189541,0.03038945416269861,39.98690874013849,0.04678211424140605,5.559119901786931,15.010647513812152,2.8089193073145515,0.29392265193370165,1.068044533933436,0.004895236059324667,0.18629294572067492,0.5766193158845252,0.017248170359829233,39.02696480727795,0.3849747646978584,0.43750000000000006,0.5939965955460557,0.2949006473902324,-0.1073958214298347,0.15476677577741407,0.4334741288278775,0.36738836265223274,0.5503682715499019,0.09190807562438633,-0.06701424684680253,Tools & Accessories,Industrials,SWK
2016Q1,2016,Q1,2016-04-22,2016-04-02,189400000.0,2672100000.0,295600000.0,1.28,977600000.0,0.36585457131095395,15607400000.0,5668600000.0,4016800000.0,3696600000.0,9892200000.0,1685000000.0,4601800000.0,15555576800.0,19509576800.0,38.86062932748337,1.0866201374235784,0.2759075823007035,0.7596584694633596,0.021995673094624267,38.86062932748337,0.03341212997918357,5.821480034429849,20.532704329461456,2.744165543520446,0.42027455121436114,1.0056379821958457,0.0051171358685973,0.17120724784397146,0.5261591732943787,0.012135269167189922,-98.45301772151899,0.36585457131095395,-0.2768361581920904,0.36844252262320737,0.2869792595766573,-0.1136730574241768,-0.036087556694931966,-0.2866290018832392,-0.1459115862467495,1.4903978738225863,0.14564908989955072,-0.08614924136412935,Tools & Accessories,Industrials,SWK
2015Q4,2015,Q4,2016-02-19,2016-01-02,265500000.0,2845400000.0,346100000.0,1.77,1014200000.0,0.35643494763477895,15172300000.0,5811600000.0,3662100000.0,2802600000.0,9313100000.0,1526400000.0,4491700000.0,15572760840.0,18951560840.0,39.830578172547085,1.306679511881824,0.25336962754493386,0.6614701631220318,0.03126968709454624,39.830578172547085,0.04568449308279992,5.472960160258663,14.663616610169493,2.6795995663844723,0.303954802259887,1.199685534591195,0.005182125432294252,0.18753913381623089,0.6412616855776778,0.017498994878825228,22.345760998708567,0.35643494763477895,0.16447368421052633,1.2086438954534562,0.3518060791559648,-0.05058818945959059,-0.0124634858812074,0.1609094884127678,-0.01311662389506701,-0.4037647010444938,0.6233016720577557,-0.03688752705784206,Tools & Accessories,Industrials,SWK
2015Q3,2015,Q3,2015-10-27,2015-10-03,228700000.0,2829500000.0,350700000.0,1.52,1027000000.0,0.36296165400247393,15870900000.0,5639000000.0,4273300000.0,3422300000.0,10150300000.0,1867000000.0,4306400000.0,14220486060.0,18231486060.0,38.64684636525005,1.2486631797329282,0.27120705190001826,0.7633090973576875,0.026632201606727093,38.64684636525005,0.04055683631849619,5.025794684573246,15.544912614779186,2.521809906011704,0.3484914735461303,0.9654525977504017,0.005604590424246019,0.17828226502592795,0.579785524354966,0.014410020855780076,83.40461032258065,0.36296165400247393,0.020134228187919483,1.1092769803100928,0.35707691155792437,-0.07263118748423814,-0.02856602345819145,0.006602112676056338,-0.018197088465845463,1.217617353215316,0.1342072173486491,-0.1256663304269466,Tools & Accessories,Industrials,SWK
2015Q2,2015,Q2,2015-07-31,2015-07-04,227200000.0,2866900000.0,357200000.0,1.49,1057200000.0,0.36876068227004777,15998800000.0,5784200000.0,4344800000.0,3385000000.0,10132300000.0,1839600000.0,4157000000.0,15947434890.0,19819234890.0,39.0668584820916,1.2835450516986706,0.26650123759281946,0.7371287299885896,0.02666228764219389,39.0668584820916,0.03927941634106705,5.562605912309463,17.547793672975352,2.7570683741917636,0.3380281690140845,0.983746466623179,0.004815821511718992,0.17919468960172014,0.6020088626292467,0.014201065079880991,64.59066379100851,0.36876068227004777,0.43269230769230765,4.456168821640824,0.3329571348663725,-0.03741440670078522,0.08586688578471652,0.39987677141096734,0.36335877862595417,0.626535325771818,0.128973414599083,-0.06344335902949076,Tools & Accessories,Industrials,SWK
2015Q1,2015,Q1,2015-04-29,2015-04-04,162300000.0,2630000000.0,262000000.0,1.04,973600000.0,0.37019011406844105,15943700000.0,5615200000.0,4324700000.0,3446800000.0,10246500000.0,1742200000.0,4006400000.0,14549164920.0,18575564920.0,36.900349604395025,1.254700011604967,0.2798534844484028,0.794611055705941,0.01950259477736637,36.900349604395025,0.02890368998432825,5.532001870722434,22.410913308687615,2.591032362159852,0.5095502156500308,0.9507519228561588,0.0056841750337379504,0.16495543694374581,0.59426134385517,0.01017956935968439,-59.7747120788825,0.37019011406844105,0.14285714285714285,1.959232813465077,0.33761683386632335,-0.4466760398918461,-0.06303531902608026,0.11316872427983539,-0.14907437479701202,0.4407266200846877,0.07187765601054139,-0.15713865968664686,Tools & Accessories,Industrials,SWK
2014Q4,2014,Q4,2015-02-19,2015-01-03,145800000.0,2911400000.0,307900000.0,0.91,1039100000.0,0.3569073298069657,15849100000.0,6429100000.0,3948800000.0,2832000000.0,9337200000.0,1562700000.0,3926300000.0,14959819980.0,18310519980.0,41.26534830133698,1.3943502824858758,0.24274564486311526,0.5984196854925262,0.024632924537219818,41.26534830133698,0.022678135353315393,5.138359545235969,25.651268827160493,2.326891785786502,0.5541838134430727,1.198118640813976,0.005401134512849934,0.18369497321614475,0.6685381355932203,0.009199260525834274,23.01510766153846,0.3569073298069657,-0.38095238095238093,0.612055092963186,0.8828003795916796,1.029338451884691,-0.010475192838777259,-0.3840304182509506,-0.08986107005616317,-0.06115454574914304,0.12369990323198143,-0.03058601918742178,Tools & Accessories,Industrials,SWK
2014Q3,2014,Q3,2014-10-23,2014-09-27,236700000.0,2902200000.0,338300000.0,1.47,1050100000.0,0.36182895734270554,16733800000.0,6960800000.0,4452100000.0,3387300000.0,9689800000.0,1758000000.0,3863900000.0,14132544440.0,17935244440.0,44.441606864672984,1.3143506627697576,0.256337472660125,0.6162366394667279,0.024336863232116056,44.441606864672984,0.03400471210205724,4.869597009165461,14.926641782847488,2.0303046259050683,0.34389522602450356,1.0535267349260524,0.00575975545985971,0.17343341022361927,0.6931479349334279,0.014145023843956543,74.81495203811541,0.36182895734270554,0.08088235294117638,1.0007705649882532,0.5838699387015888,0.8600531427511984,-0.0030380708250261085,0.09330254041570439,0.014697060587882423,0.6125132031430441,0.15939265781929965,0.04165620227482025,Tools & Accessories,Industrials,SWK
2014Q2,2014,Q2,2014-07-31,2014-06-28,216500000.0,2885500000.0,333400000.0,1.36,1053300000.0,0.3650320568359037,16958800000.0,7054900000.0,4400600000.0,3387000000.0,9821500000.0,1721700000.0,3708200000.0,13762060640.000002,17579660640.0,45.132296118119704,1.2992618836728669,0.25551925843809703,0.6142255737147231,0.0219144873037461,45.132296118119704,0.03068789068590625,4.769385077109687,15.891524988452655,1.950709526711931,0.36212471131639723,1.064180751582738,0.005696821286495944,0.17014765195650636,0.6803956303513433,0.012766233459914617,36.62070420436403,0.3650320568359037,0.3333333333333334,0.5808501079072258,0.5930472604577225,0.9937682542529832,0.09684473601999376,0.3372452130945028,0.30899096976835494,0.18016893911350926,0.18304983632126362,0.00746162613619871,Tools & Accessories,Industrials,SWK
2014Q1,2014,Q1,2014-04-25,2014-03-29,161900000.0,2640800000.0,254700000.0,1.02,960300000.0,0.36363980611935776,16832900000.0,6897800000.0,4271200000.0,3455800000.0,9853600000.0,1663100000.0,3569400000.0,12579974450.0,16661974450.0,44.24360989063853,1.235951154580705,0.2682009635891617,0.6544985357650265,0.017432542398288713,44.24360989063853,0.02347125170344168,4.763698292184187,19.425531886967264,1.823766193568964,0.49845583693638046,1.010462389513559,0.006414957384909475,0.15688324649941485,0.6448289831587476,0.009618069376043344,-59.96174666348904,0.36363980611935776,1.9142857142857146,1.1818253600501634,0.46953258564900346,1.0773515683625297,-0.06830309498399147,1.8859180035650625,1.7416576964477932,0.09445869106586594,0.19003652663055404,0.009101091812571308,Tools & Accessories,Industrials,SWK
2013Q4,2013,Q4,2014-02-21,2013-12-28,56100000.0,2906000000.0,92900000.0,0.35,1030700000.0,0.35467997247075017,16535100000.0,6799200000.0,3968700000.0,3221000000.0,9654600000.0,1485200000.0,3484900000.0,12598027120.0,16303827120.0,43.721384844899426,1.2321328779882024,0.254126071206101,0.6180138839863514,0.010183113713798066,43.721384844899426,0.00825097070243558,4.3351779490708875,56.14094081996436,1.8528690316507828,1.3850267379679144,1.2626582278481013,0.006167632380839008,0.1757473495775653,0.6610369450481217,0.003392782626050039,20.05416606176377,0.35467997247075017,-0.6634615384615385,22.811800697052316,0.37228974429388134,1.0516156233291698,0.04353548648375013,-0.6620481927710843,-0.5834080717488789,-0.5621360073501485,0.2953343299954115,0.042154069798066546,Tools & Accessories,Industrials,SWK
2013Q3,2013,Q3,2013-10-28,2013-09-28,166000000.0,2759300000.0,223000000.0,1.04,987700000.0,0.35795310404812813,17023700000.0,6936900000.0,4431200000.0,3948800000.0,10005400000.0,1629500000.0,3506000000.0,14045345370.0,18193245370.0,44.74178131228111,1.122163695299838,0.27121013645682196,0.6655710764174199,0.017514300839616064,44.74178131228111,0.0239299975493376,5.090184238756207,21.15262856927711,2.0247293992993987,0.46686746987951805,1.0872046640073643,0.005517842242992135,0.16208579803450485,0.6091724068071313,0.00975111168547378,2600.989883333333,0.35795310404812813,-0.11864406779661009,-0.4870673685251,0.25260859002529584,0.8840557315833557,-0.019652605459057074,-0.1127739176910743,-0.21534130893736805,0.4408255698817027,0.24545934372126593,0.07362272753821326,Tools & Accessories,Industrials,SWK
2013Q2,2013,Q2,2013-07-31,2013-06-29,187100000.0,2869300000.0,284200000.0,1.18,1007500000.0,0.35113093785940824,16702900000.0,6645900000.0,4256900000.0,3929900000.0,9978400000.0,1475800000.0,3416800000.0,11986447200.0,16143147200.0,42.85907754217613,1.0832082241278405,0.2824898670290788,0.709971561413804,0.019639160417664378,42.85907754217613,0.02815269564694022,4.177481336911442,16.01609727418493,1.8035852480476686,0.41902725815072156,1.2615530559696435,0.006540720422979047,0.1717845404091505,0.599506348762055,0.011201647618078297,125.11949060542797,0.35113093785940824,1.3137254901960782,0.19219820598633663,0.26090577136939336,0.8817989441702411,0.10604896256449665,1.3070283600493218,1.2360346184107003,3.2901955597654893,0.2738063993837027,0.056023754843363256,Tools & Accessories,Industrials,SWK
2013Q1,2013,Q1,2013-04-26,2013-03-30,81100000.0,2487200000.0,127100000.0,0.51,910900000.0,0.36623512383403023,16897500000.0,6614700000.0,4425900000.0,4132600000.0,10238400000.0,1539700000.0,3304800000.0,12595045440.0,16874145440.0,42.52404340670644,1.0709722692735808,0.28623169107856195,0.7311896231121593,0.010018725701738543,42.52404340670644,0.01226057115213086,5.063945577356063,38.82566411837238,1.9040992698081545,0.9753390875462392,1.0237708644541144,0.006280247290636215,0.14719337180056222,0.5662778880123893,0.004799526557183015,-55.48478167400881,0.36623512383403023,-0.8294314381270904,-0.3941001477092586,0.15194721114613197,0.957627012824756,0.32648900538808795,-0.8351626016260163,-0.2278250303766707,1.4689056981128787,0.23750178903794905,-0.36234826092793054,Tools & Accessories,Industrials,SWK
2012Q4,2012,Q4,2013-02-20,2012-12-29,492000000.0,1936700000.0,164600000.0,2.99,686700000.0,0.3545722104610936,15844000000.0,6667100000.0,4098300000.0,3073400000.0,9116900000.0,1316600000.0,3299500000.0,11616936720.0,14438936720.0,41.35610252338535,1.333474328105681,0.2233021964150467,0.5306655067420618,0.04616285501603491,41.35610252338535,0.07379520331178474,5.998315030722363,5.902915,1.7424272502287352,0.16808943089430894,0.949415160261279,0.0071189162851874425,0.12223554657914668,0.7334548057525867,0.031052764453420853,27.554403984819736,0.3545722104610936,3.333333333333334,1.6129466367026006,-0.18677672075606858,0.8907526768357116,-0.31976225854383356,3.2708333333333335,-0.07476110174255199,4.257203141231625,0.21040874300220996,1.0338015435597876,Tools & Accessories,Industrials,SWK
2012Q3,2012,Q3,2012-10-29,2012-09-29,115200000.0,2786700000.0,177900000.0,0.69,1009500000.0,0.3622564323393261,17114200000.0,7204400000.0,4753900000.0,4670300000.0,9850300000.0,1702000000.0,2886900000.0,12427987500.0,15932687500.0,44.201484753665866,1.017900349013982,0.24974582510429935,0.5932763311309756,0.012394413482795474,44.201484753665866,0.015990228193881517,4.4597507804930565,26.970458984375,1.725055174615513,0.7161458333333334,1.0441833137485312,0.006638242917447415,0.16282969697677951,0.5565809476907265,0.006731252410279183,199.8068729903537,0.3622564323393261,-0.2500000000000001,-0.36367083239188663,0.24362080153256396,1.1457446625034846,-0.01261737089201878,-0.2558139534883721,-0.252834943301134,-0.06424974676462084,0.46147314208958984,0.8500031036384614,Tools & Accessories,Industrials,SWK
2012Q2,2012,Q2,2012-07-30,2012-06-30,154800000.0,2814200000.0,238100000.0,0.92,1022400000.0,0.3633004050884798,16350400000.0,6844400000.0,4305800000.0,3771100000.0,9458200000.0,1574900000.0,2850900000.0,10560317520.0,13912517520.0,41.71328969661511,1.141788867969558,0.2403610920833741,0.5741920402080533,0.016590115669926166,41.71328969661511,0.02261702998071416,3.752511378011513,17.054776356589148,1.542913552685407,0.4450904392764858,1.137723030033653,0.006524425034523015,0.1721181133183286,0.5975975179655804,0.009467658283589392,55.52217413249211,0.3633004050884798,0.2777777777777779,-0.08410904775502336,0.26472774515593894,1.1850069705716344,0.03691683569979716,0.270935960591133,0.26045526733721547,0.07682775562560881,0.48014762413312456,0.8427299280299531,Tools & Accessories,Industrials,SWK
2012Q1,2012,Q1,2012-05-02,2012-03-31,121800000.0,2652900000.0,188900000.0,0.72,986000000.0,0.3716687398695767,16350300000.0,7203100000.0,4603300000.0,3437100000.0,9088700000.0,1589700000.0,2762200000.0,12662228799.999998,15418028799.999998,43.779857776697256,1.3392976637281429,0.22258918796597005,0.5052546820119116,0.013378732702005673,43.779857776697256,0.016909386236481513,4.7729762900976285,25.989796387520524,1.7578860212963863,0.5738916256157636,1.048562621878342,0.005520355152641058,0.16225390359809913,0.7591865235227372,0.0074494045980807696,-134.99177825159913,0.3716687398695767,-0.2577319587628866,-0.09269511468385655,0.2577899718549607,1.3159270825291434,0.017333883615352867,-0.2573170731707317,-0.16710758377425045,0.5553759192852368,0.39887701693875416,1.0555772108087806,Tools & Accessories,Industrials,SWK
2011Q4,2011,Q4,2012-02-23,2011-12-31,164000000.0,2736100000.0,226800000.0,0.97,969200000.0,0.3542268191952049,15949000000.0,7003600000.0,4322700000.0,3268500000.0,8882200000.0,1438600000.0,2707300000.0,11122228000.0,13667728000.0,42.56731295204522,1.322533272143185,0.2164649821305411,0.49294648466502944,0.021196850929501913,42.56731295204522,0.023416528642412473,4.064993238551223,16.954615853658535,1.5880729910331828,0.4225609756097561,1.2282079799805365,0.006230765994007676,0.17155307542792653,0.752669420223344,0.010282776349614395,25.364259977194983,0.3542268191952049,0.054347826086956444,-0.04637283695217493,0.3517071119981453,1.272386884916172,-0.005336617405582923,0.06080206985769728,0.05194805194805195,64.79487023643105,0.2212398939946926,0.997461073233738,Tools & Accessories,Industrials,SWK
2011Q3,2011,Q3,2011-11-07,2011-10-01,154600000.0,2636400000.0,215600000.0,0.92,974400000.0,0.3695949021392808,16483000000.0,7038000000.0,4737300000.0,3810300000.0,9381300000.0,1604600000.0,2609800000.0,8099634200.0,11064634200.0,42.66437118851614,1.2432879300842454,0.2315658557301462,0.5423273657289003,0.01634641366982359,42.66437118851614,0.0219664677465189,3.0722326657563346,13.097726714100906,1.150843165672066,0.44695989650711515,1.0357721550542192,0.008531249472970025,0.1599466116604987,0.7056662205075716,0.009379360553297337,82.14639148073023,0.3695949021392808,-0.19298245614035078,-0.15905979619213817,0.28154747242602207,1.3080427198285538,0.00723589001447178,-0.21642169285352256,-0.14444444444444443,-0.5510169146811705,0.12485363854238485,0.7965769514424688,Tools & Accessories,Industrials,SWK
2011Q2,2011,Q2,2011-07-27,2011-07-02,197300000.0,2623200000.0,252000000.0,1.14,967400000.0,0.3687862153095456,16033500000.0,7531400000.0,5339000000.0,3404700000.0,8449700000.0,1448400000.0,2521400000.0,12385326730.0,14143226730.0,44.798029966868704,1.5681264134872381,0.22907662082514735,0.4876782537111294,0.019704912518599932,44.798029966868704,0.02619698860769578,4.72145727737115,15.693520945261024,1.6444919576705528,0.34921439432336543,1.1431924882629108,0.005563034508658457,0.1636074469080363,1.0396216994155139,0.012305485389964762,113.21139606946984,0.3687862153095456,0.23913043478260854,0.2746233418377798,0.24366001979703764,1.5831938644434909,0.09620396600566572,0.2432262129804663,0.1943127962085308,0.15956726452526848,0.06324233996982864,0.9669318689746127,Tools & Accessories,Industrials,SWK
2011Q1,2011,Q1,2011-05-12,2011-04-02,158700000.0,2380700000.0,211000000.0,0.92,882500000.0,0.3706892930650649,15756000000.0,7333400000.0,5174500000.0,2992100000.0,8370200000.0,1413600000.0,2392500000.0,12825420120.000002,14503920120.000002,43.84457637556125,1.729387386785201,0.22607260726072606,0.4857228570649358,0.016901211019829887,43.84457637556125,0.02164071235716039,5.387247498634856,20.203875425330814,1.7489050263179429,0.4322621298046629,1.0598471986417657,0.00534875266136701,0.1510979944148261,1.1467865378830921,0.010072353389185072,254.9785312127237,0.3706892930650649,0.15,1.086213247984039,0.21797533794686186,1.7387826864529192,0.014834406623735051,0.1516690856313498,-0.09325311559948432,0.10266356017771665,0.025445642765064124,1.0184187627162575,Tools & Accessories,Industrials,SWK
2010Q4,2010,Q4,2011-02-18,2011-01-01,137800000.0,2412900000.0,232700000.0,0.8,869600000.0,0.3603962037382403,15139400000.0,7017000000.0,4815600000.0,2742200000.0,8069700000.0,1272000000.0,2301800000.0,11184609330.0,12875009330.0,41.95289939554822,1.7561082342644592,0.22694426463400136,0.4896394470571469,0.018313777900591705,41.95289939554822,0.01963802194670087,4.635338940693771,20.291381222786647,1.5939303591278324,0.409288824383164,1.2132861635220127,0.005042643720127147,0.1593788393199202,1.1532710962001314,0.00910207802158606,67.21520030048077,0.3603962037382403,-0.17525773195876282,0.13442515664775898,0.4759451116606673,1.4067822940658754,0.017909399508369426,0.1185064935064935,-0.07695358984529949,-0.2946210014678256,-0.023449643178696255,0.9180375323883125,Tools & Accessories,Industrials,SWK
2010Q3,2010,Q3,2010-11-01,2010-10-02,123200000.0,2369100000.0,252100000.0,0.97,854300000.0,0.36060107213709847,14872700000.0,6909200000.0,5102300000.0,3157100000.0,7935100000.0,1396800000.0,2219900000.0,10282481860.0,12093281860.0,41.673653290549055,1.616135060656932,0.23174675748182913,0.49885659700109997,0.017848114951588855,41.673653290549055,0.01783129740056736,4.3402481364231145,20.86542585227273,1.4882304550454468,0.4569805194805195,1.0844788087056128,0.005475331808657331,0.1592918568921581,1.0564442051249565,0.00828363377194457,40.11893039406945,0.36060107213709847,-0.217741935483871,-0.1924902170729026,0.4134905587018972,1.526846982207243,0.11092327698309493,1.6899563318777293,-0.04253703000379795,-0.3309865808911671,0.03938374953551064,1.0230320228734,Tools & Accessories,Industrials,SWK
2010Q2,2010,Q2,2010-07-30,2010-07-03,45800000.0,2365600000.0,263300000.0,1.24,769000000.0,0.3250760906323977,13995600000.0,6609200000.0,4872400000.0,3074700000.0,7361100000.0,1295200000.0,2152500000.0,8073954260.0,9565554260.0,40.585334700669954,1.5846749276352163,0.2207836748692446,0.4675301095442716,0.13514904676763054,40.585334700669954,0.006929734309750046,3.413068253297261,44.07180272925764,1.2216235338618895,1.1921397379912664,1.2327053736874614,0.00676248567204541,0.16902455057303725,1.023969818193645,0.003272457057932493,49.29154004884005,0.3250760906323977,0.7714285714285716,-0.6456903098846062,0.46358202329531906,1.6068816145838447,0.6867734152226366,1.4217311233885819,1.1251008878127522,-0.7269642789510973,0.07118523442244006,1.1259229341276986,Tools & Accessories,Industrials,SWK
2010Q1,2010,Q1,2010-05-13,2010-04-03,-108600000.0,1262000000.0,123900000.0,0.7,455900000.0,0.36125198098256733,14634700000.0,6513600000.0,4983900000.0,3158900000.0,8096300000.0,1397600000.0,2160800000.0,5664976000.0,7611776000.0,66.68850847735277,1.5777327550729685,0.23589140877503467,0.5299987718005404,0.012606806868274546,66.68850847735277,-0.016672807663964628,4.488887480190174,-13.040920810313075,0.8697150577253746,-0.31583793738489874,0.5767744705208929,0.006054747628233553,0.08623340416954225,0.9695780176643768,-0.007420719249455063,-173.24085626911315,0.36125198098256733,0.2280701754385965,-2.3827103989893734,0.32720597471177904,3.3576139243481746,0.156519533231862,-2.9153439153439153,3.1438127090301005,-2.362733095092814,0.007909688822138543,2.5277803702318695,Tools & Accessories,Industrials,SWK
2009Q4,2009,Q4,2010-02-22,2010-01-02,56700000.0,969400000.0,29900000.0,0.57,394200000.0,0.40664328450587994,4769100000.0,1986100000.0,1411900000.0,1192000000.0,2757600000.0,366200000.0,2295500000.0,5031084720.0,6013484720.0,20.334384470472603,1.184479865771812,0.29001279067329266,0.6963899098736217,0.009487720192152781,20.334384470472603,0.02854841145964453,5.18989552300392,22.18291322751323,2.5331477367705553,0.4708994708994709,1.5707263790278536,0.005307006636930575,0.20326686376884529,0.7824664429530201,0.011889035667107,19.115063525835865,0.40664328450587994,-0.24000000000000007,-0.45426377370520565,0.21080119161410088,0.3789686322881208,0.020186335403726708,-0.061258278145695365,-0.6845991561181435,-0.4446166691289147,-0.19326914981836701,0.08551809778551914,Tools & Accessories,Industrials,SWK
2009Q3,2009,Q3,2009-11-06,2009-10-03,60400000.0,935500000.0,94800000.0,0.75,386400000.0,0.4130411544628541,4802700000.0,1910600000.0,1405100000.0,1238600000.0,2867600000.0,437500000.0,2374700000.0,3276207020.0,4518907020.0,23.8926543781107,1.1344259647989665,0.30193432860682534,0.7589762378310478,0.02195165659857383,23.8926543781107,0.031613105830629123,3.502091950828434,13.56045951986755,1.71475296765414,0.43543046357615894,1.2550857142857144,0.008027575742145868,0.19478626605867533,0.6926368480542549,0.012576259187540342,20.748619506016468,0.4130411544628541,-0.13793103448275862,-0.02868554816548212,0.21501400323398304,0.7926689994635594,0.054009819967266774,-0.13093525179856116,-0.14824797843665768,-0.32224753531300526,-0.06190736128520667,0.29253673401429453,Tools & Accessories,Industrials,SWK
2009Q2,2009,Q2,2009-07-31,2009-07-04,69500000.0,919200000.0,111300000.0,0.87,366600000.0,0.39882506527415146,4749700000.0,1795700000.0,1375900000.0,1118300000.0,2929800000.0,466500000.0,2333700000.0,2573367880.0,3965367880.0,22.636681079581983,1.2303496378431549,0.3259784828515485,0.862226429804533,0.024279751603379824,22.636681079581983,0.038703569638581056,2.799573411662315,9.256718992805753,1.4330722726513336,0.3640287769784173,1.184565916398714,0.009831474231348532,0.1935280122955134,0.7253867477421085,0.014632503105459292,59.84576465116279,0.39882506527415146,0.8510638297872342,0.16920688122708513,0.19476290975825833,0.7816248656814406,0.015231237884242592,0.843501326259947,0.026752767527675275,-0.04844180382325748,-0.07641673955269848,0.30530149918169547,Tools & Accessories,Industrials,SWK
2009Q1,2009,Q1,2009-05-05,2009-04-04,37700000.0,913000000.0,108400000.0,0.47,361100000.0,0.3955093099671413,4723700000.0,1687000000.0,1391100000.0,1098100000.0,3017500000.0,503700000.0,2288000000.0,2561619060.0000005,4034119060.0000005,21.298084813594414,1.2668245150714872,0.33882337997755996,0.9487255483106105,0.02440155554433229,21.298084813594414,0.022347362181387078,2.805716385542169,16.98686379310345,1.518446390041494,0.6710875331564987,1.0956918800873536,0.009876566112058833,0.19328069098376272,0.7167835351971588,0.007981031818278046,-141.5259149171271,0.3955093099671413,30.125827814569533,-0.7468968234493473,0.20842862313843247,0.731421240079758,-0.07906146391226727,30.416666666666668,6.970588235294118,0.04649724147508491,-0.013676079831988822,0.33040003494232734,Tools & Accessories,Industrials,SWK
2008Q4,2008,Q4,2009-02-26,2009-01-03,1200000.0,1078600000.0,13600000.0,0.0151,392100000.0,0.3635267939922121,4879200000.0,1688000000.0,1499300000.0,1197200000.0,3191200000.0,514700000.0,2269500000.0,2809543230.0,4245143230.0,21.310709641581134,1.2523387905111927,0.33759632726676503,0.975829383886256,0.004909903515255947,21.310709641581134,0.0007109004739336493,2.604805516410161,585.32150625,1.6644213447867298,21.0,1.3337866718476783,0.008969429525382317,0.22106082964420395,0.7428165720013364,0.00024594195769798326,27.927865109343937,0.3635267939922121,-0.9926699029126214,-0.9642587470901778,0.8634364800828207,1.0260314542545828,-0.09109874826147427,-0.9927051671732523,-0.9130434782608695,-0.9791395898709285,0.39317690033945524,0.22256719745999273,Tools & Accessories,Industrials,SWK
2008Q3,2008,Q3,2008-11-03,2008-09-27,164500000.0,1119700000.0,156400000.0,2.06,431400000.0,0.38528177190318835,5121300000.0,1871500000.0,1848500000.0,1498800000.0,3249800000.0,571400000.0,2288900000.0,3522717600.0,4874017600.0,23.74758907725104,1.2333199893247933,0.32230097826723686,0.8819663371627037,0.033282768520410025,23.74758907725104,0.08789740849585893,3.1461262838260247,5.353674164133738,1.8822963398343577,0.15319148936170213,1.2045852292614632,0.00715356802941002,0.21863589323023452,0.7899653055777955,0.032120750590670336,25.60114534883721,0.38528177190318835,1.06,3.0783445216215615,0.6174271321324027,1.394597549590382,-0.02376103190767142,1.0665829145728642,-0.014492753623188406,1.268291529485036,0.40542308077379474,0.4399151275791324,Tools & Accessories,Industrials,SWK
2008Q2,2008,Q2,2008-07-24,2008-06-28,79600000.0,1154200000.0,158700000.0,1.0,441900000.0,0.38286258880609947,5066500000.0,1791300000.0,2052800000.0,1485700000.0,3275200000.0,563300000.0,2147900000.0,3529025500.0,4807325500.0,22.77558804831532,1.3817055933230127,0.32813579394059017,0.9280969128565846,0.03383627191884516,22.77558804831532,0.044437001060682185,3.0575511176572516,11.083622801507536,1.9700918327471668,0.30527638190954776,1.264512693058761,0.0068857535883489656,0.22781012533307016,0.8832873393013394,0.015711043126418633,64.1641,0.38286258880609947,0.17647058823529416,5.982935832495951,0.7943859692479233,1.5071608794050657,0.06481927710843373,0.17058823529411765,0.17121771217712178,0.27500431696872596,0.4785562804362452,0.4629240385076502,Tools & Accessories,Industrials,SWK
2008Q1,2008,Q1,2008-04-25,2008-03-29,68000000.0,1096900000.0,135500000.0,0.85,415000000.0,0.37833895523748745,4954700000.0,1716600000.0,1899200000.0,1429500000.0,3238100000.0,591600000.0,2089200000.0,3723658000.0,5020758000.0,21.722239797532428,1.3285764253235397,0.3273457525178114,0.9448328090411278,0.02964470591528351,21.722239797532428,0.03961318886170337,3.39471054790774,13.689919117647058,2.1692054060351857,0.3573529411764706,1.1526369168356998,0.006525840987545043,0.22138575493975418,0.8505071703392795,0.0137243425434436,45.080605326876515,0.37833895523748745,-0.26086956521739124,2.935628714541811,0.8296534742709647,0.9367938940732039,-0.04311736223195758,-0.26327193932827736,-0.14779874213836477,0.07007912689658967,0.42577693859213656,0.41939198778006365,Tools & Accessories,Industrials,SWK
2007Q4,2007,Q4,2007-12-31,2007-12-31,92300000.0,1167400000.0,159000000.0,1.15,433700000.0,0.37150933698817884,4779900000.0,1728500000.0,1768400000.0,1277500000.0,3051400000.0,567300000.0,2045500000.0,3831131999.9999995,5095632000.0,21.872825055362227,1.38426614481409,0.3148392225778782,0.8706392826149841,0.03869379970597806,21.872825055362227,0.05339890078102401,3.2817646051053617,10.376847237269772,2.2164489441712467,0.26977248104008666,1.2933192314472062,0.0064993845161169074,0.2442310508588046,0.8522896281800392,0.019310027406431098,20.59748387096774,0.37150933698817884,0.05504587155963287,4.666691406209308,0.9604916226928261,0.9524009135531196,0.006031083275342148,0.009846827133479213,-0.08934707903780069,0.09801178595115494,0.8021672347227491,0.4832974017319335,Tools & Accessories,Industrials,SWK
2007Q3,2007,Q3,2007-09-30,2007-09-30,91400000.0,1131300000.0,174600000.0,1.09,431100000.0,0.381066030230708,4865400000.0,1695100000.0,1911100000.0,1389800000.0,3170300000.0,624500000.0,1974100000.0,4632814400.0,5960414400.0,20.599601399961113,1.3750899409987047,0.3305380852550664,0.9487345879299156,0.03846385230287952,20.599601399961113,0.053920122706624975,4.095124546981349,12.67181181619256,2.7330625921774523,0.2778993435448578,1.121216973578863,0.00548262844287481,0.232519422863485,0.8539358181033242,0.01878571134952933,38.99675420875421,0.381066030230708,0.07920792079207928,0.7581259168760648,0.7886313310104857,0.8292868599091621,-0.0023142791020597086,0.07151230949589683,0.0652837095790116,0.428360965586115,0.42785512336311915,0.5455908015330574,Tools & Accessories,Industrials,SWK
2007Q2,2007,Q2,2007-06-30,2007-06-30,85300000.0,1123000000.0,163900000.0,1.01,432100000.0,0.3847729296527159,4657000000.0,1580900000.0,1777600000.0,1329400000.0,3076100000.0,604400000.0,1905100000.0,5026567000.0,6394067000.0,19.09068953024997,1.337144576500677,0.3421086536396822,1.007780378265545,0.037970768797888944,19.09068953024997,0.05395660699601493,4.476016918967052,14.732025205158266,3.179560377000443,0.28839390386869873,1.1431171409662475,0.004893996240376384,0.24114236633025554,0.812471791785768,0.018316512776465534,59.27555424528302,0.3847729296527159,0.26249999999999996,0.39656504459379316,0.7930152924066728,0.7398334468143921,0.09309385277004807,0.2618343195266272,0.202494497432135,0.3746553764809125,0.39826574458759956,0.5025368361431973,Tools & Accessories,Industrials,SWK
2007Q1,2007,Q1,2007-03-31,2007-03-31,67600000.0,1062100000.0,136300000.0,0.8,395300000.0,0.37218717634874304,4640400000.0,1566200000.0,1741600000.0,1295900000.0,3074200000.0,615700000.0,1837000000.0,4586631360.0,5917131360.0,18.903815282857177,1.3439308588625665,0.33214809068183776,0.9841016472991955,0.03215884877221334,18.903815282857177,0.04316179287447325,4.318455286696168,16.962394082840238,2.9285093602349637,0.3683431952662722,1.0829949650803963,0.005428820859062891,0.2288811309369882,0.782622115904005,0.014567709680199983,67.84957633136095,0.37218717634874304,-0.2156862745098039,0.42691340423154484,0.7776704009702924,0.8433483185397721,0.06234883095941951,-0.21939953810623555,0.031013615733736764,-0.5661099237173032,0.3439787765411013,0.5367798365790915,Tools & Accessories,Industrials,SWK
