Quarters,Year,Quarter,FillingDate,Date,NetIncome,Revenue,OperatingIncome,EPSDiluted,GrossProfit,GrossProfitRatio,TotalAssets,CommonStockEquity,CurrentAssets,CurrentLiability,TotalLiability,Inventory,RetainedEarnings,MarketCap,EnterpriseValue,bookValuePerShare,currentRatio,debtToAssets,debtToEquity,roic,shareholdersEquityPerShare,roe,priceToSalesRatio,peRatio,pbRatio,payoutRatio,inventoryTurnover,dividendYield,assetTurnover,quickRatio,returnOnAssets,priceToFreeCashFlowsRatio,grossProfitMargin,epsdilutedGrowth,fiveYNetIncomeGrowthPerShare,fiveYRevenueGrowthPerShare,fiveYShareholdersEquityGrowthPerShare,grossProfitGrowth,netIncomeGrowth,operatingIncomeGrowth,threeYNetIncomeGrowthPerShare,threeYRevenueGrowthPerShare,threeYShareholdersEquityGrowthPerShare,Industry,Sector,Symbol
2023Q1,2023,Q1,2023-04-21,2023-02-28,766812.0,7824415.0,1683171.0,0.09,5757051.0,0.7357803746,66134035.0,-687517.0,10637111.0,18911877.0,66821552.0,900052.0,-20870701.0,32344222.68,41980992.68,-0.08119888877787061,0.5624566509183621,0.16647810767935148,-16.013958927561063,0.09791482205246298,-0.08119888877787061,-1.1153353298900246,4.133756029044983,10.545030163847201,-47.044978785979104,0.0,2.2969383991147176,0.0,0.11831147154411492,0.46192305501986924,0.011594816496528602,25.501505669677986,0.7357803746350366,-0.09090909090909098,1.2543284818922715,0.054226729539256835,0.9598137422403469,0.023442801218307465,-0.08475547311958864,1.8936523190705494,-0.005841223860354163,-0.08556068925514243,0.897955664341684,Medical Care Facilities,Healthcare,CCEL
2022Q4,2022,Q4,2023-02-28,2022-11-30,837822.0,7764042.0,581677.0,0.099,5625181.0,0.724517075,64888054.0,-1524302.0,9610185.0,19481420.0,66412356.0,851230.0,-21637513.0,36994532.160000004,46904693.160000004,-0.18005903443218457,0.4933000263841137,0.17898701354181465,-7.619303130219603,0.07315975194075139,-0.18005903443218457,-0.5496430497368632,4.7648547187148145,11.038899718555971,-24.26981802818602,0.0,2.5126710759724165,0.0,0.11965287169807866,0.39861154885013517,0.012911806539921817,15.070608971107818,0.724517074997791,0.6500000000000001,0.035282338068667166,0.006391167412131143,0.8976762065676368,0.05494482206607249,0.7947431558202305,-0.5746152957334063,-0.11673222487246983,-0.13224477032851334,0.804706655539721,Medical Care Facilities,Healthcare,CCEL
2022Q3,2022,Q3,2022-10-18,2022-08-31,466820.0,7680959.0,1367414.0,0.06,5332204.0,0.6942107099,66765293.0,-2385546.0,11140980.0,23623724.0,69150839.0,919271.0,-22475335.0,61836768.95,68365918.95,-0.2843207094829944,0.4716013444789653,0.1415982103156501,-3.9629694837156775,0.1283596399859802,-0.2843207094829944,-0.19568685743221886,8.050657339793117,33.11595955079045,-25.921432221386635,16.436159547577226,2.5550191401665017,0.12408035106433225,0.11504418920171593,0.35176773992110644,0.006991956135053583,-7.2324374634572655,0.694210709886617,-0.14285714285714296,-0.39412582519649,-0.057426668218732484,0.8493896857421348,-0.018313496918170944,-0.26452493150512274,0.14487924218042256,-0.6110575728579002,-0.1313091636955465,0.6813823364712255,Medical Care Facilities,Healthcare,CCEL
2022Q2,2022,Q2,2022-07-11,2022-05-31,634719.0,7633217.0,1194374.0,0.07,5431677.0,0.7115842508,55394946.0,4406983.0,10305292.0,15711492.0,50987963.0,873157.0,-15269427.0,51722144.72,50044555.72,0.5223063725652868,0.6559079175930587,0.020342343144444983,0.25569942066942397,0.13367412843175197,0.5223063725652868,0.14402574278139943,6.775930085572046,20.372064141769822,11.736406680034845,0.0,2.5213564112754066,0.0,0.13779627116163268,0.510309969288722,0.011458066950728683,31.53327849582988,0.7115842507818132,-0.2639327024185068,0.0815585861459457,0.03638641031652233,1.261231521644516,0.05360433834581653,-0.23715967968155646,-0.1877338614356967,9.936786099046602,-0.13144782589102802,1.50356255178648,Medical Care Facilities,Healthcare,CCEL
2022Q1,2022,Q1,2022-04-13,2022-02-28,832047.0,7258531.0,1470422.0,0.0951,5155329.0,0.7102441252,54808298.0,4251277.0,9717401.0,16387089.0,50557021.0,927568.0,-15904146.0,69324762.03,69156386.03,0.49856474076381335,0.5929912872261816,0.03605758748428933,0.4648614992624569,0.1496447529051103,0.49856474076381335,0.19571695751652973,9.550797817078966,20.82958115046386,16.306808996449774,0.0,2.2674369965328687,0.0,0.13243489151952867,0.47406619931093313,0.015181040651910045,-16.74156109646312,0.7102441251542495,2.2974079126875853,0.38295660267566917,0.016940673876160002,1.230726604813409,0.02705862805677369,2.30580264661201,8.044186933362857,1.7593280685501755,-0.11398396177539323,1.4723502111362072,Medical Care Facilities,Healthcare,CCEL
2021Q4,2021,Q4,2022-02-22,2021-11-30,-637192.0,7315438.0,162582.0,-0.0733,5019508.0,0.6861527635,60662076.0,4184314.0,15782507.0,21073579.0,56477762.0,921213.0,-16736193.0,104640390.12,99198423.12,0.4950460071927721,0.7489239013458511,0.04650551359303958,0.6742135030975209,0.010506149789238566,0.4950460071927721,-0.15228111465822117,14.304049890109109,-41.055282442340776,25.007776691710998,0.0,2.4922900566969854,0.0,0.12059326818950278,0.6449627279732598,-0.010503959673256154,76.0174046952777,0.6861527635119046,-1.733,-1.642785413949826,0.017370401103405722,1.2216367444093705,-0.004996517146462614,-1.7439538397233372,-0.8981531480175251,-1.6602382694864117,-0.21431056571786786,1.4335304849962596,Medical Care Facilities,Healthcare,CCEL
2021Q3,2021,Q3,2021-10-15,2021-08-31,856494.0,7503652.0,1596338.0,0.1,5044714.0,0.6723011675,59424030.0,4798742.0,14920910.0,19858193.0,54625288.0,833963.0,-16099001.0,98047538.39999999,94007572.39999999,0.5677389571261281,0.7513729975330585,0.06160538085350321,0.7628749368063547,0.11463401518708291,0.5677389571261281,0.17848302742677144,13.066642536194374,28.618863179426825,20.43192536710663,0.0,2.9484977151264506,0.0,0.12627302456598788,0.6659338541024352,0.014413260090236222,185.7886379010757,0.672301167484846,-0.28571428571428575,1.2906096869697383,0.06326749110324567,1.2530434422531536,0.012481625778420736,-0.26834718770848837,-0.19985784945676038,2.1827127629326917,-0.13215659983918276,1.443576116090577,Medical Care Facilities,Healthcare,CCEL
2021Q2,2021,Q2,2021-07-15,2021-05-31,1170629.0,7205195.0,1995068.0,0.14,4982524.0,0.6915182726,58318412.0,4003118.0,14783332.0,20119776.0,54315294.0,890388.0,-16955495.0,60991434.33465997,57540285.33465997,0.5031380788635322,0.7347662319898591,0.07710978138430792,1.123354345287848,0.14868782962086352,0.5031380788635322,0.2924293013595902,8.464924868051451,13.025355243774921,15.235982135590298,0.0,2.4962948736955126,0.0,0.1235492317589169,0.6579105552666192,0.020073060288404287,-17.784818477423222,0.6915182725797151,0.7500000000000001,1.098639056513149,0.42556774064504754,1.992863583759831,0.027659319943404242,0.6877824074741562,0.6150983476366533,0.9765047467368656,0.00579453000727528,1.2586123950396444,Medical Care Facilities,Healthcare,CCEL
2021Q1,2021,Q1,2021-04-14,2021-02-28,693590.0,6860617.0,1235261.0,0.08,4848420.0,0.7067032018,105264461.0,-1695105.0,18696337.0,29844784.0,106959566.0,868258.0,-18126124.0,64478240.48651274,58400093.48651274,-0.22389703857381535,0.6264524145994824,0.04939619649978543,-3.0674583580368178,0.19907788297152576,-0.22389703857381535,-0.40917229316178055,9.398315120420326,23.240762008720118,-38.037903543740796,0.0,2.317510463479749,0.0,0.06517505466541076,0.5697043409662472,0.006589023431184434,25.790635954324667,0.7067032017674212,-0.5,7.685507844092015,0.5779065843973713,0.6236289205840132,-0.07246078482763,-0.42192403058779404,-0.43339770287874063,1.2572728876547614,0.033785464205779416,0.8891907975691106,Medical Care Facilities,Healthcare,CCEL
2020Q4,2020,Q4,2021-03-01,2020-11-30,1199825.0,7540617.0,2180120.0,0.16,5227186.0,0.6932040177,46200094.0,-2665135.0,18556202.0,16414621.0,48865229.0,927318.0,-18819714.0,50153047.215801775,46032338.215801775,-0.3532032453824494,1.1304678920092033,0.13507366456873443,-2.341500899579196,0.3688017609971883,-0.3532032453824494,-0.4501929545782859,6.65105351668196,10.450075472631795,-18.81820141036074,0.0,2.494754765894763,0.0,0.163216486096327,1.0218061690245543,0.02597018525546723,17.121995499664504,0.6932040176553191,0.6,7.501062043504446,0.5462519120125628,0.36168233142321626,-0.09156150276484289,0.5294779767663904,-0.06611739114976468,0.6633610473497675,0.09659787142893744,0.7992819630843583,Medical Care Facilities,Healthcare,CCEL
2020Q3,2020,Q3,2020-10-15,2020-08-31,784467.0,8114358.0,2334469.0,0.1,5754034.0,0.7091175913,44440163.0,-4036334.0,16763663.0,14427672.0,48476497.0,1203328.0,-20019539.0,55970800.69278649,54927192.69278649,-0.5349245979087451,1.1619104592896208,0.15895531256264744,-1.7501029399450094,0.5765296730360919,-0.5349245979087451,-0.19435135942664805,6.897748496281097,17.83720688467026,-13.86674162564012,0.0,1.9614967822572067,0.0,0.18259064441325293,1.0170645686982627,0.01765220798132536,32.92487194824951,0.7091175913115986,-0.1666666666666666,-0.8743594714323133,0.8718395253041779,-0.048380995445364325,0.06728116274717365,-0.1771365454854417,0.3323180301634644,0.13211994026331128,0.10723202772152526,0.7166398397717948,Medical Care Facilities,Healthcare,CCEL
2020Q2,2020,Q2,2020-07-10,2020-05-31,953338.0,7871844.0,1752186.0,0.12,5391301.0,0.6848841263,44840612.0,-4982795.0,17280039.0,15098737.0,49823407.0,1053835.0,-20804006.0,43800327.90167949,43265323.90167949,-0.6603565541991088,1.1444691698385103,0.17583526736878613,-1.5823570907492683,0.37583904683215363,-0.6603565541991088,-0.1913259526029066,5.5641763101097395,11.486043748827669,-8.790313047532457,0.0,2.3538248397519537,0.0,0.17555166285420012,1.013293429774954,0.02126059296425303,56.23176544812337,0.6848841262606322,0.4999999999999999,4.900614831384648,1.040974571725474,0.3943540136715713,0.053476120782471576,0.387751358873656,0.40279247760333686,0.8165065914587342,0.19512162007805237,0.6697226828114188,Medical Care Facilities,Healthcare,CCEL
2020Q1,2020,Q1,2020-04-14,2020-02-29,686966.0,7620774.0,1249070.0,0.08,5117630.0,0.6715367757,44730446.0,-6000627.0,16894884.0,16070151.0,50731073.0,1102824.0,-21757344.0,47850888.401136145,47905680.401136145,-0.7957216660193264,1.0513207996614344,0.18936611989068922,-1.4115909887416764,0.3079529957221156,-0.7957216660193264,-0.1144823699256761,6.279006358295908,17.413848866296203,-7.974314750964549,0.0,2.269758365795449,0.0,0.1703710711938799,0.9422017254224929,0.015357906335206227,18.34349908538602,0.6715367756608449,-0.2727272727272727,2.1274405692086256,1.049879700333506,0.23958837871187236,-0.08904799166662514,-0.1869888101874042,-0.27354267392269044,0.29109538706971216,0.2072809773929964,0.6317546281033881,Medical Care Facilities,Healthcare,CCEL
2019Q4,2019,Q4,2020-02-28,2019-11-30,844965.0,7970214.0,1719399.0,0.11,5617892.0,0.7048608732,42886160.0,-6952851.0,15387611.0,15429429.0,49839011.0,1084533.0,-22444310.0,50457291.53999453,52872406.53999453,-0.9219926819820894,0.9972897247202084,0.20883548445465858,-1.2881265541286588,0.5616419262874641,-0.9219926819820894,-0.12152784519616486,6.330732341690515,14.928811116435156,-7.257064985283667,0.0,2.168972267326121,0.0,0.18584582998337926,0.8777007237273654,0.019702510087170312,48.337359944891425,0.7048608732463143,-0.15384615384615388,4.721076172291055,1.087041054726646,0.15554558247517913,-0.002869335033469659,-0.24303857796443298,-0.13731604485718343,-0.044616633969576124,0.24237299763935055,0.587215221545659,Medical Care Facilities,Healthcare,CCEL
2019Q3,2019,Q3,2019-10-15,2019-08-31,1116259.0,8223393.0,1993081.0,0.13,5634058.0,0.6851257139,41827756.0,-6963359.0,15919740.0,14266805.0,48791115.0,1031845.0,-23289275.0,52073485.8918332,54439223.8918332,-0.8923570223134141,1.1158588065092359,0.23201165752233996,-1.3936559927471786,0.502550674461585,-0.8923570223134141,-0.1603046747984701,6.332360120917631,11.662500793237323,-7.478213587987234,0.0,2.5094224423241864,0.0,0.19660134289776388,0.9884228458999755,0.026687040060193522,19.429803439607355,0.6851257139236809,19.3125,5.0624273824907835,1.1396843740584062,0.12456981065315609,0.02445595202962564,19.797402790974978,3.013744451873273,1.4102506711316853,0.26217467578948966,0.6022730344453078,Medical Care Facilities,Healthcare,CCEL
2019Q2,2019,Q2,2019-07-15,2019-05-31,53673.0,8127852.0,496564.0,0.0064,5499561.0,0.6766315381,40889385.0,-8093792.0,15001988.0,13610601.0,48983177.0,1046195.0,-24405534.0,53249115.71939307,58232039.71939307,-1.0372224279035638,1.1022281822823254,0.28006072969793994,-1.414851160000158,0.07587324214036772,-1.0372224279035638,-0.006631378715934385,6.551437663898539,248.0256167877381,-6.579007184690818,0.0,2.5122381582783326,0.0,0.19877657734397325,0.9600655400889351,0.0013126389648560378,267.3228898430328,0.6766315380742661,-0.7866666666666666,-0.6732448422969696,1.1821164388821606,-0.09284875200682338,0.09359450454723064,-0.8054459052403788,-0.41831310284398276,-0.9018917775440789,0.6396417625204897,-1.0467947471805779,Medical Care Facilities,Healthcare,CCEL
2019Q1,2019,Q1,2019-04-15,2019-02-28,275877.0,7495112.0,853662.0,0.03,5028885.0,0.6709552839,43342334.0,-8234292.0,30376397.0,15278989.0,51576626.0,16132585.0,-24459207.0,45284716.227852255,50407430.227852255,-1.0554980796230593,1.9881156403738494,0.28144319592941164,-1.4814151599190313,0.15611712308527265,-1.0554980796230593,-0.033503426888431935,6.041899871256394,41.037052951000135,-5.499527613042173,0.0,0.1528724007962766,0.0,0.1729282045586193,0.8886951224325117,0.006365070233642701,26.058976594163497,0.6709552839237092,-0.7272727272727273,-0.04803932010645122,0.9303838494496096,-0.23560050315615982,-0.1503612778899148,-0.6902896185046893,-0.5996535209735179,3.5806345880759216,0.6729219506743509,-0.7742930146807719,Medical Care Facilities,Healthcare,CCEL
2018Q4,2018,Q4,2019-02-28,2018-11-30,890758.0,8593687.0,2132308.0,0.11,5918851.0,0.6887440746,42390143.0,-8908298.0,29535210.0,15429725.0,51298441.0,16035873.0,-25329515.0,50608263.020796455,57511740.020796455,-1.141894340364653,1.9141760465594817,0.3053424471816479,-1.4529722737160342,0.30533110279311826,-1.141894340364653,-0.09999194009899534,5.88900468690522,14.203707129432589,-5.6810249298795865,0.0,0.16680326665096437,0.0,0.20272842674769934,0.8284695287829174,0.021013328499505178,62.7799055487835,0.6887440745747431,2.666666666666667,8.293918765471227,1.5021546235581589,-0.3171218096095462,0.09912810336483913,2.6359843908173595,1.317418777075214,5.668225715018091,0.7044278022224826,-1.063659784080818,Medical Care Facilities,Healthcare,CCEL
2018Q3,2018,Q3,2018-10-15,2018-08-31,244984.0,7871222.0,920122.0,0.03,5385042.0,0.6841430721,42650360.0,-9848500.0,30478898.0,14912513.0,52498860.0,16170057.0,-26220273.0,57485545.46517273,65134666.46517273,-1.279913269744662,2.043847204022555,0.3444072453315752,-1.4915056099913693,0.08496882859709082,-1.279913269744662,-0.024875260191907396,7.3032555129524654,58.66255088615249,-5.836984867256204,0.0,0.1537520863408212,0.0,0.18455229920685312,0.9054542316241401,0.005744007787976468,22.01790887777437,0.6841430720668278,-0.5714285714285715,0.7643668476344054,1.2821851221907619,-0.5122547727801479,0.13409296962613132,-0.5459105181406694,-0.19971019434026593,-0.9615233035603279,0.7805804066014893,-1.5084596091943954,Medical Care Facilities,Healthcare,CCEL
2018Q2,2018,Q2,2018-07-16,2018-05-31,539506.0,6525463.0,1149736.0,0.07,4748325.0,0.7276610104,22220133.0,-14100156.0,13037128.0,12798235.0,36320289.0,424494.0,-26465257.0,48171355.221480824,47977096.221480824,-1.945529636297607,1.018666089503748,0.28562938844695485,-0.4501172185612698,-0.09352278190281092,-1.945529636297607,-0.03826241355060185,7.382059360612546,22.321973815620595,-3.416370373595925,0.0,4.186485556921888,0.0,0.29367344470890433,0.932425447727753,0.02428005268915357,1503.850999671604,0.7276610104141269,1.1944444444444444,4.344371079565127,1.0286276863829227,-1.2620952619082637,0.02630759886828585,1.213237409844463,0.16471776460612864,2.476603008995515,0.7614929407844624,-0.7843424253367447,Medical Care Facilities,Healthcare,CCEL
2018Q1,2018,Q1,2018-04-16,2018-02-28,-2530072.0,6228118.0,987137.0,-0.36,4626610.0,0.7428584365,21910911.0,-14356377.0,13391741.0,13312525.0,36267288.0,374442.0,-27004763.0,45084461.93022256,44914945.93022256,-2.020563578313431,1.0059504864779596,0.31134647938645726,-0.4751815168966376,0.4928363134643463,-2.020563578313431,0.17623332126204264,7.238858019424578,-4.45485957812886,-3.140378796838685,0.0,4.2770522537535856,0.0,0.28424733229941923,0.9393696537659084,-0.11547087202353203,36.41249785384798,0.7428584365293015,-4.7656903765690375,-17.027170726995625,1.0927399994475278,-1.501082030767084,-0.04331994102698243,-4.724977842165549,-0.20751161873994975,-13.225026727643145,0.7780715739412913,-0.9309013341151621,Medical Care Facilities,Healthcare,CCEL
2017Q4,2017,Q4,2018-02-28,2017-11-30,679218.0,6474963.0,1245617.0,0.0956,4836110.0,0.7468938433,23909997.0,-12502896.0,12736921.0,13939846.0,36412893.0,314566.0,-24474691.0,50751503.23395549,51767532.23395549,-1.7596985841929815,0.9137060050735137,0.30511015957049265,-0.583479459478828,-0.18894903780596276,-1.7596985841929815,-0.05432485401782115,7.838114786749436,18.680123036328354,-4.059179827933903,0.0,5.2098860016657875,0.0,0.2708056801512773,0.8496555126936123,0.02840728085411303,24.536160992070577,0.7468938432543939,0.19500000000000003,2.228803958051392,1.0749429453458814,-1.1478327533956014,-0.016744245055267233,0.04171504204632073,-0.14227469008072396,4.17469597512016,0.7995396307333609,-0.6117104527764602,Medical Care Facilities,Healthcare,CCEL
2017Q3,2017,Q3,2017-10-16,2017-08-31,652019.0,6895941.0,1452233.0,0.08,4918466.0,0.713240731,21316811.0,-13403750.0,10976898.0,12596233.0,34720561.0,335757.0,-25153909.0,42473480.1085104,45573016.1085104,-1.887790427129705,0.8714429147190275,0.36434244315437236,-0.5794362771612422,-0.14701205478215623,-1.887790427129705,-0.048644521122820104,6.159200043693877,16.285369026251686,-3.168775910361682,0.0,5.889601705995705,0.0,0.323497778349679,0.7980134219492446,0.030587079840413277,36.1987522029064,0.7132407310329366,0.3333333333333334,2.8743051271946025,1.387607632928222,-1.5703400924300623,0.058922210608241286,0.3120678552742786,0.21806080939400294,2.8917902735883905,0.9719677458047384,-0.8519815384933228,Medical Care Facilities,Healthcare,CCEL
2017Q2,2017,Q2,2017-07-07,2017-05-31,496940.0,6236751.0,1192250.0,0.06,4644785.0,0.7447443388,21036617.0,-14285265.0,10682682.0,12977329.0,35321882.0,296258.0,-25805928.0,35521635.41467591,39709890.41467591,-1.9994002610299135,0.8231803324089264,0.42241544826337807,-0.6220530035669621,-0.13242403050522858,-1.9994002610299135,-0.034786894047817804,5.695535289877038,17.87018322869758,-2.486592682367174,0.0,5.373579785187236,0.0,0.2964711959151987,0.7499476201921058,0.023622619549521676,18.19826766548078,0.744744338839245,-0.14285714285714296,1.2441876764354376,1.233219085391082,-1.948916826606394,0.09019025111212768,0.020572041164619456,0.06820376910850567,2.304167996384483,0.828740668812119,-1.1066282614473248,Medical Care Facilities,Healthcare,CCEL
2017Q1,2017,Q1,2017-04-13,2017-02-28,486923.0,5776624.0,1116126.0,0.07,4260527.0,0.7375461861,19753355.0,-14912234.0,9322027.0,12590550.0,34665589.0,285961.0,-26302868.0,26665322.9419715,32511955.9419715,-2.1608463452535447,0.7403987117322118,0.47353490078014593,-0.6272636950305367,-0.123353967847603,-2.1608463452535447,-0.03265258578962749,4.616073842086918,13.690728791806661,-1.7881507855879608,0.0,5.301761429006053,0.0,0.29243761376232036,0.6698068789687504,0.024650141710104434,62.57438421819106,0.737546186146095,-0.4166666666666666,1.4933149977660412,1.3014794054223384,-4.399629651054627,-0.037533797925622316,-0.39838886040290844,1.4430212120482508,0.8993884689542989,0.6818592219573177,-1.5295572611481416,Medical Care Facilities,Healthcare,CCEL
2016Q4,2016,Q4,2017-02-28,2016-11-30,809365.0,5870855.0,456863.0,0.12,4426677.0,0.7540089135,19538468.0,-15414258.0,9011923.0,13111684.0,34952726.0,361142.0,-26789791.0,25992573.96811089,32312442.96811089,-2.2335917652643604,0.6873200269317046,0.5025854637118939,-0.6370562890539395,-0.19044472632055623,-2.2335917652643604,-0.05250755501821755,4.427391575521945,8.02869347207715,-1.68626825683798,0.0,3.9989200923736368,0.0,0.3004767313384038,0.623629428531072,0.04142417921405097,10.319874080667653,0.7540089135228174,1.342857142857143,12.074508124613937,1.2030750564078438,-9.429936708879628,-0.07405390039590379,1.3060720529458725,-0.43985939565141696,8.491962634772996,0.9323507431881881,-1.576343820790375,Medical Care Facilities,Healthcare,CCEL
2016Q3,2016,Q3,2016-10-17,2016-08-31,-2644361.0,6331938.0,815622.0,-0.35,4780707.0,0.7550148154,17542285.0,-17015269.0,10145201.0,12411239.0,34557554.0,410885.0,-27599156.0,26547512.90808028,35171413.90808028,-2.243642246054107,0.8174204847719071,0.6071101911752089,-0.6259142891011596,-0.09563220981461695,-2.243642246054107,0.15541106050101236,4.192636268403177,-2.5098230638782186,-1.5602170561088562,0.0,3.775341032162284,0.0,0.36095286332424764,0.5670128502077835,-0.150742106857801,24.724846661861196,0.7550148153693229,-5.999999999999999,-0.7208543546474317,1.2270821332099149,-10.075593850127577,0.10104915848986033,-5.1504131012097965,-0.07498267624019407,-20.32307536963175,0.8627290995076066,-1.6509286021258118,Medical Care Facilities,Healthcare,CCEL
2016Q2,2016,Q2,2016-07-11,2016-05-31,637132.0,5773056.0,881737.0,0.07,4341956.0,0.7521070296,20469328.0,-4605287.0,11134564.0,10515794.0,25074615.0,459580.0,-24954795.0,24161388.26885545,20969110.26885545,-0.5067544898345663,1.058841966664619,0.031759713850889486,-0.14116384060320236,-0.1693200358157457,-0.5067544898345663,-0.13834794661005925,4.18519901224853,9.480526903708906,-5.2464457196382,0.0,3.113930110100527,0.0,0.28203446639772445,0.8455569783888882,0.031126180595669774,24.607021426896544,0.7521070296217462,2.5625000000000004,3.6445321298075206,0.6228868496905627,-15.230479282663303,0.14144641285919976,6.182631613197111,4.636911687614274,4.149739014479526,0.43127721833970245,0.41078927351268646,Medical Care Facilities,Healthcare,CCEL
2016Q1,2016,Q1,2016-04-14,2016-02-29,-122936.0,5152198.0,156422.0,-0.0448,3803907.0,0.7383076116,19100158.0,-5336924.0,9942408.0,10176630.0,24437082.0,498524.0,-25591927.0,29814787.324738838,27333995.324738838,-0.594883748563347,0.9769843258524679,0.05764057030313571,-0.20628811652554918,-0.12083935836760808,-0.594883748563347,0.023034991691843466,5.7868093044442075,-60.63070891508353,-5.586511504518115,0.0,2.704565878473253,0.0,0.26974635497779653,0.7287121571679426,-0.006436386547168877,421.74424031373013,0.7383076116251743,-0.8285714285714285,-1.6899489450551501,0.5089910390625596,-10.425916178515667,-0.1207020778428843,0.4397509923392775,-0.6458043684022227,-1.6167604002609672,0.3710850903237218,0.2636445247770596,Medical Care Facilities,Healthcare,CCEL
2015Q4,2015,Q4,2016-02-29,2015-11-30,-219431.0,5798171.0,441626.0,-0.0245,4326073.0,0.7461099371,19497946.0,-4964171.0,10353128.0,10423952.0,24462117.0,475608.0,-25468991.0,26237012.84598549,23261217.84598549,-0.553334589922858,0.993205647915493,0.06033286788259645,-0.2369714903052292,-0.05161625633084471,-0.553334589922858,0.04420294949549482,4.525049855546773,-29.892099163273983,-5.28527579851409,0.0,3.0951918386570454,0.0,0.2973734258982972,0.7502878946487858,-0.011254057222232538,13.56503341027549,0.7461099370818832,-1.030625,-1.7294775222845562,0.6655201011551644,-3.1940151704588535,0.10117505053330744,-1.0280259252996204,-0.650699666855438,0.6855983491660234,0.4715441898734395,0.3246172006394581,Medical Care Facilities,Healthcare,CCEL
2015Q3,2015,Q3,2015-10-15,2015-08-31,7829572.0,5435990.0,1264316.0,0.8,3928597.0,0.7227012927,19435434.0,-4827931.0,9907282.0,10452201.0,24263365.0,539093.0,-25249560.0,28460399.88104101,26991791.88104101,-0.5102387397641666,0.9478656217958303,0.06435950954323942,-0.259087174195323,-3.081180197793319,-0.5102387397641666,-1.6217240884345696,5.235550448223968,0.9087469877357602,-5.894947521213748,0.0,2.7961650401693214,0.0,0.2796948089762235,0.7025070604746312,0.40285038142189156,27.955248539924572,0.7227012926808181,39.0,3.149470437388201,0.48756970989518034,-1.9926292630313212,0.08032306870723568,36.277995733983396,1.0998752680242687,17.888962764046433,0.41231959528203155,0.30527929865558234,Medical Care Facilities,Healthcare,CCEL
2015Q2,2015,Q2,2015-07-15,2015-05-31,210032.0,5013889.0,602091.0,0.02,3636502.0,0.7252857014,10940079.0,-10695227.0,9306781.0,9110860.0,21635306.0,0.0,-33079132.0,20515584.50505352,18901563.50505352,-1.0903342366757,1.02150411706469,0.0,0.0,-0.05021922072117361,-1.0903342366757,-0.01963791885857121,4.091750835539742,24.41959380600756,-1.9182000068865785,0.0,0.0,0.0,0.4583046429555033,0.8949300066074992,0.019198398841544013,13.814408394566726,0.7252857013787102,-0.3333333333333333,-0.28859615066859945,0.39596009495075896,-1.9060896597040349,0.018800950525495363,-0.26605863647482264,-0.03694870847469014,1.0751732720188205,0.3076931228326995,-0.6081347191091047,Medical Care Facilities,Healthcare,CCEL
2015Q1,2015,Q1,2015-04-14,2015-02-28,286170.0,4843381.0,625191.0,0.03,3569394.0,0.7369632907,10519365.0,-10280774.0,8847004.0,8702930.0,20800139.0,0.0,-33289164.0,21331480.249133367,20081237.249133367,-1.046435435417707,1.0165546545818478,0.0,0.0,-0.055851989545236604,-1.046435435417707,-0.027835452855981466,4.404254021959736,18.635321879593743,-2.074890494541886,0.0,0.0,0.0,0.46042522528688756,0.9018235238017541,0.027204113556284052,69.788033962898,0.7369632907260445,1.9966777408637875,0.07234512983677556,0.3674896166943861,-1.5532985866004454,-0.026627219741715176,1.9673330313621828,12.936491306286223,1.2036542993842432,0.35546115490390895,-1.6148845878871227,Medical Care Facilities,Healthcare,CCEL
2014Q4,2014,Q4,2015-03-02,2014-11-30,-295834.0,4975273.0,44860.0,-0.0301,3667037.0,0.737052419,10209586.0,-10726663.0,8491959.0,9127161.0,20936249.0,0.0,-33575334.0,24378834.56987673,23399567.56987673,-1.0918205445411024,0.9304053034673103,0.0,0.0,-0.0045751011254986694,-1.0918205445411024,0.02757931334283551,4.899999370864017,-20.601785604322636,-2.272732402414127,0.0,0.0,0.0,0.4873138832465881,0.8166765109106764,-0.0289761014795311,112.84094391877994,0.7370524190330863,-2.505,-0.2745748222843219,0.4836485571139499,-1.47669871557635,0.0665553489232466,-2.250503018108652,-0.8954209969274382,-4.356869626669054,0.31144567360337977,-4.098344000955067,Medical Care Facilities,Healthcare,CCEL
2014Q3,2014,Q3,2014-10-15,2014-08-31,236572.0,4937945.0,428958.0,0.02,3438206.0,0.6962827654,10106621.0,-10219795.0,8266271.0,8803618.0,20326416.0,0.0,-33279500.0,26122450.977177933,24973473.977177933,-1.0193354457871726,0.9389629354658505,0.0,0.0,-0.0379019155991124,-1.0193354457871726,-0.023148409532676537,5.2901461999228285,27.605180428345214,-2.556064087115048,0.0,0.0,0.0,0.48858515620601584,0.8544512040390667,0.02340762555556402,28.087660305793378,0.6962827654013968,0.0,-0.3621764294272201,0.3752662473328254,-1.352573398929558,0.010303716478394518,0.0963929685363785,-0.2371774580762186,1.1164519769676704,0.3137295871863293,-4.031883052849772,Medical Care Facilities,Healthcare,CCEL
2014Q2,2014,Q2,2014-07-03,2014-05-31,215773.0,4892846.0,562330.0,0.02,3403141.0,0.6955340511,10265827.0,-9728719.0,8419852.0,8785795.0,19994546.0,0.0,-33113017.0,22256221.769064847,21152505.769064847,-0.9490997047842973,0.9583483338730303,0.0,0.0,-0.05171115047770654,-0.9490997047842973,-0.022178973408523775,4.548727217056259,25.786615759461156,-2.287682660899636,0.0,0.0,0.0,0.47661488938007623,0.8695839135786801,0.021018569668084217,54.8255722905629,0.6955340511432405,-0.5,-0.6620667024491013,0.3222538065018988,-0.9993038730253688,-0.14625245947125037,-0.45664447309575135,-0.3010409869177465,0.3945205780315768,0.21943678494127186,-29.398039691196924,Medical Care Facilities,Healthcare,CCEL
2014Q1,2014,Q1,2014-04-14,2014-02-28,397112.0,5320482.0,804525.0,0.04,3986121.0,0.7492029857,10467970.0,-9131975.0,8557991.0,8675412.0,19599945.0,0.0,-33328790.0,21600396.55758597,20657393.55758597,-0.8542389525796927,0.9864650808514915,0.0,0.0,-0.07872467183378133,-0.8542389525796927,-0.04348588339324188,4.059857087682276,13.598428502277677,-2.3653587047255353,0.0,0.0,0.0,0.5082630156563307,0.8122745063865555,0.03793591307579215,-183.48804850099788,0.7492029857445246,3.547770700636943,-0.18515443204628765,0.5131392785613571,-0.5761904009362893,0.17267893990217578,3.37299965341269,0.7177381646287174,0.8703567796675334,0.30773174119666186,-15.407344615095383,Medical Care Facilities,Healthcare,CCEL
2013Q4,2013,Q4,2014-02-28,2013-11-30,-167346.0,4706325.0,468363.0,-0.0157,3399158.0,0.7222531381,11500802.0,-9267985.0,9425497.0,9810433.0,20768787.0,0.0,-33725902.0,17526637.5570152,15901481.5570152,-0.8669618345346218,0.9607625881548755,0.0,0.0,-0.06752792501766872,-0.8669618345346218,0.018056352054950455,3.7240601864544414,-26.183233475875134,-1.8910947263094622,0.0,0.0,0.0,0.4092171137282426,0.7963356969055291,-0.014550811326027525,-120.66698031652896,0.7222531380642009,-1.7849999999999997,-2.2584231852993617,0.2512963817854491,-0.4598179361872929,-0.020238244846617775,-1.8606828023905284,-0.19599303734018156,-1.4668773861558688,0.13452571589378476,-5.571161739145849,Medical Care Facilities,Healthcare,CCEL
2013Q3,2013,Q3,2013-10-15,2013-08-31,194434.0,4829639.0,582536.0,0.02,3469372.0,0.7183501707,11365012.0,-9119447.0,9248646.0,9683669.0,20484459.0,0.0,-33558556.0,21103123.179693937,19675388.179693937,-0.8463608730370569,0.9550766346929042,0.0,0.0,-0.05245301487029447,-0.8463608730370569,-0.02132081035176804,4.369503223676539,27.134044431135933,-2.314079261570788,0.0,0.0,0.0,0.4249567884310197,0.7544012501872999,0.01710812095930915,-82.89290007460804,0.7183501706856351,1.8968609865470853,19.774544595990722,0.17442808174906246,-0.3974101846438614,-0.004066841220953748,1.797979134688785,0.24562667721552822,-0.9095097968889846,0.1606146465237621,-3.9640376520726734,Medical Care Facilities,Healthcare,CCEL
2013Q2,2013,Q2,2013-07-15,2013-05-31,-243658.0,4858563.0,467665.0,-0.0223,3483539.0,0.7169895708,11939154.0,-9414817.0,9580423.0,10661445.0,21353971.0,0.0,-33752990.0,20857627.95463618,20253163.95463618,-0.8600564569753761,0.8986045512592337,0.0,0.0,-0.06025617419481761,-0.8600564569753761,0.025880269366892632,4.292962333643956,-21.400516250888725,-2.215404500654254,0.0,0.0,0.0,0.4069436578169609,0.6070910650479368,-0.02040831368788777,49.13434554992951,0.7169895707846127,-2.115,0.38590777166491574,0.14727627859945525,-0.4394229846343825,0.049172146636090874,-1.9985738055621582,-0.16942391676923105,-1.73953179965847,0.21213659331297083,-1.29232568537718,Medical Care Facilities,Healthcare,CCEL
2013Q1,2013,Q1,2013-04-15,2013-02-28,244006.0,4600087.0,563061.0,0.02,3320274.0,0.7217850445,12179473.0,-8872406.0,9315927.0,10409917.0,21051879.0,0.0,-33509332.0,20438906.253953144,19879850.253953144,-0.8078757727485341,0.8949088643069872,0.0,0.0,-0.05408137100335057,-0.8078757727485341,-0.027501672038001867,4.443156456378573,20.940987367065915,-2.3036486668839484,0.0,0.0,0.0,0.3776917933969721,0.597240784916921,0.02003420016613198,51.09726563488286,0.7217850445002453,1.25706940874036,2.0488259153443997,0.17233123795513824,-0.3977241898174355,-0.050841265444354015,1.285594232074721,2.1366542381708915,-0.18204852891275253,0.1618712385418456,-0.9712138932720534,Medical Care Facilities,Healthcare,CCEL
2012Q4,2012,Q4,2013-02-28,2012-11-30,-854380.0,4823426.0,-495367.0,-0.0778,3498123.0,0.7252361703,12330659.0,-8997765.0,9315002.0,10663891.0,21328424.0,0.0,-33753338.0,24721343.755063828,24343961.755063828,-0.8192903201662225,0.8735087408526587,0.18652693258324637,-0.25561903428240235,0.07782468091764397,-0.8192903201662225,0.09495469152617345,5.125266512861154,-7.233708582558061,-2.7474982681881364,0.0,0.0,0.0,0.39117341579229464,0.5700526196301143,-0.06928907854803218,76.34191336980528,0.7252361703071634,-0.5877551020408162,0.5811768980368202,0.19578294133959162,-0.4509670327640524,0.0877305632523555,-0.5616609120503311,-13.885752932913665,-2.2929480180973663,0.2867266459521209,-0.8584879115758675,Medical Care Facilities,Healthcare,CCEL
2012Q3,2012,Q3,2012-10-15,2012-08-31,-547097.0,4542291.0,38443.0,-0.049,3215983.0,0.7080090201,12698297.0,-8201251.0,9383558.0,10231428.0,20899548.0,0.0,-32898958.0,21474258.81166977,21260650.81166977,-0.7344516131112213,0.9171308247489989,0.1964042894885826,-0.3040999476787139,-0.007337433841939423,-0.7344516131112213,0.06670896915604704,4.727627272596531,-9.81282058376749,-2.618412582625476,0.0,0.0,0.0,0.357708675423169,0.5939634232875411,-0.04308428130165801,53.22999824420404,0.7080090201178216,0.8250000000000001,0.5062729660156694,0.04325740064421512,-0.7021810653334897,0.00010386705762973509,0.8303538371375503,1.0342713842900608,-2.32437111343549,0.13585693236715451,-0.6950762724355621,Medical Care Facilities,Healthcare,CCEL
2012Q2,2012,Q2,2012-07-16,2012-05-31,-3224930.0,4425549.0,-1121723.0,-0.28,3215649.0,0.7266101901,13127873.0,-7676546.0,9584117.0,9803638.0,20804419.0,0.0,-32351861.0,25084773.208090562,24933016.208090562,-0.6780117509556274,0.9776082103398759,0.0,0.0,0.3181615996573767,-0.6780117509556274,0.42010169677873355,5.66817206364466,-1.944598270977243,-3.2677161327621254,0.0,0.0,0.0,0.3371108937449349,0.6216233198329029,-0.24565517963191752,-42.63362658161488,0.7266101900577758,-1.0,-1.4911042742043545,0.024665111919355002,-0.9382768477618023,0.020294851707942988,-0.9625542604782894,-13.031183938958034,-5.572664775634475,0.08276851396252562,-0.4282498591129317,Medical Care Facilities,Healthcare,CCEL
2012Q1,2012,Q1,2012-04-16,2012-02-29,-1643231.0,4178589.0,-79945.0,-0.14,3151686.0,0.7542464693,16490629.0,-4597708.0,11240017.0,9714258.0,21088337.0,0.0,-29126930.0,25454408.912896466,23984335.912896466,-0.40018417648912263,1.1570638745645834,0.1728254270955947,-0.6198740763876261,0.04739083058665236,-0.40018417648912263,0.35740220997070715,6.091627798976273,-3.8726157358424445,-5.536325689429703,0.0,0.0,0.0,0.25339172932700144,0.7749502844169879,-0.09964635066376183,382.836392679939,0.7542464693225392,-16.55555555555556,-1.113528338802406,0.012991606951418098,-0.6715759707181151,-0.0986341746061208,-16.944720448679384,-1.0853048759667423,-4.13736311030181,0.10576146966966037,0.2616041967134434,Medical Care Facilities,Healthcare,CCEL
2011Q4,2011,Q4,2012-02-28,2011-11-30,103058.0,4436441.0,937168.0,0.009,3496567.0,0.7881468501,19466744.0,-2460388.0,14053424.0,10563446.0,21927132.0,0.0,-27444868.0,25454408.912896466,22899313.912896466,-0.2141519960866848,1.3303825285801623,0.0,0.0,-0.23624424421256593,-0.2141519960866848,-0.04188688938492628,5.737574085375297,61.74777531316458,-10.345688937231227,0.0,0.0,0.0,0.22789846108830528,0.9813294828221776,0.005294054311291092,78.24301517834924,0.7881468501440682,1.045,1.1547390738128622,0.015657109973965324,-0.18989664398046913,0.08801707436834608,1.0432577685844957,1.4925101427340186,-0.27889757739752646,0.09753114686628356,0.6394040515918825,Medical Care Facilities,Healthcare,CCEL
2011Q3,2011,Q3,2011-10-17,2011-08-31,-2382416.0,4407998.0,-1902840.0,-0.2,3213706.0,0.7290624905,18591712.0,-2381841.0,13202031.0,9728094.0,20973553.0,0.0,-27251588.0,26049999.69355685,23926509.69355685,-0.2025753450708436,1.3571035600601722,0.0,0.0,0.8121731557399032,-0.2025753450708436,1.0002414099009969,5.909712230712638,-2.7335695879263793,-10.936917994759872,0.0,0.0,0.0,0.23709478718258975,0.9706269285638071,-0.1281439815763067,1125.8049048600565,0.7290624905002225,-14.513513513513514,-1.202787365046714,-0.05036821187619727,-0.9814025366753548,-0.08108100380068099,-14.42743294500899,-4.019364912124809,-234.27255436463076,-0.017709616304178076,0.6655317378461242,Medical Care Facilities,Healthcare,CCEL
2011Q2,2011,Q2,2011-07-15,2011-05-31,177429.0,4601026.0,630212.0,0.0148,3497268.0,0.7601061155,19346049.0,-366997.0,13921603.0,8581641.0,19713046.0,0.0,-24869172.0,26042207.604429126,1820355186.6044292,-0.03122239836600879,1.622254181921616,0.0,0.0,-1.4616756985756527,-0.03122239836600879,-0.48346171767071666,5.660087033724462,36.69384317731195,-70.96027380177256,0.0,0.0,0.0,0.23782768254127756,1.4730392473886986,0.009171330021959523,-197.29244082811198,0.7601061154620731,-0.26,1.1926354774706382,0.015621518485024211,-0.3033115156277907,0.05616641273704921,-0.2398690766390054,-0.08099137880749892,1.4164531961491336,0.011820633714573998,0.9477450143197625,Medical Care Facilities,Healthcare,CCEL
2011Q1,2011,Q1,2011-04-14,2011-02-28,233419.0,4472805.0,685752.0,0.02,3311285.0,0.7403150819,18740685.0,-611891.0,13341628.0,8424818.0,19352576.0,0.0,-25046601.0,20830731.665879756,1769927972.6658797,-0.05206442435503916,1.5836102334792277,0.0,0.0,-0.9607568281350305,-0.05206442435503916,-0.3814715365972044,4.657196471985646,22.31044994824731,-34.04320649573168,0.0,0.0,0.0,0.2386681703470284,1.4379242376511872,0.0124552010772285,2554.037722643423,0.740315081922865,-0.40298507462686567,3.1578639979343723,0.19853924367159886,-2.19714459229627,-0.019053199711695785,-0.40765318810936463,-0.06281800204177299,1.9375683461624547,0.06519246282575394,0.90992215906862,Medical Care Facilities,Healthcare,CCEL
2010Q4,2010,Q4,2011-02-28,2010-11-30,394058.0,4560529.0,731717.0,0.0335,3375601.0,0.7401775101,18162419.0,-1550568.0,12878567.0,8272495.0,19712987.0,0.0,-25898095.0,25855662.8,1638707125.8,-0.1319343320025043,1.5567935671160877,0.0,0.0,-0.4207495074036257,-0.1319343320025043,-0.25413783852110966,5.669443786016929,16.403462688233713,-16.67496220739755,0.0,0.0,0.0,0.2510970042041206,1.4334026191614502,0.021696339017396305,47.020555030188405,0.7401775101090247,-0.8325,1.748503764586048,0.17578965632003624,-4.8871130454964415,-0.024226667487615667,-0.8318606235857997,-0.2714144606481343,1.1805109419303876,0.05651528219779469,0.7663436738926171,Medical Care Facilities,Healthcare,CCEL
2010Q3,2010,Q3,2010-10-15,2010-08-31,2343639.0,4538859.0,1004298.0,0.2,3459411.0,0.7621763531,17732570.0,-2003796.0,13960109.0,8288738.0,19736366.0,0.0,-26292153.0,10577316.6,1719524667.6,-0.1704984797372899,1.6842261150008602,0.0,0.0,-1.976956570614772,-0.1704984797372899,-1.1695995999592772,2.330391096088246,1.1283005403135893,-5.2786394423384415,0.0,0.0,0.0,0.25596171338954254,1.3555552123857697,0.13216578307600083,11.217082924604837,0.7621763531319214,5.666666666666667,2.8766572229759486,0.1890240562083902,-9.931308100001123,0.09634105181093454,5.625502501908235,0.2731020372461999,3.0095425713679664,-0.00951675739845212,0.6048490074825238,Medical Care Facilities,Healthcare,CCEL
2010Q2,2010,Q2,2010-07-15,2010-05-31,353730.0,4303327.0,788859.0,0.03,3155415.0,0.7332501109,15184458.0,-4409442.0,11457232.0,8123138.0,19593900.0,0.0,-28635792.0,14103088.799999999,1840861404.8,-0.3751894691324641,1.4104440919260512,0.0,0.0,-0.16213450622331954,-0.3751894691324641,-0.08022103477038592,3.277252414236705,9.9674107370028,-3.198384013215277,0.0,0.0,0.0,0.28340339839591244,1.2875071185544307,0.023295530205951376,38.79537528368063,0.7332501109025644,0.0,-0.344142678894956,0.18852026077629552,-9.88246904929499,0.0035691193256902486,0.10805866543037396,0.13109902541771398,1.2632322827716034,-0.04012476795706387,-0.07257884619036589,Medical Care Facilities,Healthcare,CCEL
2010Q1,2010,Q1,2010-04-15,2010-02-28,319234.0,4236861.0,697427.0,0.03,3144193.0,0.7421043551,14596201.0,-4816636.0,10945338.0,7965713.0,19412837.0,0.0,-28989522.0,16453603.6,1762800444.6,-0.4098366876907135,1.3740562834739338,0.0,0.0,-0.13114724164900302,-0.4098366876907135,-0.06627737699091232,3.883441916078908,12.885221812212984,-3.415994814638266,0.0,0.0,0.0,0.2902714891361115,1.2495259369751333,0.0218710334284928,-157.29120318146187,0.7421043550874102,2.271186440677966,0.746927752981655,0.26716936628036847,-7.650143303091222,0.050188865408053826,2.1497588716851608,8.111812452837885,1.4013904862262618,0.00408131564862693,-0.7118946707807233,Medical Care Facilities,Healthcare,CCEL
2009Q4,2009,Q4,2010-03-01,2009-11-30,-277653.0,4011488.0,-98066.0,-0.0236,2993931.0,0.7463392636,14608128.0,-5180970.0,10954161.0,8330370.0,19789098.0,0.0,-29308756.0,20567004.5,2144476239.5,-0.440837045569762,1.3149669222375477,0.0,0.0,0.01859940589603405,-0.440837045569762,0.05359092988378624,5.1270263054507454,-18.518622615278783,-3.969720824478814,0.0,0.0,0.0,0.27460657518882636,1.2072628226597377,-0.019006747476473372,77.5952330648356,0.7463392636348407,-1.59,-1.9335202911053375,0.22272761206252786,-5.059738120519004,0.005209482224606041,-1.638687995141745,-1.1906737725859544,0.5924610404508478,-0.10222733250865972,-1.4494309212667649,Medical Care Facilities,Healthcare,CCEL
2009Q3,2009,Q3,2009-10-15,2009-08-31,434724.0,4208335.0,514313.0,0.04,2978415.0,0.7077418979,13872567.0,-5091548.0,10395340.0,7614734.0,18964115.0,0.0,-29174854.0,27262387.279999997,1660829677.28,-0.43328528931381244,1.3651612781221247,0.0,0.0,-0.09175455995249626,-0.43328528931381244,-0.08538149890760138,6.478188471212486,15.677986078523384,-5.354439804947336,0.0,0.0,0.0,0.3033566174162287,1.2385467437207918,0.031336954436767185,22.143461208881625,0.7077418979240008,-0.3333333333333333,-0.8729214241827488,0.2602831079047326,-3.6039408518086686,-0.02874456802112594,-0.40607256253176455,-0.2875781594133438,1.4021785260597,-0.0928597430421923,-3.237991405372003,Medical Care Facilities,Healthcare,CCEL
2009Q2,2009,Q2,2009-07-10,2009-05-31,731948.0,4241904.0,721922.0,0.06,3066562.0,0.7229211222,12674996.0,-5578160.0,9270282.0,6910992.0,18253156.0,0.0,-29609578.0,14688178.75,1466332639.75,-0.47471508337955104,1.3413822501892636,0.0,0.0,-0.13119212552458678,-0.47471508337955104,-0.1312167453066961,3.4626381808734945,5.016810876592326,-2.6331583801827128,0.0,0.0,0.0,0.3346670878633808,1.1946251710318867,0.057747394949868226,23.2738955412842,0.7229211222130439,0.1999999999999999,0.1625926758471059,0.2825317951432944,-0.8295729870855311,0.11298179087543966,0.36637507793744845,0.3516986996451876,1.7949324299754228,-0.06335210900618272,-18.81595480135645,Medical Care Facilities,Healthcare,CCEL
2009Q1,2009,Q1,2009-04-15,2009-02-28,535686.0,3864957.0,534085.0,0.05,2755267.0,0.7128842572,11536288.0,-6368375.0,8025267.0,6579538.0,17904663.0,0.0,-30341526.0,7050325.8,1408146887.8,-0.5419643160320335,1.2197310814224342,0.0,0.0,-0.08411584039970807,-0.5419643160320335,-0.08411659175221309,1.8241666854249607,3.2903257692006136,-1.107083957838538,0.0,0.0,0.0,0.33502604997378704,1.089080874675395,0.04643486709069677,7.1066674596198665,0.712884257185785,3.0322580645161294,1.415516332025047,0.4487495778793892,-0.715967518284992,0.01633128525230423,2.664789869399539,1.5127262975648312,8.543758257164463,0.035838428243956374,-13.461669521800815,Medical Care Facilities,Healthcare,CCEL
2008Q4,2008,Q4,2009-03-02,2008-11-30,146171.0,4134227.0,212552.0,0.0124,2710993.0,0.6557436251,10972656.0,-6978454.0,7340122.0,6671006.0,17951110.0,0.0,-30877212.0,5170238.92,1227648872.92,-0.5938835337226543,1.1003021133544175,0.0,0.0,-0.013621971417079564,-0.5938835337226543,-0.020946043350002736,1.2505938643427175,8.842791867059812,-0.740886007129946,0.0,0.0,0.0,0.3767754133547976,0.9890683654009605,0.013321387273965393,19.88262838508218,0.655743625108152,12.777777777777779,1.033651139024831,0.6250825539337657,-0.7787051588856962,-0.04326662297655309,13.40676128523556,3.5157060007101433,0.019700104416178494,0.06606525919430135,-18.497283659230085,Medical Care Facilities,Healthcare,CCEL
2008Q3,2008,Q3,2008-10-15,2008-08-31,10146.0,4458024.0,-84490.0,0.0009,2833593.0,0.6356163628,10920839.0,-7074549.0,7136015.0,6852765.0,17995388.0,0.0,-30927677.0,7826036.840000001,1277689571.84,-0.6056638790368893,1.0413336806383993,0.0,0.0,0.0010539974086377355,-0.6056638790368893,-0.0014341550252885379,1.7554945509490305,192.8355223733491,-1.1062241338635157,0.0,0.0,0.0,0.408212592457411,0.9125592370378964,0.0009290494988526065,25.00219427885015,0.6356163627652072,1.0248618784530386,1.0157321630228213,1.1362899606114265,-11.602147500681431,-0.021115032049787284,1.0239818469756778,0.7070550870964163,-0.983113974033078,0.17503894546640444,-32.726797312534515,Medical Care Facilities,Healthcare,CCEL
2008Q2,2008,Q2,2008-07-15,2008-05-31,-423070.0,4515491.0,-288416.0,-0.0362,2894715.0,0.6410631756,10987698.0,-6974107.0,7102424.0,6709557.0,17961805.0,0.0,-30795393.0,8754096.75,1225322056.75,-0.5975008501019823,1.058553344132854,0.0,0.0,0.04918204812901302,-0.5975008501019823,0.06066296373141393,1.9386810315865983,-5.172960000709102,-1.255228339628285,0.0,0.0,0.0,0.4109587831773316,0.9047156168432581,-0.038503970531407035,-101.15080882777745,0.6410631756325059,-0.26573426573426584,0.678058677985867,1.6903304073586136,-5.678786093835608,0.06218601423799639,-0.7110467608732579,-0.7945023083336444,-1.7898281766421205,0.25571226988106455,-16.330669016902966,Medical Care Facilities,Healthcare,CCEL
2008Q1,2008,Q1,2008-04-10,2008-02-29,-247258.0,4170316.0,-160722.0,-0.0286,2725243.0,0.6534859708,10720259.0,-6746417.0,6781711.0,6533801.0,17466676.0,0.0,-30439650.0,10271473.52,1390474398.52,-0.5779936976364809,1.037942692163413,0.0,0.0,0.0321610574806182,-0.5779936976364809,0.036650269320737214,2.462996453985741,-10.38538037191921,-1.5225079505165482,0.0,0.0,0.0,0.38901261620638083,0.9001793902201797,-0.023064554690329777,-62.38898855657329,0.6534859708472931,0.8494736842105263,0.7491432916735566,1.8349595677333606,-3.488350469497182,0.09778034507913988,0.885954894486899,0.8801117113407598,-2.362382550363737,0.25586318386476153,-11.199318565184731,Medical Care Facilities,Healthcare,CCEL
2007Q4,2007,Q4,2008-02-11,2007-11-30,-2168072.0,4287030.0,-1340598.0,-0.19,2482503.0,0.5790729246,11633709.0,-6590682.0,7587187.0,7286806.0,18224391.0,0.0,-30192392.0,14823603.83,1342628892.83,-0.5646512302939763,1.0412225877840031,0.0,0.0,0.239504317938547,-0.5646512302939763,0.3289601895524621,3.4577793554045573,-1.7093071436280713,-2.2491760078850715,0.0,0.0,0.0,0.3685007077278622,0.9330665589285622,-0.18636120260529124,-38.62274808822188,0.5790729246121441,-0.9153225806451614,0.4485856256107522,1.192905091977486,-1.6698842837492311,-0.13859316559082027,-0.8722168107051322,-0.3245523725588224,-8.339694916636299,0.31572055829775786,-6.761685682717635,Medical Care Facilities,Healthcare,CCEL
2007Q3,2007,Q3,2007-10-15,2007-08-31,-1158024.0,4550128.0,-1012114.0,-0.0992,2881917.0,0.6333705338,12035744.0,-5035174.0,7857511.0,6244391.0,17070918.0,0.0,-28525039.0,17271050.919999998,1045381884.92,-0.4314767847375439,1.2583310366054912,0.0,0.0,0.22771160358975215,-0.4314767847375439,0.22998688823861896,3.795728586096918,-3.7285606602281125,-3.430080255419177,0.0,0.0,0.0,0.37805124469247603,1.0880481379208957,-0.0962154063762074,-20.0694321986137,0.6333705337520176,0.09818181818181822,0.2899588139058251,1.333709447946002,-1.3629445819150212,0.012966128980101426,0.1316810621165098,0.30375688167745424,-1.340874984281761,0.3721458424113321,-3.5847243025633624,Medical Care Facilities,Healthcare,CCEL
2007Q2,2007,Q2,2007-07-16,2007-05-31,-1333639.0,4449335.0,-1453679.0,-0.11,2845028.0,0.6394276898,12985803.0,-4079998.0,8729396.0,6313350.0,17065801.0,0.0,-27377131.0,25426994.62,1035955263.62,-0.34980129476269184,1.3826884300727822,0.0,0.0,0.3433726351364617,-0.34980129476269184,0.32687246415316873,5.714785382534694,-4.766468778282579,-6.232109579465481,0.0,0.0,0.0,0.34263071756132446,1.2063661922750997,-0.10269977143500483,-22.00455947168969,0.6394276897558848,-0.8835616438356164,-5.819564581797174,1.4133717839362436,-1.259395722386373,0.07012221841487308,-0.6953138705060115,-0.6780822234073746,-3.1340522082138214,0.35525746878975417,-0.3481497052699984,Medical Care Facilities,Healthcare,CCEL
2007Q1,2007,Q1,2007-04-16,2007-02-28,-786662.0,4173702.0,-866274.0,-0.0584,2658601.0,0.6369886973,13557478.0,-2782998.0,9202044.0,5798235.0,16340476.0,0.0,-25973640.0,25574183.8,1585124226.8,-0.23940531779551846,1.5870422637233572,0.0,0.0,0.27858301322834755,-0.23940531779551846,0.2826671093547318,6.127458021679555,-8.127437133101637,-9.189436643504596,0.0,0.0,0.0,0.30785238965536216,1.4275238930467633,-0.05802421364799559,-15.284749964588453,0.6369886973243418,-0.006896551724137889,-4.32420841619196,1.739941124395189,-1.1837933362838213,-0.06612536663329645,-0.16737080319050268,0.15588404384896468,-4.58564003770163,0.5814261948727499,0.24199483824037582,Medical Care Facilities,Healthcare,CCEL
