Quarters,Year,Quarter,FillingDate,Date,NetIncome,Revenue,OperatingIncome,EPSDiluted,GrossProfit,GrossProfitRatio,TotalAssets,CommonStockEquity,CurrentAssets,CurrentLiability,TotalLiability,Inventory,RetainedEarnings,MarketCap,EnterpriseValue,bookValuePerShare,currentRatio,debtToAssets,debtToEquity,roic,shareholdersEquityPerShare,roe,priceToSalesRatio,peRatio,pbRatio,payoutRatio,inventoryTurnover,dividendYield,assetTurnover,quickRatio,returnOnAssets,priceToFreeCashFlowsRatio,grossProfitMargin,epsdilutedGrowth,fiveYNetIncomeGrowthPerShare,fiveYRevenueGrowthPerShare,fiveYShareholdersEquityGrowthPerShare,grossProfitGrowth,netIncomeGrowth,operatingIncomeGrowth,threeYNetIncomeGrowthPerShare,threeYRevenueGrowthPerShare,threeYShareholdersEquityGrowthPerShare,Industry,Sector,Symbol
2023Q1,2023,Q1,2023-04-27,2023-03-31,73628000.0,203169000.0,95356000.0,1.96,150854000.0,0.7425050081,1628462000.0,1121532000.0,1108551000.0,425613000.0,506930000.0,0.0,1148093000.0,14664766620.0,14413303620.0,29.92507604461284,2.604598543747489,0.0998696929986699,0.14501057482087001,0.05236189512533497,29.92507604461284,0.06564948659512167,72.18013880070286,49.79344345901016,13.075655995548946,0.38513880588906396,0.0,0.0019336823240900644,0.12476127781919381,2.4246510327457105,0.04521321344925457,-4338.688349112426,0.7425050081459278,0.24050632911392397,0.5143631097118905,0.7287273722068109,1.0586846105707437,0.12750945483355008,0.24317022929118967,0.22765954707556035,-0.020474217129538327,0.19672573614264913,0.39907118172989375,Capital Markets,Financial Services,MKTX
2022Q4,2022,Q4,2023-02-22,2022-12-31,59226000.0,177902000.0,77673000.0,1.58,133794000.0,0.7520657441,1607775000.0,1081093000.0,1104767000.0,444006000.0,526682000.0,-88923000.0,1101525000.0,10452797200.0,10104727200.0,28.844530416221986,2.4881803399053166,0.051422618214613365,0.07647445686911301,0.04646604779314928,28.844530416221986,0.05478344601250771,58.75592854492923,44.12250194171479,9.668730812242794,0.4404653361699254,-0.49602465054035516,0.002495695601938972,0.11065105502946619,2.2962122133484684,0.03683724401735317,90.02882907712846,0.7520657440613372,0.0,0.7413718446071684,0.7585223239769626,1.0669276129502618,0.05095556410880784,-0.0013657746977591178,0.017848016668632307,0.16853218141859003,0.35974107453760973,0.39246434869835967,Capital Markets,Financial Services,MKTX
2022Q3,2022,Q3,2022-10-26,2022-09-30,59307000.0,172112000.0,76311000.0,1.58,127307000.0,0.7396753277,1559747000.0,1018740000.0,1111603000.0,457721000.0,541007000.0,-96315000.0,1068662000.0,8338702710.0,8103289710.0,27.181621708156566,2.428560192781192,0.10679424291247235,0.16350786265386655,0.045237207140111715,27.181621708156566,0.05821603156840803,48.44928134005764,35.15058386868329,8.185310000588963,0.4439273610197784,-0.4651923376421118,0.003157325655515545,0.11034610100227793,2.2376010713950203,0.03802347431987367,114.8755694388957,0.7396753276935949,-0.11235955056179772,0.7092119140190526,0.750678626515718,0.9613129649001224,-0.06935245697910727,-0.11378918741221124,-0.09997877058074256,0.08613507390663724,0.2934596615693376,0.45044720695187357,Capital Markets,Financial Services,MKTX
2022Q2,2022,Q2,2022-07-27,2022-06-30,66922000.0,182229000.0,84788000.0,1.78,136794000.0,0.7506708592,1567710000.0,1000802000.0,1111160000.0,481353000.0,566908000.0,-87962000.0,1035723000.0,9607799290.0,9402810290.0,26.66743052039756,2.308409836440201,0.10914646203698389,0.17097287975044015,0.050373873172554706,26.66743052039756,0.06686837156600406,52.72376674404184,35.89178181315561,9.600100009792147,0.39003616150144943,-0.5165298651690503,0.0027167511739309034,0.11623897276919838,2.1400780716023378,0.042687741993098216,115.45615374447222,0.750670859193652,0.04093567251461992,0.7283368389328037,0.8388572762665198,0.9607340710579042,-0.0108965228017151,0.0332412110731986,-0.03763733769181876,0.3733720055437211,0.43356658881383864,0.4926570359479098,Capital Markets,Financial Services,MKTX
2022Q1,2022,Q1,2022-04-27,2022-03-31,64769000.0,186057000.0,88104000.0,1.71,138301000.0,0.74332597,1707485000.0,1023541000.0,1240710000.0,597553000.0,683944000.0,-85331000.0,995192000.0,12718036800.0,12439860800.0,27.379119409372993,2.0763179165697436,0.10119093286324624,0.16880808878198333,0.04920092679635572,27.379119409372993,0.06327934103274807,68.35559425337397,49.08998440612021,12.425527458108665,0.42342787444610847,-0.5596559280917838,0.002156386274963444,0.10896552531940251,1.9622125568778,0.037932397649174075,-368.09460797082573,0.7433259699984414,0.2481751824817517,0.5035166515152812,0.7653052454235735,1.091655627567652,0.11675360540042957,0.24114209063907252,0.2280843590136742,0.22192997927934613,0.4809092375920209,0.606925688004683,Capital Markets,Financial Services,MKTX
2021Q4,2021,Q4,2022-02-23,2021-12-31,52185000.0,165060000.0,71741000.0,1.37,123842000.0,0.7502847449,1530452000.0,1041309000.0,1067382000.0,340999000.0,489143000.0,0.0,956966000.0,15433729290.0,15103844290.0,27.748261251898633,3.130161672028364,0.11555409774367312,0.16983431431016155,0.04003265754735314,27.748261251898633,0.050114807420275825,93.50375190839695,73.93757444668007,14.821469218070716,0.47509820829740346,0.0,0.0016064166692404127,0.10785049122742824,2.9036947322426165,0.034097769809180556,114.90953369765919,0.7502847449412335,-0.09868421052631574,0.5445646570019111,0.7157130876104247,1.1840476647789482,0.021672235284411995,-0.09960661168432312,-0.030566328392092213,0.12198209238029653,0.44645565981863783,0.6879623947119448,Capital Markets,Financial Services,MKTX
2021Q3,2021,Q3,2021-10-26,2021-09-30,57958000.0,162093000.0,74003000.0,1.52,121215000.0,0.7478114415798338,1611918000.0,1055299000.0,1144207000.0,417610000.0,556619000.0,0.0,929853000.0,15788075010.0,15445323010.0,28.11956087292494,2.7398936807068797,0.05581115168389459,0.08524882521446528,0.0466117436143108,28.11956087292494,0.054920927623356035,97.40133756547168,68.10136223644707,14.960759945759447,0.42722316159977913,0.0,0.0015683355940680954,0.10055908551179403,2.5457364526711523,0.035955923316198464,316.62271398203114,0.7478114415798338,-0.14124293785310735,0.8426034829160498,0.7650048242103291,1.2964411800782112,-0.10609725520272563,-0.1386577101414814,-0.15111784071486745,0.47860714959795764,0.5732631838365507,0.7957372460162827,Capital Markets,Financial Services,MKTX
2021Q2,2021,Q2,2021-07-27,2021-06-30,67288000.0,176334000.0,87177000.0,1.77,135602000.0,0.769006544398698,1537923000.0,1021860000.0,1071141000.0,385520000.0,516063000.0,0.0,896977000.0,17388333720.0,17065986720.0,27.24378799189506,2.778431728574393,0.059343023025209975,0.08931262599573327,0.056598690512114,27.24378799189506,0.06584855068208953,98.61021538670931,64.6041408572108,17.016356174035582,0.36832719058375935,0.0,0.001425323461068241,0.11465723576537967,2.561018883585806,0.04375251556807461,210.02939630390145,0.769006544398698,-0.16113744075829378,0.9970480824985434,0.7939218966682525,1.3034268544360148,-0.07989089132558896,-0.1636774923250929,-0.1574985020391596,0.6372407961436787,0.6032812142030765,0.8060597409666734,Capital Markets,Financial Services,MKTX
2021Q1,2021,Q1,2021-04-28,2021-03-31,80457000.0,195464000.0,103474000.0,2.11,147376000.0,0.7539802725821635,1545869000.0,988233000.0,1136541000.0,436663000.0,557636000.0,0.0,854747000.0,18657062400.0,18358897400.0,26.373979183346677,2.6027875043225555,0.059998615665363624,0.0938543845429165,0.06967447639960289,26.373979183346677,0.08141501042770277,95.45012073834567,57.97215406987584,18.879214112461334,0.31636774923250927,0.0,0.0013643090993789033,0.12644279689934917,2.4286806988455627,0.05204645413033058,-525.6843256036742,0.7539802725821635,0.10471204188481674,1.7263981540513282,1.1658801229882705,1.3632194760135425,0.09269392173435947,0.1031934294058768,0.12843386370328363,0.6551736608310427,0.6635220480279563,0.8143882068444519,Capital Markets,Financial Services,MKTX
2020Q4,2020,Q4,2021-02-19,2020-12-31,72931000.0,171346000.0,91697000.0,1.91,134874000.0,0.7871441410946273,1331429000.0,955061000.0,899448000.0,220430000.0,376368000.0,0.0,799369000.0,21341796799.999996,20974550799.999996,25.532976874749366,4.080424624597378,0.07030941942829846,0.09801677589180167,0.06484223546624594,25.532976874749366,0.07636266165197825,124.55380808422721,73.15749406973714,22.34600386781577,0.3079897437303753,0.0,0.0010524887014199294,0.128693306214601,3.7215896202876197,0.05477648451400713,98.74152994845883,0.7871441410946273,0.07303370786516848,1.9195937786857324,1.191858872007963,1.3965695047968292,0.06684701359720936,0.07605937204910293,0.04430170715318824,1.148627884373671,0.6971137379025041,0.8296298875976749,Capital Markets,Financial Services,MKTX
2020Q3,2020,Q3,2020-10-30,2020-09-30,67776000.0,164006000.0,87807000.0,1.78,126423000.0,0.7708437496189163,1245504000.0,897539000.0,870513000.0,203331000.0,347965000.0,0.0,749211000.0,18004723740.0,17788063740.0,24.007355694645053,4.281260604629889,0.07523701248651149,0.10440549101487512,0.06235674553741346,24.007355694645053,0.0755131531888865,109.7808844798361,66.41260822415013,20.06010183401501,0.33103163361661947,0.0,0.0012461174258483793,0.131678420944453,3.9063841716216414,0.05441652535840913,-298.922893810599,0.7708437496189163,-0.19090909090909097,1.9274895819765785,1.168876500801384,1.357917520330294,-0.11690497977772965,-0.19173802084575572,-0.15679646612570222,0.9581451550598379,0.6723763139742475,0.7322711088553905,Capital Markets,Financial Services,MKTX
2020Q2,2020,Q2,2020-07-24,2020-06-30,83854000.0,184795000.0,104135000.0,2.2,143159000.0,0.7746908736708245,1039217000.0,853484000.0,621540000.0,51598000.0,185733000.0,0.0,704219000.0,18704352800.0,18394905800.0,22.857096946973755,12.045815729291833,0.09112726215987614,0.11095814332781868,0.08019932072224918,22.857096946973755,0.09824905915049374,101.2167688519711,55.764640923509916,21.915294018399877,0.2674171774751354,0.0,0.0011988653250809083,0.17782137898052092,11.249234466452188,0.08068959610937851,199.71547488121297,0.7746908736708245,0.12244897959183684,2.400219235042532,1.405885500654927,1.331016489486073,0.12032022788455518,0.1208030367835757,0.1432225625487161,1.17658653479561,0.8741891773838004,0.6805776887700283,Capital Markets,Financial Services,MKTX
2020Q1,2020,Q1,2020-05-01,2020-03-31,74816000.0,168978000.0,91089000.0,1.96,127784000.0,0.7562167856170626,975603000.0,797883000.0,555500000.0,59490000.0,177720000.0,0.0,643129000.0,12405858710.0,12138348710.0,21.389244832855265,9.337703815767355,0.0,0.0,0.08311027459451312,21.389244832855265,0.09376813392439744,73.41700523145025,41.45456423091317,15.548468522327209,0.31068220701454236,0.0,0.0018736308822591777,0.17320364943527233,8.99665489998319,0.07668693105699757,113.50282442817932,0.7562167856170626,0.48484848484848475,1.9934794105763733,1.1658394896341469,1.2778704872335431,0.32203565184104616,0.4881944582579118,0.49691870306157665,0.7405140899833952,0.6067413514165898,0.6340530772785947,Capital Markets,Financial Services,MKTX
2019Q4,2019,Q4,2020-02-18,2019-12-31,50273000.0,129774000.0,60851000.0,1.32,96657000.0,0.7448102085163438,954930000.0,770091000.0,362911000.0,39483000.0,184839000.0,0.0,591086000.0,14093793360.0,13921660360.0,20.71473531310523,9.19157612136869,0.0,0.0,0.05687892634421793,20.71473531310523,0.06528189525653462,108.60259651393962,70.08629562588268,18.301464839869574,0.3778966841047879,0.0,0.0013479692453785203,0.13589896641638655,8.412253374870197,0.05264574366707507,183.06718484939015,0.7448102085163438,-0.07042253521126751,1.2956425938298801,0.8272637018704144,1.2765209489750153,-0.022837559141089408,-0.06905299803710974,-0.07752596073675434,0.5020223505396895,0.3616694758875777,0.6304433952237595,Capital Markets,Financial Services,MKTX
2019Q3,2019,Q3,2019-10-25,2019-09-30,54002000.0,131597000.0,65965000.0,1.42,98916000.0,0.7516584724575788,855026000.0,694623000.0,528295000.0,33290000.0,160403000.0,0.0,560164000.0,12139115000.0,11910619000.0,18.74016619003939,15.869480324421747,0.0,0.0,0.06724801083912783,18.74016619003939,0.07774289074793089,92.24461803840514,56.19752509166327,17.475832214021132,0.35017221584385766,0.0,0.0015577741869979812,0.15390993958078467,15.31102433163112,0.06315831331444892,207.25823800580503,0.7516584724575788,0.11811023622047237,2.067644419248791,1.0367566043624723,1.1167061445959483,0.06513616246890715,0.12258600977029414,0.08357836292852802,0.7382795167666174,0.45083791421525266,0.5304538202000508,Capital Markets,Financial Services,MKTX
2019Q2,2019,Q2,2019-07-25,2019-06-30,48105000.0,125490000.0,60877000.0,1.27,92867000.0,0.7400350625547852,812009000.0,661908000.0,502563000.0,33720000.0,150101000.0,0.0,525430000.0,11951266420.0,11754799420.0,17.86574536424735,14.90400355871886,0.0,0.0,0.06193445949846299,17.86574536424735,0.07267626316648235,95.23680309187984,62.11031296123064,18.05578180049191,0.3931192183764681,0.0,0.0015823427689933467,0.15454262206453376,14.233867141162515,0.05924195421479318,198.717475640983,0.7400350625547852,-0.08633093525179848,1.6420127463690974,0.9299125265920672,1.0475032886274822,0.011259569000250455,-0.08409809222801873,-0.036588646758138284,0.44540162105795955,0.2924805252513998,0.5105255428784646,Capital Markets,Financial Services,MKTX
2019Q1,2019,Q1,2019-04-25,2019-03-31,52522000.0,124491000.0,63189000.0,1.39,91833000.0,0.7376677832132443,774809000.0,631146000.0,349118000.0,36119000.0,143663000.0,0.0,496562000.0,9139248960.0,8969140960.0,17.038198849985154,9.665771477615658,0.0,0.0,0.07048069200168429,17.038198849985154,0.08321687850354752,73.4129291274068,43.50200373176954,14.480403836830146,0.36959750199916225,0.0,0.0021240257361366376,0.16067314654321257,9.189041778565299,0.06778702880322764,257.1828275551553,0.7376677832132443,0.14876033057851235,2.0118794578793846,0.9677771513632828,0.9872839572247271,0.08495782235769476,0.14599288691060636,0.17092559992587789,0.8002973444073557,0.39534991625180044,0.5266942875234009,Capital Markets,Financial Services,MKTX
2018Q4,2018,Q4,2019-02-20,2018-12-31,45831000.0,112444000.0,53965000.0,1.21,84642000.0,0.7527480345772117,695539000.0,607878000.0,326325000.0,48608000.0,87661000.0,0.0,463252000.0,7813821180.0,7567499180.0,16.43890962193737,6.713401086240948,0.0,0.0,0.07256973148355267,16.43890962193737,0.07539506282510636,69.49077923232898,42.623012698828305,12.854258880893862,0.33904998799938907,0.0,0.0019886556963669855,0.16166455080160855,6.251172646477946,0.06589278243204191,140.77942454597866,0.7527480345772117,0.18627450980392152,0.9814100052087879,0.8605632398061701,0.9588214911570611,0.1261425473317279,0.18751619422708193,0.16273808497802292,0.8559053999332297,0.4549938063932433,0.5429845758019548,Capital Markets,Financial Services,MKTX
2018Q3,2018,Q3,2018-10-25,2018-09-30,38594000.0,101443000.0,46412000.0,1.02,75161000.0,0.740918545390022,646131000.0,578618000.0,290683000.0,36045000.0,67513000.0,0.0,433227000.0,6425409389.999999,6215324389.999999,15.659062001028389,8.064447218754335,0.0,0.0,0.0647675542397979,15.659062001028389,0.06670031004911703,63.34009631024318,41.621815502409696,11.10475199527149,0.40273099445509664,0.0,0.0024189898349807715,0.15700067014274194,7.548592037730614,0.059730921438531814,111.60456099213171,0.740918545390022,-0.04672897196261686,1.117200743573409,0.6579449588687472,1.0170152467237705,-0.08505380532697084,-0.04675574875886087,-0.10804473997770689,0.6866385490447867,0.3573128993191837,0.5379776562563688,Capital Markets,Financial Services,MKTX
2018Q2,2018,Q2,2018-07-26,2018-06-30,40487000.0,108347000.0,52034000.0,1.07,82148000.0,0.7581935817327661,617598000.0,557378000.0,253599000.0,36608000.0,60220000.0,0.0,410419000.0,7310927000.000001,7140241000.000001,15.084654939106901,6.927420236013986,0.0,0.0,0.07103292991011882,15.084654939106901,0.07263831726404701,67.47696752102043,45.14366957294934,13.116640771612802,0.38372811025761355,0.0,0.002125038315934491,0.17543288676452967,6.352955638111888,0.06555558793908012,194.04732455674701,0.7581935817327661,-0.1574803149606299,1.088463559737093,0.6489963955449978,1.0554880113207714,-0.05629078209723371,-0.15546516478932,-0.13526000033237498,0.6590466741574112,0.4254812201130035,0.5383659387208923,Capital Markets,Financial Services,MKTX
2018Q1,2018,Q1,2018-04-26,2018-03-31,47940000.0,115882000.0,60173000.0,1.27,87048000.0,0.7511779223693067,589273000.0,537164000.0,241586000.0,36498000.0,52109000.0,0.0,385725000.0,8035277760.0,7879108760.0,14.536017751799534,6.6191572140939225,0.0,0.0,0.088017780942601,14.536017751799534,0.08924648710635857,69.34017155382199,41.90278347934919,14.95870490204109,0.3298706716729245,0.0,0.0019680713563783514,0.19665248535059301,6.129048167022851,0.08135448255732063,314.2340057095929,0.7511779223693067,0.4431818181818182,2.112781421521892,1.0756618964049167,1.1170114843294723,0.15707620528771385,0.43219908583037076,0.21879240849891637,0.9362530983135763,0.49932019314909526,0.548028745169448,Capital Markets,Financial Services,MKTX
2017Q4,2017,Q4,2018-02-21,2017-12-31,33473000.0,99565000.0,49371000.0,0.88,75231000.0,0.7555968462813237,581232000.0,514768000.0,238367000.0,29962000.0,66464000.0,0.0,353583000.0,7441952250.0,7274938250.0,13.955268793884024,7.9556438154996325,0.0,0.0,0.06502540950486432,13.955268793884024,0.06502540950486432,74.74466177873751,55.581754324380846,14.456905343766513,0.36360648881187824,0.0,0.0016354579539260012,0.1712999284278911,7.330952539883853,0.05758974041346657,194.642262122718,0.7555968462813237,-0.02222222222222224,0.6185060069251852,0.9553280188401438,1.098663324965127,0.05801198211121424,-0.019249926750659244,0.045619162589745216,0.5404706675561333,0.4128939255236871,0.5336648659833585,Capital Markets,Financial Services,MKTX
2017Q3,2017,Q3,2017-10-27,2017-09-30,34130000.0,96701000.0,47217000.0,0.9,71106000.0,0.7353181456241404,562347000.0,510908000.0,218193000.0,20412000.0,51439000.0,0.0,332506000.0,6801961150.0,6662969150.0,13.858890546588906,10.689447383891828,0.0,0.0,0.06680263374227845,13.858890546588906,0.06680263374227845,70.34013247019162,49.82391700849692,13.31347551809719,0.3569293876355113,0.0,0.0017909540691804747,0.1719596619169303,9.897070350774055,0.060692063796908315,142.98846226613412,0.7353181456241404,-0.09999999999999998,1.5064589235959642,0.9840347380988382,0.8601921971893733,-0.010946823751964726,-0.10238539831154828,-0.04752587093780889,0.9493640143108247,0.5048235971333164,0.5653649215149132,Capital Markets,Financial Services,MKTX
2017Q2,2017,Q2,2017-07-27,2017-06-30,38023000.0,97314000.0,49573000.0,1.0,71893000.0,0.7387734550013358,547041000.0,501228000.0,204416000.0,22733000.0,45813000.0,0.0,310777000.0,7411138300.0,7282995300.0,13.600738067457195,8.992038006422382,0.0,0.0,0.07585968860478665,13.600738067457195,0.07585968860478665,76.15695891649712,48.72799555532178,14.78596227664855,0.32030613049996054,0.0,0.0016433372994807019,0.1778916022747838,8.065719438701446,0.06950667317440558,221.58519105423667,0.7387734550013358,-0.09909909909909918,1.9515387503302228,0.953908154134021,0.877347182841781,-0.06009935939338475,-0.10456161835009302,-0.1085115183340227,1.099397676666703,0.5045529379381226,0.5587122369161092,Capital Markets,Financial Services,MKTX
2017Q1,2017,Q1,2017-04-27,2017-03-31,42463000.0,103891000.0,55607000.0,1.11,76490000.0,0.736252418400054,530714000.0,482355000.0,208091000.0,34487000.0,48359000.0,0.0,285150000.0,6909006500.0,6771351500.0,13.089687924016282,6.033896830689825,0.0,0.0,0.08803267303127364,13.089687924016282,0.08803267303127364,66.5024544955771,40.676627299060364,14.323488924132642,0.2909827379130066,0.0,0.0017883902700048116,0.19575703674672235,5.633920027836576,0.08001107941377088,297.4430213535388,0.736252418400054,0.26136363636363646,2.1542129176785068,1.052386335521832,0.9422318836624953,0.06373510228489576,0.2803557967737072,0.10491386333379697,1.4477984995040405,0.6507623078393895,0.5267415907931174,Capital Markets,Financial Services,MKTX
2016Q4,2016,Q4,2017-02-21,2016-12-31,33165000.0,94436000.0,50327000.0,0.88,71907000.0,0.7614363166589012,528042000.0,468013000.0,230529000.0,25246000.0,60029000.0,0.0,255140000.0,5412092040.0,5243849040.0,12.704970545918506,9.131307929969104,0.0,0.0,0.07086341618715719,12.704970545918506,0.07086341618715719,57.309628107924944,40.79671370420623,11.563978009157864,0.28888888888888886,0.0,0.001770295096459594,0.1788418345510395,8.671116216430326,0.06280750394854955,104.83674337517434,0.7614363166589012,0.07317073170731714,1.8807355807587087,1.0978103679147546,0.5018783895190871,0.08363850083638501,0.07267611100329904,0.08570997109203089,0.4393094736626874,0.5685735850021176,0.5138941646501768,Capital Markets,Financial Services,MKTX
2016Q3,2016,Q3,2016-10-28,2016-09-30,30918000.0,90271000.0,46354000.0,0.82,66357000.0,0.7350865726534546,502151000.0,451700000.0,229785000.0,21905000.0,50451000.0,0.0,231743000.0,6108449510.0,5947005510.0,12.244842636016157,10.490070760100433,0.0,0.0,0.06844808501217621,12.244842636016157,0.06844808501217622,67.66790563968495,49.39234030338314,13.523244432145228,0.3105310822174785,0.0,0.0015717572821519483,0.17976863533080686,9.953298333713764,0.061571121037297546,124.97595003785011,0.7350865726534546,-0.06818181818181825,1.3145372090926397,0.9510987509248676,0.4864387679051505,-0.06307184005421891,-0.06665459155950008,-0.08302506379695752,0.6989592094048933,0.47783378766831786,0.5772358707664522,Capital Markets,Financial Services,MKTX
2016Q2,2016,Q2,2016-07-29,2016-06-30,33126000.0,96639000.0,50551000.0,0.88,70824000.0,0.7328718219352436,477115000.0,436151000.0,229598000.0,20752000.0,40964000.0,0.0,210606000.0,5361770400.0,5208495400.0,11.827502982969953,11.063897455666924,0.0,0.0,0.07595076017250907,11.827502982969953,0.07595076017250907,55.48246981032502,40.46497011410976,12.29338096209799,0.28937994324699634,0.0,0.0017878423141729452,0.20254865179254478,10.415140709329222,0.06942980203934063,220.15070416752206,0.7328718219352436,0.14285714285714285,1.7664901487773388,1.103912257351333,0.48469274990845856,0.1058301845548512,0.14373511031315817,0.1393058372774397,0.7121859865201886,0.47375699475883915,0.6116570570221324,Capital Markets,Financial Services,MKTX
2016Q1,2016,Q1,2016-04-28,2016-03-31,28963000.0,88573000.0,44370000.0,0.77,64046000.0,0.7230871710340623,451842000.0,410416000.0,203594000.0,30516000.0,41426000.0,0.0,187228000.0,4590623250.0,4452628250.0,11.160190346702922,6.671713199632979,0.0,0.0,0.07056986082413941,11.160190346702922,0.07056986082413941,51.828697797297146,39.624894261644165,11.185293092861878,0.3358422815316093,0.0,0.0021188844020253676,0.19602648713488344,6.250819242364662,0.0640998402096308,-72.78616220072935,0.7230871710340623,0.1846153846153846,1.667154954979953,1.0162700129303976,0.4479326080625891,0.15279802725129146,0.1825976889469601,0.19964310820310388,0.8897437313663359,0.5942291968389786,0.625359265150052,Capital Markets,Financial Services,MKTX
2015Q4,2015,Q4,2016-02-25,2015-12-31,24491000.0,76644000.0,36986000.0,0.65,55557000.0,0.724870831376233,439040000.0,390713000.0,334773000.0,19032000.0,48328000.0,0.0,168011000.0,4092340070.0,3892612070.0,10.653968859924195,17.590006305170238,0.0,0.0,0.06268283881007286,10.653968859924195,0.06268283881007286,53.39413483116748,41.77391766363154,10.474030989498686,0.299416112041158,0.0,0.0017918843191347977,0.17457179300291545,17.07088062211013,0.0557830721574344,103.02711588328592,0.724870831376233,0.08333333333333341,1.7249515716872836,0.9763520692418485,0.6587814580991342,0.044500846023688666,0.07818622055910192,0.04619127089638786,0.1911133538143036,0.513972493967777,0.6021972806028956,Capital Markets,Financial Services,MKTX
2015Q3,2015,Q3,2015-10-23,2015-09-30,22715000.0,74192000.0,35353000.0,0.6,53190000.0,0.7169236575372008,416322000.0,373471000.0,312345000.0,20013000.0,42851000.0,0.0,150975000.0,3406931280.0,3246555280.0,10.181592650145852,15.607105381502024,0.0,0.0,0.06082132213746181,10.181592650145852,0.06082132213746181,45.920466896700454,37.49649218578032,9.122344921024657,0.3230904688531807,0.0,0.00215413796077507,0.17820821383448388,15.248688352570829,0.054561132969192114,107.62015604763559,0.7169236575372008,-0.06250000000000006,1.3692314930663398,0.7810777962607954,0.48585197788295564,-0.031112244526212248,-0.06283521742718046,-0.04603470142205672,0.6765253163709467,0.5298486109617586,0.3666115003284752,Capital Markets,Financial Services,MKTX
2015Q2,2015,Q2,2015-07-24,2015-06-30,24238000.0,75491000.0,37059000.0,0.64,54898000.0,0.7272125153991866,398946000.0,359857000.0,296314000.0,22980000.0,39089000.0,0.0,135721000.0,3404566230.0,3235303230.0,9.805635030927274,12.894429939077458,0.0,0.0,0.06735453249485211,9.805635030927274,0.06735453249485213,45.09896848630962,35.115997916494756,9.460886491022823,0.30303655417113623,0.0,0.002157396714823198,0.18922611080196317,12.346301131418626,0.060755089661257415,126.70039187227866,0.7272125153991866,-0.015384615384615398,2.107698918228935,0.9642712022780822,0.4374581135034103,-0.01257262082486465,-0.014435001829788964,-0.03747857254168615,0.889372142445358,0.5220980030359208,0.35349870058395155,Capital Markets,Financial Services,MKTX
2015Q1,2015,Q1,2015-04-24,2015-03-31,24593000.0,76771000.0,38502000.0,0.65,55597000.0,0.724192729025283,378694000.0,344670000.0,276512000.0,25064000.0,34024000.0,0.0,118943000.0,3042927400.0,2881879400.0,9.390017980711601,11.032237472071497,0.0,0.0,0.07135230800475817,9.390017980711601,0.07135230800475817,39.63641739719425,30.932860976700688,8.828524095511648,0.30565608099865815,0.0,0.0024703185491707753,0.20272568353340692,10.744693584423874,0.0649416151298938,463.64884961145816,0.724192729025283,0.1403508771929826,2.3620954601103934,1.01608606673819,0.42092831931258884,0.09462306314110767,0.13667036420780182,0.14969094329481322,0.8339701975668591,0.5225754309809586,0.39327938268419704,Capital Markets,Financial Services,MKTX
2014Q4,2014,Q4,2015-02-25,2014-12-31,21636000.0,70167000.0,33489000.0,0.57,50791000.0,0.7238587940199809,379884000.0,334208000.0,274308000.0,20366000.0,45676000.0,0.0,101813000.0,2633836590.0,2464912590.0,9.099294835143892,13.468918786212315,0.0,0.0,0.064738127154347,9.099294835143892,0.064738127154347,37.53668519389456,30.43349729617304,7.8808304708445025,0.27172305416897763,0.0,0.0022321050676875893,0.18470638405407966,13.140675635863694,0.056954228132798435,69.32973387733614,0.7238587940199809,0.23913043478260854,2.643876331368522,0.8916645276323182,0.41325663562714676,0.11247152619589977,0.23606032906764168,0.18469647658129335,0.8848444613827211,0.5632797506271424,0.0756447032579303,Capital Markets,Financial Services,MKTX
2014Q3,2014,Q3,2014-10-24,2014-09-30,17504000.0,64245000.0,28268000.0,0.46,45656000.0,0.710654525644019,362909000.0,326303000.0,257868000.0,18222000.0,36606000.0,0.0,86158000.0,2279912160.0,2124812160.0,8.85345669633167,14.151465261771484,0.0,0.0,0.053643392797491904,8.85345669633167,0.053643392797491904,35.48777585804343,32.56273080438757,6.987101436395007,0.33695155393053017,0.0,0.002586941770598741,0.17702784995687623,13.668532543079793,0.04823247701214354,77.31660879001628,0.710654525644019,-0.04166666666666659,2.407107063464144,0.9335449229568008,0.3913583952240075,-0.01905764561803064,-0.03776592820625584,-0.02762202882597778,0.3115316091117052,0.3898214622978329,0.07474809228569047,Capital Markets,Financial Services,MKTX
2014Q2,2014,Q2,2014-07-25,2014-06-30,18191000.0,64964000.0,29071000.0,0.48,46543000.0,0.7164429530201343,356719000.0,322979000.0,252148000.0,21544000.0,33740000.0,0.0,74650000.0,2001030900.0,1867876900.0,8.725624746724302,11.70386186409209,0.0,0.0,0.05632254728635608,8.725624746724302,0.05632254728635608,30.80215042177206,27.500287229948878,6.195544911588679,0.32609532186245943,0.0,0.0029644719629267095,0.18211533447895964,11.130337913108058,0.050995321247256246,92.07338609487876,0.7164429530201343,0.04347826086956513,4.128221417881072,1.2588599924374022,0.4169952710260194,0.03916140123691085,0.040972818311874104,0.049191569221885376,0.5135011559573347,0.40900977738411787,0.09531756775176552,Capital Markets,Financial Services,MKTX
2014Q1,2014,Q1,2014-04-25,2014-03-31,17475000.0,63398000.0,27708000.0,0.46,44789000.0,0.7064733903277706,346373000.0,318261000.0,241938000.0,21929000.0,28112000.0,0.0,62471000.0,2198305620.0,2068260620.0,8.573610624713774,11.032787632814994,0.0,0.0,0.05490776438206378,8.573610624713774,0.05490776438206378,34.67468405943405,31.44929356223176,6.907241603589506,0.35662374821173104,0.0,0.0028349106435892205,0.1830338969838873,10.607186830224816,0.050451391996489334,369.2149177023849,0.7064733903277706,-0.24590163934426224,4.50242335170023,1.3007958815880152,0.4307305590544404,0.025530063653432248,-0.24458565685384515,0.11730311706117182,0.5942444077606308,0.42973618315179246,0.11234755023891109,Capital Markets,Financial Services,MKTX
2013Q4,2013,Q4,2014-02-24,2013-12-31,23133000.0,60442000.0,24799000.0,0.61,43674000.0,0.722577015982264,351578000.0,310362000.0,245231000.0,17405000.0,41216000.0,0.0,51042000.0,2475131296.0,2342440296.0,8.392244875885567,14.089686871588624,0.0,0.0,0.04984501968668845,8.392244875885567,0.07453554236665572,40.95051944012442,26.748922491678556,7.974981782563586,0.20788483983919076,0.0,0.0019429272328994056,0.17191633151107294,13.478368284975582,0.0657976323888298,164.66843829419201,0.722577015982264,0.27083333333333337,9.721562644111875,1.4845993311437378,0.4318451380001937,0.010434259537746108,0.2701367155328611,-0.06021676519630135,1.5523502572190104,0.5455427466679027,0.306639842388792,Capital Markets,Financial Services,MKTX
2013Q3,2013,Q3,2013-10-25,2013-09-30,18213000.0,61133000.0,26388000.0,0.48,43223000.0,0.707032208463514,332687000.0,286620000.0,231251000.0,26839000.0,46068000.0,0.0,32794000.0,2213441726.0,2094432726.0,7.763482217828218,8.616230112895414,0.0,0.0,0.06370455655571837,7.763482217828218,0.06354406531295792,36.20698683198927,30.382717372206667,7.722565508338567,0.2619008400592983,0.0,0.002155014945263574,0.18375530152966602,7.985468907187302,0.05474515084749329,67.03945621952327,0.707032208463514,-0.058823529411764754,9.701768783327077,1.4057215574199515,0.343442052913122,-0.12913039974210186,-0.05841906632890451,-0.1625781473136365,0.887415343087457,0.45811828952709205,0.13296473400494646,Capital Markets,Financial Services,MKTX
2013Q2,2013,Q2,2013-07-26,2013-06-30,19343000.0,65559000.0,31511000.0,0.51,49632000.0,0.7570585274333044,305378000.0,270564000.0,202977000.0,22305000.0,34814000.0,0.0,19467000.0,1771138720.0,1635670720.0,7.338721926874254,9.100067249495629,0.0,0.0,0.07149140314306411,7.338721926874254,0.07149140314306411,27.015950822922864,22.891210256940496,6.546098963646309,0.25089179548156954,0.0,0.002740045116285414,0.21468147672720367,8.597758350145707,0.06334117061477906,154.95526859142606,0.7570585274333044,0.24390243902439035,5.066668134926089,1.2841862273667517,0.2953375405218855,0.265993265993266,0.2621036147722824,0.29605560811088716,1.4687131985292297,0.6980217286228686,0.07582072382447191,Capital Markets,Financial Services,MKTX
2013Q1,2013,Q1,2013-04-26,2013-03-31,15326000.0,55557000.0,24313000.0,0.41,39204000.0,0.7056536530050219,282881000.0,252501000.0,187376000.0,24629000.0,30380000.0,0.0,4977000.0,1370934720.0,1245015720.0,6.866291401533692,7.607941857160259,0.0,0.0,0.060696789319646255,6.866291401533692,0.06069678931964626,24.67618337923214,22.36289181782592,5.4294229329784836,0.35266866762364607,0.0,0.003942565551188316,0.19639707156012598,7.245320557066872,0.05417825870242257,168.85512008868088,0.7056536530050219,-0.24074074074074084,7.464007121975003,1.1347370660341862,0.2364057962573184,4.93061961098857,-0.2511116540434889,0.12931394862743276,1.0913346842972267,0.4562865735612213,0.039029735739906916,Capital Markets,Financial Services,MKTX
2012Q4,2012,Q4,2013-02-21,2012-12-31,20465000.0,50387000.0,21529000.0,0.54,-9974000.0,-0.19794788338261854,279841000.0,242717000.0,219256000.0,17208000.0,37124000.0,0.0,-5644000.0,1288485300.0,1159577300.0,6.64959864113312,12.741515574151558,0.0,0.0,0.08431630252516305,6.64959864113312,0.08431630252516305,25.571780419552663,15.740108722208648,5.308591075202807,2.5239677498167605,0.0,0.04008815622498759,0.18005581741060103,12.271036727103672,0.0731308135691339,48.113715459297985,-0.19794788338261854,0.5000000000000001,8.524662013294831,0.999641968320163,0.23588306308751025,-1.2066850405122573,0.5179498590713544,0.015087934367485501,2.468188922782746,0.3668915365953457,0.032782163244414846,Capital Markets,Financial Services,MKTX
2012Q3,2012,Q3,2012-11-02,2012-09-30,13482000.0,48257000.0,21209000.0,0.36,48257000.0,1.0,304928000.0,271934000.0,244398000.0,32994000.0,32994000.0,0.0,26632000.0,1144640000.0,994539000.0,7.450246575342466,7.407346790325514,0.0,0.0,0.04957820647657151,7.450246575342466,0.04957820647657152,23.71966761298879,21.22533748701973,4.209256657865511,0.3045542204420709,0.0,0.0035871540396980707,0.15825703116801343,7.2042189488998,0.0442137160247665,51.67908257709151,1.0,0.058823529411764594,4.031549836821464,0.9552890626281275,0.3870730666558526,-0.011633384536610343,0.06754295668699026,0.00042452830188679245,1.6498307392536606,0.46652877104905055,0.17083795342746436,Capital Markets,Financial Services,MKTX
2012Q2,2012,Q2,2012-07-26,2012-06-30,12629000.0,48825000.0,21200000.0,0.34,48825000.0,1.0,289728000.0,261735000.0,227218000.0,27993000.0,27993000.0,0.0,17256000.0,962449920.0,832854920.0,7.244657883082374,8.116957810881292,0.0,0.0,0.04825109366343821,7.244657883082374,0.04825109366343821,19.71223594470046,19.05237786047985,3.677192274628919,0.3231451421331855,0.0,0.00424022062363515,0.1685201292246521,7.908977244311078,0.043589159487519326,88.91813747228382,1.0,-0.02857142857142844,2.2405274004178835,0.7586230654681063,0.36061473186689835,-0.03764659505272494,-0.06403320240124509,-0.06804993845612801,2.6476485795510603,0.7393726674521398,0.17649409165606572,Capital Markets,Financial Services,MKTX
2012Q1,2012,Q1,2012-04-26,2012-03-31,13493000.0,50735000.0,22748000.0,0.35,50735000.0,1.0,274510000.0,248917000.0,218618000.0,25593000.0,25593000.0,0.0,8708000.0,1377268860.0,1257459860.0,6.73950831212433,8.542101355839486,0.0,0.0,0.05420682396140079,6.73950831212433,0.05420682396140079,27.14632620478959,25.518210553620396,5.533044589160242,0.3113466241754984,0.0,0.0030502395879334703,0.18482022512841062,8.320009377564178,0.04915303631925977,120.0862202458802,1.0,0.11989084293511204,3.594696316032017,0.7810832619119374,0.1911239208611621,4.716577540106952,0.16893355280256434,0.20576698823279974,3.2701060376865234,0.8505614920652417,0.12466274912964077,Capital Markets,Financial Services,MKTX
2011Q4,2011,Q4,2012-02-17,2011-12-31,11543000.0,45135000.0,18866000.0,0.3125304597389939,-13651000.0,-0.3024482109227872,349458000.0,312439000.0,283900000.0,37019000.0,37019000.0,0.0,-584000.0,1112082740.0,942462740.0,8.459387014674826,7.669034819957319,0.0,0.0,0.036944811627229644,8.459387014674826,0.03694481162722964,24.639032679738563,24.08565234341159,3.5593595549851327,0.29862254180022524,0.0,0.0030995895143557392,0.12915715193242105,7.669034819957319,0.0330311510968414,65.89338982046573,-0.3024482109227872,-0.08079276547354741,3.3030162848513736,0.7054097986699541,0.40682265520775257,-1.2931663946396357,-0.14140136864028563,-0.15383925367778975,4.356842463852206,0.8577832104147384,0.44330061223886585,Capital Markets,Financial Services,MKTX
2011Q3,2011,Q3,2011-10-26,2011-09-30,13444000.0,46564000.0,22296000.0,0.34,46564000.0,1.0,339200000.0,305833000.0,269680000.0,33367000.0,33367000.0,0.0,-8680000.0,966018520.0,808396520.0,8.23770403490815,8.082236940689903,0.0,0.0,0.04395863101758149,8.23770403490815,0.04395863101758149,20.746038141053173,17.963748140434394,3.158647104792485,0.2552811663195478,0.0,0.003552726918734436,0.13727594339622642,8.082236940689903,0.039634433962264154,38.2233419063823,1.0,0.13333333333333347,7.744378451493053,0.8909087474412697,0.42577755884910845,0.016881046493852504,0.1262461254921672,0.12012057272042201,6.855509325980168,0.8221817832603167,0.42550439473326934,Capital Markets,Financial Services,MKTX
2011Q2,2011,Q2,2011-07-27,2011-06-30,11937000.0,45791000.0,19905000.0,0.3,45791000.0,1.0,321267000.0,292857000.0,260254000.0,28410000.0,28410000.0,0.0,-18692000.0,921255720.0,785487720.0,7.96629671943855,9.160647659274904,0.0,0.0,0.04076050768805254,7.96629671943855,0.04076050768805253,20.11870716953113,19.294121638602665,3.1457527735379385,0.28616905420122307,0.0,0.0037079824047116907,0.14253253524327117,8.657444561774023,0.03715601042123841,56.25302069976186,1.0,0.111111111111111,11.11076222213155,0.8470355474768052,0.33931350430919405,0.05003554312183265,0.10732838589981447,0.12674063172195177,2.7546723851808075,0.6000360367459036,0.406109034031793,Capital Markets,Financial Services,MKTX
2011Q1,2011,Q1,2011-04-28,2011-03-31,10780000.0,43609000.0,17666000.0,0.27,43609000.0,1.0,303730000.0,281384000.0,246535000.0,22346000.0,22346000.0,0.0,-27213000.0,883104330.0,766537330.0,7.7076725011641605,11.032623288284256,0.0,0.0,0.03831063599920394,7.7076725011641605,0.03831063599920394,20.250506317503266,20.48015607606679,3.1384312185483183,0.3142857142857143,0.0,0.003836466298381755,0.14357817798702796,10.126823592589277,0.035492048859184146,-3223.0085036496353,1.0,0.10169777579076789,7.106573947497443,0.750949386579301,0.31151738095133213,2.200490007157408,0.20487314183525204,0.22298373139494634,4.996953559495198,0.6878990097659903,0.3879123967799969,Capital Markets,Financial Services,MKTX
2010Q4,2010,Q4,2011-02-24,2010-12-31,8947000.0,38605000.0,14445000.0,0.24507628673952941,-36326000.0,-0.9409661960885896,299521000.0,234476000.0,228167000.0,34730000.0,65045000.0,0.0,-34605000.0,759710670.0,634716670.0,6.422768236228668,6.569737978692773,0.0,0.0,0.03815742336102629,6.422768236228668,0.03815742336102629,19.679074472218623,21.22808399463507,3.2400359525068665,0.2895942774114228,0.0,0.003410508898078265,0.12888912630500032,4.480708321336021,0.029871027407093326,35.38640225441334,-0.9409661960885896,0.11398312154331551,2.496065528915409,0.6697212585478562,0.12071772482395032,-1.9709459278860288,0.039019858320752526,0.06810115350488022,3.163359170298405,0.5318135796430534,0.19372475087290664,Capital Markets,Financial Services,MKTX
2010Q3,2010,Q3,2010-10-28,2010-09-30,8611000.0,37413000.0,13524000.0,0.22,37413000.0,1.0,287169000.0,225751000.0,215226000.0,31103000.0,61418000.0,0.0,-40961000.0,559406100.0,450661100.0,6.852359993929276,6.919782657621451,0.0,0.0,0.03814379559780467,6.852359993929276,0.03814379559780466,14.952185069360917,16.241031819765418,2.4779783921222944,0.30867495064452444,0.0,0.004751467672590628,0.13028216833989742,6.919782657621451,0.02998582716100972,31.683625962845493,1.0,0.22222222222222227,5.320508880507441,0.6846801522073097,0.1588946971761614,0.05907829926965974,0.20114381364207,0.14068825910931174,2.5604459533398116,0.6794865798508656,0.2757596536558195,Capital Markets,Financial Services,MKTX
2010Q2,2010,Q2,2010-07-30,2010-06-30,7169000.0,35326000.0,11856000.0,0.18,35326000.0,1.0,285436000.0,230110000.0,216598000.0,25011000.0,55326000.0,0.0,-46914000.0,465178070.0,351652070.0,6.82151009397326,8.660109551797209,0.0,0.0,0.0311546651601408,6.82151009397326,0.0311546651601408,13.168150087754062,16.22186044078672,2.0215465212289776,0.3766215650718371,0.0,0.0058042289052878185,0.12376154374360628,8.464435648314742,0.025115962947911265,21.785138856366785,1.0,0.058823529411764594,2.2306578561534054,0.5059120416673947,0.15122559223236082,0.012670565302144249,0.06984032233994926,0.06955345060893099,0.9701272093210515,0.36274291092669564,0.2811436063961939,Capital Markets,Financial Services,MKTX
2010Q1,2010,Q1,2010-04-30,2010-03-31,6701000.0,34884000.0,11085000.0,0.17,34884000.0,1.0,272631000.0,222213000.0,199293000.0,20103000.0,50418000.0,0.0,-51383000.0,528936980.0,424384980.0,6.608368524356153,9.913594985823012,0.0,0.0,0.030155751463685737,6.608368524356153,0.030155751463685744,15.162738791423003,19.733509177734668,2.380315193080513,0.4000895388747948,0.0,0.005068656761340453,0.12795316746811625,9.669153857633189,0.024579009723765824,-153.71606509735543,1.0,0.05158572479764538,0.7879497998544323,0.33534883379270713,0.13418026987839524,0.027238729055625903,0.23270787343635027,0.004167044116314884,1.5063345792675007,0.34509813834783076,0.16794660124775318,Capital Markets,Financial Services,MKTX
2009Q4,2009,Q4,2010-02-26,2009-12-31,5436000.0,33959000.0,11039000.0,0.1616606197585202,33959000.0,1.0,277286000.0,216502000.0,202459000.0,30469000.0,60784000.0,0.0,-55403000.0,467401400.0,364060400.0,6.438529709153631,6.644753684072336,0.0,0.0,0.025108313087177023,6.438529709153631,0.025108313087177023,13.763697399805649,21.495649374540104,2.158877978032536,0.0,0.0,0.0,0.1224692195062138,6.481604253503561,0.019604307465937696,30.160766599987095,1.0,0.3471718313210017,-0.7945871003405055,-0.8303801715736221,-0.8638663599814504,0.13162717851311273,0.17155172413793104,0.2921690272737914,1.2257935435190024,0.4093580367121239,0.07074773211728853,Capital Markets,Financial Services,MKTX
2009Q3,2009,Q3,2009-10-30,2009-09-30,4640000.0,30009000.0,8543000.0,0.12,30009000.0,1.0,267500000.0,211811000.0,190536000.0,25374000.0,55689000.0,0.0,-58189000.0,400442610.0,294309610.0,6.3631748129900565,7.509103807046583,0.0,0.0,0.021906322145686486,6.3631748129900565,0.021906322145686486,13.34408377486754,21.575571659482755,1.8905656929998913,0.0,0.0,0.0,0.11218317757009345,7.329549933002286,0.017345794392523366,23.461601242090463,1.0,0.4999999999999999,-0.9753454343650108,-0.8407697585764861,-0.6243205782465592,0.16138395448740275,0.4559146532789457,0.48936541143654116,2.366060569140991,0.35917481370010257,0.10133500948195362,Capital Markets,Financial Services,MKTX
2009Q2,2009,Q2,2009-07-30,2009-06-30,3187000.0,25839000.0,5736000.0,0.08,25839000.0,1.0,252095000.0,204785000.0,171230000.0,16995000.0,47310000.0,0.0,-62829000.0,316929680.0,228192680.0,6.157836179937455,10.075316269491028,0.0,0.0,0.015562663281002026,6.157836179937455,0.015562663281002026,12.265555168543674,24.861129588955126,1.54762155431306,0.0,0.0,0.0,0.10249707451555962,9.806413651073845,0.012642059541046035,44.313434004474274,1.0,0.0,-0.9865246156422787,-0.8629847489343373,-0.5879085664519229,0.04900129912309191,0.12257837266643185,0.212428662016487,2.5742709078061106,0.15212591939469938,0.03527064627028175,Capital Markets,Financial Services,MKTX
2009Q1,2009,Q1,2009-05-01,2009-03-31,2839000.0,24632000.0,4731000.0,0.08,24632000.0,1.0,243222000.0,198851000.0,159651000.0,14056000.0,44371000.0,0.0,-66016000.0,253521756.64,143698756.64,5.992470469338414,11.358210017074558,0.0,0.0,0.01427702148845115,5.992470469338414,0.014277021488451152,10.292374011042545,22.32491692849595,1.274933274864094,0.0,0.0,0.0,0.1012737334616112,11.051863972680705,0.01167246383961977,-79.52376306148055,1.0,0.3712180165289256,-0.9032983003810798,-0.8723888889276598,0.0,0.12845886017958585,0.46642561983471076,0.5707171314741036,1.3487578755463063,0.08805640382666714,0.01966309209269927,Capital Markets,Financial Services,MKTX
2008Q4,2008,Q4,2009-03-03,2008-12-31,1936000.0,21828000.0,3012000.0,0.05834229060270841,21828000.0,1.0,246428000.0,194493000.0,160149000.0,21620000.0,51935000.0,0.0,-68855000.0,270777164.16,163454164.16000003,5.861140044520954,7.407446808510638,0.0,0.0,0.009954085751158139,5.861140044520954,0.009954085751158139,12.405037757009348,34.9660594214876,1.3922206154463144,0.0,0.0,0.0,0.0885775967016735,7.20781683626272,0.00785625010144951,30.288273395973157,1.0,0.4585572650677102,-0.9258677895496092,-0.8895186420694775,-0.8760744510062987,-0.037608571050659144,0.2745227123107307,0.4356530028598665,-0.16773477447503982,0.0386485852098735,0.022718443819651327,Capital Markets,Financial Services,MKTX
2008Q3,2008,Q3,2008-10-31,2008-09-30,1519000.0,22681000.0,2098000.0,0.04,22681000.0,1.0,240074000.0,190423000.0,154168000.0,19336000.0,49651000.0,0.0,-70791000.0,265922640.0,150960640.0,5.778799465889779,7.97310715763343,0.0,0.0,0.007976977570986697,5.778799465889779,0.007976977570986699,11.724467175168643,43.76606978275181,1.3964838281089993,0.0,0.0,0.0,0.09447503686363372,7.7447248655357885,0.006327215775135999,41.5504125,1.0,-0.5,-0.9918467637655989,-0.8784292472775228,-0.6588218765666092,0.0,-0.4666432584269663,-0.5591510821601177,0.11471530349037565,0.021091960688596985,-0.02266955282600405,Capital Markets,Financial Services,MKTX
2008Q2,2008,Q2,2008-08-01,2008-06-30,2848000.0,25637000.0,4759000.0,0.08,0.0,0.0,229064000.0,186575000.0,189489000.0,0.0,42489000.0,0.0,-72310000.0,248964695.28,152708695.28,5.665490034294472,0.0,0.0,0.0,0.015264638885166822,5.665490034294472,0.015264638885166822,9.71114776611928,21.854344740168536,1.3343947221224708,0.0,0.0,0.0,0.11192068592183844,0.0,0.012433206440121539,22.294680333124383,0.0,0.6,-0.9878394526237315,-0.8627177294599199,-0.6208570930172963,0.0,0.7844611528822055,0.6056005398110661,0.314653696565722,0.11946711590757547,-0.04386902164382273,Capital Markets,Financial Services,MKTX
2008Q1,2008,Q1,2008-05-12,2008-03-31,1596000.0,22939000.0,2964000.0,0.05,0.0,0.0,200791000.0,180004000.0,160606000.0,0.0,20787000.0,0.0,-75158000.0,322186502.26,267887502.26,5.553428673917906,0.0,0.0,0.0,0.008866469634008133,5.553428673917906,0.008866469634008133,14.04535953005798,50.467810504385966,1.7898852373280592,0.0,0.0,0.0,0.11424316826949416,0.0,0.007948563431627911,-110.52710197598627,0.0,-0.1505993448637316,-0.9443452135194184,-0.8783354050393158,0.0,0.0,-0.16352201257861634,-0.04387096774193548,-0.5582232651352793,-0.08904445019749702,-0.046876818549054115,Capital Markets,Financial Services,MKTX
2007Q4,2007,Q4,2008-03-03,2007-12-31,1908000.0,22376000.0,3100000.0,0.05886503583162243,0.0,0.0,198366000.0,174397000.0,194977000.0,0.0,23969000.0,0.0,-76754000.0,415860445.07,343149445.07,5.380443214846675,0.0,0.0,0.0,0.010940555170100404,5.380443214846675,0.010940555170100404,18.585111059617446,54.489052026991615,2.384561919471092,0.0,0.0,0.0,0.1128015889819828,0.0,0.009618583829890203,78.86600513369999,0.0,-0.15907091669110826,-0.9252035670975688,-0.8840532897448927,-0.8862381082580315,0.0,-0.208298755186722,-0.1490529783145759,-0.9252035670975688,-0.8840532897448927,-0.8862381082580315,Capital Markets,Financial Services,MKTX
2007Q3,2007,Q3,2007-11-02,2007-09-30,2410000.0,22198000.0,3643000.0,0.07,0.0,0.0,198369000.0,176331000.0,189127000.0,0.0,22038000.0,0.0,-78662000.0,525263648.0,450913648.0,5.371199797934618,0.0,0.0,0.0,0.013667477641481077,5.371199797934618,0.013667477641481077,23.662656455536535,54.48793029045644,2.9788502759015714,0.0,0.0,0.0,0.11190256542100832,0.0,0.012149075712434907,64.57630292598968,0.0,-0.3,-0.9870158444214453,-0.8805722720328634,-0.6828864059980009,0.0,-0.32150900900900903,-0.3967544295413148,-0.9870158444214453,-0.8805722720328634,-0.6828864059980009,Capital Markets,Financial Services,MKTX
2007Q2,2007,Q2,2007-08-02,2007-06-30,3552000.0,25304000.0,6039000.0,0.1,0.0,0.0,193261000.0,175326000.0,183761000.0,0.0,17935000.0,0.0,-81072000.0,592701624.0,527351624.0,5.324547583827778,0.0,0.0,0.0,0.020259402484514563,5.324547583827778,0.020259402484514563,23.423238381283593,41.716048986486484,3.3805689059238215,0.0,0.0,0.0,0.1309317451529279,0.0,0.018379290182706287,46.916933744953695,0.0,0.4285714285714285,-0.9848316460447123,-0.864484557602302,-0.6436734621224001,0.0,0.44979591836734695,0.35130901767733275,-0.9848316460447123,-0.864484557602302,-0.6436734621224001,Capital Markets,Financial Services,MKTX
2007Q1,2007,Q1,2007-05-10,2007-03-31,2450000.0,23765000.0,4469000.0,0.07,0.0,0.0,189174000.0,174346000.0,178921000.0,0.0,14828000.0,0.0,-84624000.0,515817621.71999997,447526621.71999997,5.65810844202657,0.0,0.0,0.0,0.014052516260768816,5.65810844202657,0.014052516260768816,21.704928328213757,52.63445119591836,2.9585859252291415,0.0,0.0,0.0,0.12562508589975366,0.0,0.01295103978347976,-153.70012566150177,0.0,-0.036218293118856076,-0.9101297489550074,-0.8674109104497275,0.0,0.0,0.09472743521000894,0.24519364725550294,-0.9101297489550074,-0.8674109104497275,0.0,Capital Markets,Financial Services,MKTX
