Quarters,Year,Quarter,FillingDate,Date,NetIncome,Revenue,OperatingIncome,EPSDiluted,GrossProfit,GrossProfitRatio,TotalAssets,CommonStockEquity,CurrentAssets,CurrentLiability,TotalLiability,Inventory,RetainedEarnings,MarketCap,EnterpriseValue,bookValuePerShare,currentRatio,debtToAssets,debtToEquity,roic,shareholdersEquityPerShare,roe,priceToSalesRatio,peRatio,pbRatio,payoutRatio,inventoryTurnover,dividendYield,assetTurnover,quickRatio,returnOnAssets,priceToFreeCashFlowsRatio,grossProfitMargin,epsdilutedGrowth,fiveYNetIncomeGrowthPerShare,fiveYRevenueGrowthPerShare,fiveYShareholdersEquityGrowthPerShare,grossProfitGrowth,netIncomeGrowth,operatingIncomeGrowth,threeYNetIncomeGrowthPerShare,threeYRevenueGrowthPerShare,threeYShareholdersEquityGrowthPerShare,Industry,Sector,Symbol
2023Q1,2023,Q1,2023-05-03,2023-03-31,-335773000.0,589849000.0,-227694000.0,-1.57,32926000.0,0.0558210661,19728327000.0,6467758000.0,2084272000.0,1150017000.0,11560573000.0,887890000.0,-69590000.0,4323142200.0,12992044200.0,30.14597199694241,1.8123836430244076,0.47127351447489696,1.4375055467443278,-0.011983125162773582,30.14597199694241,-0.051914898485688546,7.32923544839442,-3.218798265494843,0.6684143407963006,0.0,0.6272432395904898,0.0,0.02989858187164071,0.7367091095175115,-0.017019841570955308,-4.552434677396426,0.055821066069451676,-0.05369127516778528,-6.998871981603003,1.0462696198084718,2.4655261807523923,-0.3950206706476803,-0.0239666497923236,-0.2035202706274116,-5.673424999376999,0.555381992132326,3.119328370591955,Solar,Technology,RUN
2022Q4,2022,Q4,2023-02-22,2022-12-31,-327914000.0,609152000.0,-189190000.0,-1.49,54425000.0,0.0893455164,19268805000.0,6708122000.0,2097643000.0,1155451000.0,11089788000.0,783904000.0,170798000.0,5129086680.0,13122028680.0,31.41477235475381,1.8154322424750162,0.4532429489010865,1.3019217599202877,-0.012076738470673153,31.41477235475381,-0.04888313003251879,8.420044061252364,-3.9103901327787165,0.7646084373540015,0.0,0.7076465995836225,0.0,0.03161337716583877,0.8263119768817544,-0.0170178690375454,-6.229435473782524,0.0893455163899979,-2.5520833333333335,-3.7779627058775302,1.0753653495495452,3.1217675623964114,-0.5078446443911923,-2.5573423252279635,-3.940718687976601,-15.521006260735994,0.3822759847659737,2.84894304998963,Solar,Technology,RUN
2022Q3,2022,Q3,2022-11-02,2022-09-30,210560000.0,631906000.0,-38292000.0,0.96,110585000.0,0.1750022946,18568058000.0,6618501000.0,1880028000.0,1082505000.0,10514821000.0,589094000.0,107777000.0,5868282640.0,13548860640.0,31.117186030766916,1.7367383984369587,0.4498403117870485,1.2620170337664072,0.0030710451900309442,31.117186030766916,0.03181385029631332,9.286638582320789,6.967470839665654,0.8866482969482062,0.0,0.8849538443779771,0.0,0.034031884217509446,0.8230169837552713,0.011339904259239173,-9.21328583517679,0.17500229464508962,1.9696969696969697,2.7693713200495167,1.2243060187871493,3.365979724927072,0.23493807721085017,2.0038330250386163,0.6297929114217762,3.0176088153735274,0.6216628301262471,2.950026564654094,Solar,Technology,RUN
2022Q2,2022,Q2,2022-08-03,2022-06-30,-209756000.0,584580000.0,-103434000.0,-0.99,89547000.0,0.1531817715,17800602000.0,6346680000.0,1710373000.0,990998000.0,9987961000.0,547419000.0,-102783000.0,4931950080.0,12384296080.0,30.06081618733659,1.7259096385663746,0.44800765726911934,1.2565319190505901,-0.007151235163213146,30.06081618733659,-0.0330497204837805,8.436741044852715,-5.878199050325139,0.7770913422450794,0.0,0.9043036504030734,0.0,0.03284046236189091,0.7459994873854437,-0.01178364641825035,-6.887727068957571,0.15318177152827672,-0.32,-5.156120562031278,1.1109183708329824,3.3802871434039004,1.0280149473445817,-0.3405594718442631,-0.5325371895928407,-87.95027806738703,0.5666802887528533,2.801004195235647,Solar,Technology,RUN
2022Q1,2022,Q1,2022-05-04,2022-03-31,-156469000.0,495784000.0,-67492000.0,-0.75,44155000.0,0.089060962,17255122000.0,6264342000.0,1709350000.0,1069911000.0,9573860000.0,555946000.0,-90357000.0,6337490120.0,13215321120.0,30.019465583009065,1.5976562536510046,0.4350587611029351,1.1983687991492162,-0.0046754866271436196,30.019465583009065,-0.0249777231192039,12.782764510351281,-10.125791882098051,1.0116769039749107,0.0,0.8123612724976886,0.0,0.028732569958068103,0.7754944102827245,-0.009067974135448013,-9.271978639668768,0.08906096203185258,0.5161290322580645,-7.129453494943375,1.3740526847881243,3.5047622184313307,0.10282731405165094,0.5132642332315082,-1.8527639143344494,-5.1616834922806,0.39142865716415104,2.698679736400511,Solar,Technology,RUN
2021Q4,2021,Q4,2022-02-17,2021-12-31,-321466000.0,435229000.0,79145000.0,-1.55,40038000.0,0.0919929508,16483252000.0,6254736000.0,1547719000.0,1012120000.0,8910665000.0,506819000.0,-2579000.0,7114437399.999999,13368085400.0,30.155222786836244,1.5291852744733827,0.4168644633959367,1.0985726655769323,0.006431821597592526,30.155222786836244,-0.05139561445918741,16.34642314735461,-5.532807046468366,1.1374480713494541,0.0,0.7797477995102788,0.0,0.026404316332723665,0.7545261431450816,-0.019502583592121262,-9.244667685414749,0.09199295083737527,-15.090909090909092,-6.553971459121286,0.8103964600963276,3.6619181026788614,-0.5637136319058516,-14.322806581292221,1.573826354903027,-28.554208894481402,-0.01883604679081229,2.5688555679289675,Solar,Technology,RUN
2021Q3,2021,Q3,2021-11-04,2021-09-30,24129000.0,438765000.0,-137925000.0,0.11,91770000.0,0.20915524255581006,16089669000.0,6223110000.0,1594660000.0,1283626000.0,9148160000.0,444519000.0,35940000.0,9068532000.0,14858385000.0,30.194174757281555,1.242308896828204,0.4044487179941365,1.0456903381106875,-0.010981802396270744,30.194174757281555,0.0038773217892661385,20.66831219445489,93.95884620166603,1.4572347266881027,0.0,0.7806078030410398,0.0,0.027269982993435103,0.6975700087097021,0.0014996579482150938,-14.603487368434614,0.20915524255581006,1.5499999999999998,-0.2875833325731151,0.9516491282172277,3.9151393507076224,0.27036642256952614,1.585030549898167,0.02711453138556384,5.4926584038078055,0.15431807768269745,2.4708597272999033,Solar,Technology,RUN
2021Q2,2021,Q2,2021-08-05,2021-06-30,-41244000.0,401166000.0,-141769000.0,-0.2,72239000.0,0.1800725884048,15428836000.0,6156457000.0,1396652000.0,1119109000.0,8536043000.0,341423000.0,11811000.0,11400204840.0,16710656840.0,30.12289483212479,1.2480035456778562,0.3882366757933003,0.9729687058644282,-0.010577957054072372,30.12289483212479,-0.0066993077349521,28.41767457860337,-69.1022017748036,1.8517476594086502,0.0,0.9634002395854995,0.0,0.02600105413007177,0.7528819802181914,-0.002673176382197594,-19.996254873999547,0.1800725884048,-0.6666666666666669,-1.6303833422382574,0.633380422034801,4.061483020965254,0.7865463088908125,-0.7337424860229518,0.20588713065397002,-3.9841118554602213,0.26100517068004886,2.4434256470183717,Solar,Technology,RUN
2021Q1,2021,Q1,2021-05-05,2021-03-31,-23789000.0,334794000.0,-178525000.0,-0.12,40435000.0,0.12077576061697641,14885961000.0,6165560000.0,1268654000.0,798835000.0,8029659000.0,289772000.0,53055000.0,12250949760.0,16875681760.0,30.437890621143158,1.5881302146250478,0.35430866707228376,0.8554332453175381,-0.014125139377163712,30.437890621143158,-0.0038583680963286382,36.59250094087707,-128.74595149018452,1.98699708704481,0.0,1.0158296867882335,0.0,0.02249058693624147,0.9701527849931463,-0.0015980829185297475,-22.574156823868893,0.12077576061697641,0.8636363636363636,-1.9055550841564841,0.6951457583697519,4.448170084951618,-0.13880132901686829,0.8595027167493503,0.30381153678168094,-1.4501595867229038,0.23017293890339055,2.4990846155217046,Solar,Technology,RUN
2020Q4,2020,Q4,2021-02-25,2020-12-31,-169320000.0,320406000.0,-256432000.0,-0.88,46952000.0,0.14653907854409717,14382943000.0,6077911000.0,1137729000.0,901356000.0,7654033000.0,283045000.0,76844000.0,13362379860.0,17638559860.0,31.557661853507582,1.262241556055543,0.33346061372835867,0.7891107651954758,-0.020678062547380624,31.557661853507582,-0.027858255904043346,41.70452444710773,-19.729476523742026,2.1985152234048835,0.0,0.9661149287215813,0.0,0.022276803850227313,0.6824229272340784,-0.011772277759843726,-26.751939690725777,0.14653907854409717,-4.142857142857143,-4.926465352595378,0.6908903172571865,4.768124708096416,-0.17237489203433748,-5.521590514593959,-3.12336388486895,-2.590348228452619,0.2102833109275527,3.1405153443099496,Solar,Technology,RUN
2020Q3,2020,Q3,2020-11-05,2020-09-30,37447000.0,209760000.0,-62190000.0,0.28,56731000.0,0.27045671243325703,6306834000.0,1033545000.0,645739000.0,596240000.0,4886294000.0,177967000.0,246164000.0,9633981210.0,11842805210.0,8.268161564122462,1.083018583120891,0.39399736856876205,2.4042262310784728,-0.012143888306493416,8.268161564122462,0.036231610621695234,45.9285908180778,64.31744338665312,9.321298259872574,0.0,0.8598728977844207,0.0,0.03325915982567482,0.5814873205420636,0.0059375274503816015,-35.48623758218686,0.27045671243325703,3.5454545454545454,8.330344892531828,0.37599257617817167,-0.0028256125092278417,0.6623981714821544,3.7611709187435483,0.25493296912626245,0.1406409713159901,0.25632967737623263,0.16008644598157717,Solar,Technology,RUN
2020Q2,2020,Q2,2020-08-10,2020-06-30,-13562000.0,181294000.0,-83469000.0,-0.11,34126000.0,0.18823568347545974,6005042000.0,888167000.0,638240000.0,517299000.0,4763537000.0,210507000.0,208717000.0,2371901880.0,4525873880.0,7.384223347383998,1.2337932221017245,0.40358435461400605,2.7286996702196773,-0.022738748913419482,7.384223347383998,-0.015269650865208907,13.083179145476409,-43.72330555965196,2.6705584422749324,0.0,0.6991121435391697,0.0,0.030190296753961086,0.637095760865573,-0.0022584354947059486,-12.528533065708853,0.18823568347545974,0.5217391304347826,-2.450165019722161,1.010822764358829,1.0824421851248296,-0.16472488740943803,0.5149325798490647,-0.3245473443673929,-1.4716865685180214,0.1491241256655607,0.07598604079801033,Solar,Technology,RUN
2020Q1,2020,Q1,2020-05-06,2020-03-31,-27959000.0,210731000.0,-63017000.0,-0.23,40856000.0,0.193877502598099,5938507000.0,872473000.0,707816000.0,474757000.0,4739843000.0,257614000.0,222279000.0,1204122000.0,3356012000.0,7.318176480456299,1.4909016612709238,0.41059276346731594,2.7947088333965637,-0.016618910640447928,7.318176480456299,-0.03204569081220852,5.714024040126986,-10.766855037733825,1.3801252302363511,0.0,0.6594168018818853,0.0,0.03548551849816797,0.7576655004560228,-0.004708085719188342,-3.6783931571712234,0.193877502598099,-3.3,-0.033043397439474036,1.8204723750117928,0.8751041260014284,-0.338171450787274,-3.23672,-0.3012782125673694,-2.9170721907901216,0.7662397699365986,0.0981756096161598,Solar,Technology,RUN
2019Q4,2019,Q4,2020-02-27,2019-12-31,12500000.0,243937000.0,-48427000.0,0.1,61732000.0,0.25306534064123115,5806341000.0,964731000.0,733830000.0,530094000.0,4474909000.0,260571000.0,251466000.0,1632328190.0,3617691190.0,8.16192184367042,1.3843393813172757,0.3883581760010306,2.3373769475636212,-0.012333466566734928,8.16192184367042,0.012956979717662229,6.691597379651303,32.6465638,1.6920034600318639,0.0,0.6992527948236757,0.0,0.04201217255410938,0.6673740883692326,0.0021528187889757076,-5.044417768108508,0.25306534064123115,-0.5652173913043478,1.3141308791280637,1.7202296782747466,0.9915386768126567,0.09937313007550932,-0.5688168333908245,0.19748442264351054,-0.6210243990004004,0.7805992448271304,0.2618116425346836,Solar,Technology,RUN
2019Q3,2019,Q3,2019-11-12,2019-09-30,28990000.0,215542000.0,-60344000.0,0.23,56152000.0,0.26051535199636267,5472018000.0,926829000.0,567240000.0,429012000.0,4226416000.0,109777000.0,243966000.0,1965376659.9999998,3685987660.0,7.87771563594329,1.3222007776006266,0.37377600000584793,2.2067814019630374,-0.0188904217834697,7.87771563594329,0.031278693264884895,9.118300192073933,16.9487466367713,2.1205385891032758,0.0,1.4519434854295525,0.0,0.03938985580822285,0.9324913988419904,0.005297862689779164,-7.489032137604121,0.26051535199636267,24.0,2.283817791234206,1.5897239171650634,0.0,0.17835183514154407,23.420726991492653,0.03907767763304564,0.49943609969992825,0.6795257721559278,0.28236888165231105,Solar,Technology,RUN
2019Q2,2019,Q2,2019-08-07,2019-06-30,-1293000.0,204595000.0,-62798000.0,-0.01,47653000.0,0.23291380532271072,5207380000.0,915545000.0,530086000.0,637890000.0,3998293000.0,89829000.0,214976000.0,2295619950.0,3959264950.0,7.908651146719648,0.83099907507564,0.37699995007086096,2.1442769061051066,-0.018946750475312385,7.908651146719648,-0.0014122735638335635,11.22031305750385,-443.85536542923427,2.5073807950455738,0.0,1.7471195271014928,0.0,0.03928943153754863,0.5916114063553277,-0.00024830144909724277,-8.533490760669558,0.23291380532271072,0.9166666666666667,0.9486182765815458,1.6972553105632882,0.0,0.009340845547742099,0.9067234165344106,-0.4217020216884381,-1.0348898694158766,0.4706695902431226,0.328873062198827,Solar,Technology,RUN
2019Q1,2019,Q1,2019-05-08,2019-03-31,-13862000.0,194504000.0,-44171000.0,-0.12,47212000.0,0.24273022662773003,4939682000.0,924540000.0,463060000.0,336802000.0,3637571000.0,76184000.0,216269000.0,1615272160.0,3193890160.0,8.11626518716202,1.374873070824995,0.36929948122166567,1.973113115711597,-0.013635869982579459,8.11626518716202,-0.014993402124299652,8.304570394439189,-29.131297071129705,1.7471090055595215,0.0,1.9333718366061114,0.0,0.03937581407062236,0.9297035053236026,-0.0028062535199634307,-8.502237896221747,0.24273022662773003,-1.3999999999999997,0.1770192967485205,3.4518499837460963,0.0,-0.4495061973111948,-1.354279891304348,-5.638262699128344,-1.9383245533971156,0.7512430208319745,0.45275484903393853,Solar,Technology,RUN
2018Q4,2018,Q4,2019-02-28,2018-12-31,-5888000.0,240120000.0,-6654000.0,-0.05,85763000.0,0.3571672497084791,4749787000.0,948707000.0,461413000.0,372191000.0,3467005000.0,79467000.0,229391000.0,1222718310.0,2745015310.0,8.449549782238886,1.2397210034632755,0.3682106166023866,1.8434795990753732,-0.002280174848955081,8.449549782238886,-0.006206341894810515,5.0921135682158924,-51.91568911345109,1.288826065371079,0.0,1.942403765084878,0.0,0.0505538458882472,0.7946376994607608,-0.001239634535190736,-7.849964432688542,0.3571672497084791,-0.6666666666666669,0.8442300486147846,1.8188469545963029,1.0617209421127367,0.3076418747903516,-1.0331491712707181,0.7174162313670531,0.6464862802125138,1.1736725137557409,0.5444127989414291,Solar,Technology,RUN
2018Q3,2018,Q3,2018-11-07,2018-09-30,-2896000.0,204960000.0,-23547000.0,-0.03,65586000.0,0.3199941451990632,4533199000.0,966792000.0,446016000.0,383861000.0,3249182000.0,95978000.0,235279000.0,1360280160.0,2681942160.0,8.69933593679702,1.16192059104728,0.3451421391383877,1.6183398290428552,-0.0071681840945161755,8.69933593679702,-0.0029954736903077396,6.636807962529274,-117.4275,1.4070039470744482,0.0,1.4521452832940882,0.0,0.04521310447655177,0.803129257726104,-0.0006388424598170079,-5.290633850749288,0.3199941451990632,-1.5,0.8642292865006471,1.6070120588755978,0.0,0.352260778128286,-1.3908759616682413,0.3266321599130659,0.36235431454877515,0.5122932675868771,0.04917579525705881,Solar,Technology,RUN
2018Q2,2018,Q2,2018-08-09,2018-06-30,7409000.0,170538000.0,-34969000.0,0.06,48501000.0,0.28439995778067056,4299368000.0,958416000.0,484007000.0,322493000.0,3054047000.0,81304000.0,238175000.0,1440700850.0,2722603850.0,8.747944030157267,1.5008294753684577,0.34833235954679853,1.5625876446136124,-0.013602803007252915,8.747944030157267,0.00773046359827048,8.44797552451653,48.613201849102445,1.5032103491594464,0.0,1.5009962609465708,0.0,0.03966582995454215,1.0513096408294134,0.001723276537388751,-5.752678685513496,0.28439995778067056,-0.76,1.3110992423861276,1.3756224612546646,0.0,0.9240320533164075,-0.7356949200913242,0.38338241258309674,-0.13024881539791688,1.0766020413916437,1.4670282607261815,Solar,Technology,RUN
2018Q1,2018,Q1,2018-05-09,2018-03-31,28032000.0,144363000.0,-56711000.0,0.25,25208000.0,0.1746153792869364,4101231000.0,934679000.0,459815000.0,300288000.0,2810003000.0,87902000.0,230766000.0,959519570.0,2140359570.0,8.698815251886941,1.5312466698635976,0.33746672645359405,1.4807532853525114,-0.02514958583765271,8.698815251886941,0.029991045053970402,6.646575438304829,8.55735917879566,1.0265765786970715,0.0,1.3555436736365498,0.0,0.035199919243758766,1.0832467497868712,0.0068350209973542094,-4.559045779583304,0.1746153792869364,-0.5370370370370371,2.7643508104104857,2.5029584157256144,0.0,0.3269463599515713,-0.5240262165925221,-0.10137693965935794,2.1492056598400278,1.1438582183567014,1.2288591172538015,Solar,Technology,RUN
2017Q4,2017,Q4,2018-03-06,2017-12-31,58894000.0,146443000.0,-51491000.0,0.54,18997000.0,0.12972282731165027,3927874000.0,811998000.0,432702000.0,335031000.0,2761800000.0,94427000.0,131959000.0,628574200.0,1720994200.0,7.621674895342507,1.2915282466398632,0.32968089098581066,1.5947637802063552,-0.02104671494808973,7.621674895342507,0.07252973529491452,4.292278907151588,2.6682437939348658,0.7741080643055771,0.0,1.3496775286729432,0.0,0.037283018752638196,0.866057170828968,0.014993861819396447,-2.5653158006431918,0.12972282731165027,1.1600000000000001,2.6420294098470216,0.811781312694162,0.8597164524355112,-0.15459926127008145,1.1198617810092866,-0.07857142857142857,2.6420294098470216,0.811781312694162,0.8597164524355112,Solar,Technology,RUN
2017Q3,2017,Q3,2017-11-08,2017-09-30,27782000.0,141291000.0,-47740000.0,0.25,22471000.0,0.15904056167767233,3717753000.0,753936000.0,391524000.0,544091000.0,2604112000.0,63323000.0,73064000.0,587095650.0,1486748650.0,7.127194350699073,0.7195928622234148,0.3001261783663412,1.4799598374397827,-0.02887353949883653,7.127194350699073,0.036849281636637594,4.155223262628193,5.283057825210568,0.7787075428153053,0.0,1.8764114144939437,0.0,0.03800440750098245,0.5518525393730093,0.007472793378150727,-2.512574305730903,0.15904056167767233,0.08695652173913039,2.3683655011542246,0.888076092625727,0.0,-0.24583836756611627,0.1058832895470106,-0.44758785894053793,2.3683655011542246,0.888076092625727,0.0,Solar,Technology,RUN
2017Q2,2017,Q2,2017-08-07,2017-06-30,25122000.0,137848000.0,-32979000.0,0.23,29796000.0,0.21615112297603156,3489102000.0,721227000.0,356342000.0,500750000.0,2438896000.0,52744000.0,45282000.0,748262160.0,1564173160.0,6.862750135594188,0.711616575137294,0.2944115706562892,1.4242838939751286,-0.022615460226728556,6.862750135594188,0.0348323066108174,5.428168417387267,7.446283735371388,1.0374849527263956,0.0,2.048612164416806,0.0,0.0395081599792726,0.5498771842236645,0.0072001334440781615,-3.8415562092811926,0.21615112297603156,0.9166666666666669,2.0996838319385294,1.001847530999484,0.0,1.8788405797101448,0.9739137267227155,0.3403408409009081,2.0996838319385294,1.001847530999484,0.0,Solar,Technology,RUN
2017Q1,2017,Q1,2017-05-10,2017-03-31,12727000.0,104117000.0,-49994000.0,0.12,10350000.0,0.09940739744710278,3319028000.0,693303000.0,341074000.0,238897000.0,2312494000.0,59603000.0,20161000.0,561805200.0,1307289200.0,6.66394009881005,1.4277031524045927,0.2860099402596182,1.369206537401396,-0.030765018122230592,6.66394009881005,0.01835705312107405,5.395902686400876,11.03569576490925,0.8103314135378039,0.0,1.5731926245323222,0.0,0.03136972631746403,1.07936056124606,0.0038345563821697197,-2.810909309237189,0.09940739744710278,-0.569972444199504,1.8273081144792935,1.6092224846024887,0.0,-0.3190341469833542,-0.5616216588591899,-0.028111954264091965,1.8273081144792935,1.6092224846024887,0.0,Solar,Technology,RUN
2016Q4,2016,Q4,2017-03-08,2016-12-31,29032000.0,120584000.0,-48627000.0,0.2790518848882139,15199000.0,0.1260449147482253,3572818000.0,672961000.0,369345000.0,244784000.0,2648632000.0,67326000.0,4438000.0,552441780.0,1244100780.0,6.468415386685634,1.5088608732596902,0.25134865531913464,1.3344354279074122,-0.03813789997573216,6.468415386685634,0.04314068720178435,4.58138542426856,4.757179836042987,0.8209120290774651,0.0,1.5652942399667291,0.0,0.03375038974837229,1.1595610824236877,0.00812579873925848,-2.4798862498821648,0.1260449147482253,0.744074280551337,1.8288947317439461,0.5277046119037528,0.578316929151266,0.08572040860061433,0.7201090176561203,0.04714596437599201,1.8288947317439461,0.5277046119037528,0.578316929151266,Solar,Technology,RUN
2016Q3,2016,Q3,2016-11-10,2016-09-30,16878000.0,112033000.0,-51033000.0,0.16,13999000.0,0.12495425454999866,3356168000.0,630939000.0,368982000.0,266653000.0,2510870000.0,85941000.0,-24594000.0,647054100.0,1255050100.0,6.143096380967218,1.3837534173626398,0.24297740756720165,1.2924751838133322,-0.03639535559665635,6.143096380967218,0.026750605050567488,5.77556702043148,9.584282794169924,1.0255414548791562,0.0,1.1407128146053689,0.0,0.03338122525451646,0.9694546845525833,0.005028949683090954,-2.827662893851331,0.12495425454999866,-0.48387096774193544,1.8562004019318514,0.5419375874421726,0.0,-0.37308553515450066,-0.4829519345648378,-0.05387824219395341,1.8562004019318514,0.5419375874421726,0.0,Solar,Technology,RUN
2016Q2,2016,Q2,2016-08-11,2016-06-30,32643000.0,122538000.0,-48424000.0,0.31,22330000.0,0.18222918604840949,3136844000.0,606858000.0,374416000.0,256379000.0,2408190000.0,88207000.0,-41472000.0,604676170.0,1152142170.0,5.951396993203817,1.4604004228115408,0.2405876734705328,1.2435957011360153,-0.03321423210540034,5.951396993203817,0.05379017826246008,4.934601266545887,4.6309788469197075,0.9964047108219715,0.0,1.136054961624361,0.0,0.039064103921011055,1.0289142246439842,0.010406319217659533,-3.1486006998323317,0.18222918604840949,1.3846153846153846,2.472683167884627,0.8340321500204498,0.0,6.1319067390610025,1.4853814527181362,0.27530679437294225,2.472683167884627,0.8340321500204498,0.0,Solar,Technology,RUN
2016Q1,2016,Q1,2016-05-13,2016-03-31,13134000.0,98743000.0,-66820000.0,0.13,3131000.0,0.031708576810508086,2941580000.0,565793000.0,382918000.0,256135000.0,2206409000.0,94682000.0,-74115000.0,656249040.0,1080723040.0,5.58680990984764,1.4949850664688542,0.21511806580137205,1.1184072620198553,-0.04862522049448982,5.58680990984764,0.023213436716254886,6.6460310097930995,12.49141617176793,1.159874795198951,0.0,1.0098223527175176,0.0,0.03356801446841493,1.0349503191676264,0.004464947409215455,-2.656373240719377,0.031708576810508086,1.8763555880982492,1.8770746755714272,1.542108622726232,0.0,0.16264389157073894,1.8742594688144845,-0.025444277339553727,1.8770746755714272,1.542108622726232,0.0,Solar,Technology,RUN
2015Q4,2015,Q4,2016-03-11,2015-12-31,-15023000.0,99639000.0,-65162000.0,-0.14834161128829995,2693000.0,0.02702756952598882,2738146000.0,554069000.0,360494000.0,253167000.0,2078586000.0,71258000.0,-87249000.0,1191983210.0,1526437210.0,5.471043614783802,1.4239375590025556,0.19659945086931083,0.9715721327127127,-0.05118552447439145,5.471043614783802,-0.02711395151145435,11.96301859713566,-19.835971676762295,2.151326296905259,0.0,1.3604928569423784,0.0,0.03638922102765886,1.0826885020559551,-0.005486559153529432,-5.32204263051913,0.02702756952598882,-2.629867780267028,0.5593666025780949,0.29681308327619643,0.3349545817840157,-0.6365231475232825,-4.4273843930635834,-0.03843824701195219,0.5593666025780949,0.29681308327619643,0.3349545817840157,Solar,Technology,RUN
2015Q3,2015,Q3,2015-11-13,2015-09-30,-2768000.0,82600000.0,-62750000.0,-0.04086694619972834,7409000.0,0.08969733656174333,2583026000.0,561606000.0,398911000.0,231386000.0,1936783000.0,51907000.0,-72226000.0,702380840.0,908190840.0,8.291590385637512,1.7240066382581487,0.18149875378722474,0.8347774062242925,-0.05406825540621906,8.291590385637512,-0.004928722271485704,8.5034,-63.43757586705202,1.250664772100013,0.0,1.4485714836149266,0.0,0.03197799789858871,1.4085597227144253,-0.0010716113581512535,-3.8568407527194655,0.08969733656174333,-1.5256003912126133,0.7870749907085536,0.7238799608197238,0.0,-0.32639330848258935,-1.3671087533156498,-0.3583133103881204,0.7870749907085536,0.7238799608197238,0.0,Solar,Technology,RUN
2015Q2,2015,Q2,2015-09-15,2015-06-30,7540000.0,72690000.0,-46197000.0,0.07775288390757121,10999000.0,0.15131379832163985,2240750000.0,343864000.0,229054000.0,193866000.0,1770155000.0,37804000.0,-69458000.0,1044408849.15,1265520849.15,3.5459439883279926,1.1815068139849174,0.15071828628807318,0.9821382872298351,-0.045669982270903436,3.5459439883279926,0.021927273573273155,14.367985268262483,34.62894062168435,3.037273018257218,0.0,1.6318643529785208,0.0,0.03244003123954033,0.8574427697481766,0.003364944772955484,-6.0883564908302334,0.15131379832163985,1.33805601698944,1.3576876328469245,0.1439950524476183,0.0,2.703367003367003,1.4190052792442345,-0.024528176354483157,1.3576876328469245,0.1439950524476183,0.0,Solar,Technology,RUN
2015Q1,2015,Q1,2015-03-31,2015-03-31,-17995000.0,49677000.0,-45091000.0,-0.23,2970000.0,0.05978621897457576,2016402000.0,309368000.0,208893000.0,187235000.0,1603584000.0,35451000.0,-76998000.0,853716360.0,987939360.0,3.9028107180703437,1.1156728175821828,0.11887312153032976,0.7747924801530863,-0.05974834433575996,3.9028107180703437,-0.058166972666856304,17.185344525635607,-11.860466240622394,2.7595496625378186,0.0,1.3175086739443176,0.0,0.024636456420892263,0.8373114001121585,-0.008924311719587661,-6.29797984567036,0.05978621897457576,0.3168088136101326,-0.5352785598498423,0.6339505969805611,0.0,-0.2283710054559626,0.3256763846211497,-0.0640190664967672,-0.5352785598498423,0.6339505969805611,0.0,Solar,Technology,RUN
2014Q4,2014,Q4,2014-12-31,2014-12-31,-26686000.0,60139000.0,-42378000.0,-0.3366553968814654,3849000.0,0.06400172932705898,1935632000.0,324864000.0,239582000.0,150883000.0,1519013000.0,23914000.0,-59003000.0,853716360.0,940813360.0,4.098299439874855,1.5878660949212304,0.12360355687444721,0.7364651053979512,-0.05599230498880894,4.098299439874855,-0.0821451438140268,14.195719250403233,-7.997792475455295,2.6279192523640664,0.0,2.3538513004934347,0.0,0.031069438818949056,1.3550300564013176,-0.013786711523678054,-6.2552488276670575,0.06400172932705898,-0.7540438849454513,0.0,0.0,0.0,-0.4279982166740972,-0.7540423294334165,-0.14451616388041158,0.0,0.0,0.0,Solar,Technology,RUN
2014Q3,2014,Q3,2014-09-30,2014-09-30,-15214000.0,56076000.0,-37027000.0,-0.191931,6729000.0,0.11999786004707896,,,,,,,,853716360.0,,,0.0,0.0,0.0,0.0,,0.0,15.224273485983309,-14.028466543972655,0.0,0.0,0.0,0.0,0.0,0.0,0.0,-6.741391683380976,0.11999786004707896,0.1170552406889446,0.0,0.0,0.0,-0.27230453119930786,0.11705646799373223,-0.20936081262043962,0.0,0.0,0.0,Solar,Technology,RUN
2014Q2,2014,Q2,2014-06-30,2014-06-30,-17231000.0,51939000.0,-30617000.0,-0.217376,9247000.0,0.1780357727333988,,,,,,,,853716360.0,,,0.0,0.0,0.0,0.0,,0.0,16.436904060532548,-12.386343798966978,0.0,0.0,0.0,0.0,0.0,0.0,0.0,-7.042005081166689,0.1780357727333988,-0.4700977242755217,0.0,0.0,0.0,0.8376391096979332,-0.47009640815630066,-0.35491436916404834,0.0,0.0,0.0,Solar,Technology,RUN
2014Q1,2014,Q1,2014-03-31,2014-03-31,-11721000.0,30403000.0,-22597000.0,-0.147865,5032000.0,0.1655099825675098,,,,,,,,853716360.0,,,0.0,0.0,0.0,0.0,,0.0,28.080003946978916,-18.209119529050422,0.0,0.0,0.0,0.0,0.0,0.0,0.0,-16.686532191861147,0.1655099825675098,0.0,0.0,0.0,0.0,0.0,0.0,0.0,0.0,0.0,0.0,Solar,Technology,RUN
