Quarters,Year,Quarter,FillingDate,Date,NetIncome,Revenue,OperatingIncome,EPSDiluted,GrossProfit,GrossProfitRatio,TotalAssets,CommonStockEquity,CurrentAssets,CurrentLiability,TotalLiability,Inventory,RetainedEarnings,MarketCap,EnterpriseValue,bookValuePerShare,currentRatio,debtToAssets,debtToEquity,roic,shareholdersEquityPerShare,roe,priceToSalesRatio,peRatio,pbRatio,payoutRatio,inventoryTurnover,dividendYield,assetTurnover,quickRatio,returnOnAssets,priceToFreeCashFlowsRatio,grossProfitMargin,epsdilutedGrowth,fiveYNetIncomeGrowthPerShare,fiveYRevenueGrowthPerShare,fiveYShareholdersEquityGrowthPerShare,grossProfitGrowth,netIncomeGrowth,operatingIncomeGrowth,threeYNetIncomeGrowthPerShare,threeYRevenueGrowthPerShare,threeYShareholdersEquityGrowthPerShare,Industry,Sector,Symbol
2023Q3,2023,Q3,2023-05-10,2023-03-31,690000.0,5978000.0,3890000.0,0.21,5978000.0,1.0,842968000.0,73749000.0,9465000.0,961000.0,769219000.0,0.0,42732000.0,49455941.22,96490941.22,23.173342407980158,9.849115504682622,0.06702508280266867,0.7661120828757,0.02310252452985274,23.173342407980158,0.009356059065207664,8.272991170960188,17.918819282608695,0.6705981263474758,0.0,0.0,0.0,0.007091609645917757,228.71904266389177,0.00081853640944852,-53.35052990291262,1.0,-0.5116279069767442,-0.20159028472965088,0.3176951350728055,0.03934540449427786,-0.13525242297121365,-0.5085470085470085,0.025303110173958882,-0.18680825471193907,-0.009597914069957738,-0.11368208485260095,Banks—Regional,Financial Services,IROQ
2023Q2,2023,Q2,2023-02-10,2022-12-31,1404000.0,6913000.0,3794000.0,0.43,6913000.0,1.0,823727000.0,71090000.0,219122000.0,675000.0,752637000.0,0.0,42714000.0,54710755.5,111017755.5,22.414285615193158,324.62518518518516,0.08012363319400724,0.9284006189337459,0.020558757020935153,22.414285615193158,0.01974961316640878,7.914184218139737,9.741943643162394,0.7695984737656492,0.45085470085470086,0.0,0.01156993710313505,0.00839234357985109,326.47703703703706,0.001704448197036154,72.947674,1.0,-0.3064516129032258,3.2365925069993127,0.4780802469983029,-0.0123614778094854,-0.07431708623460097,-0.28694768918232605,0.07266044670624823,0.39719043666322457,0.19191412374490366,-0.12260217886276295,Banks—Regional,Financial Services,IROQ
2023Q1,2023,Q1,2022-11-10,2022-09-30,1969000.0,7468000.0,3537000.0,0.62,7468000.0,1.0,806868000.0,67479000.0,221834000.0,207000.0,739389000.0,0.0,41276000.0,58903310.69,110517310.69,21.731828228414305,1071.6618357487923,0.07807968589657788,0.933623794069266,0.019702945286265563,21.731828228414305,0.029179448420990232,7.887427783877879,7.478835791010664,0.8729132128514056,0.3387506348400203,0.0,0.011323641951304385,0.00925554117897847,1064.415458937198,0.002440300024291458,-188.18949102236422,1.0,0.8787878787878787,1.3891040039694134,0.5835869113491131,-0.057971842710751974,0.11712789827973075,0.9024154589371981,0.7720440881763527,0.905101351753918,0.4062651372627535,-0.07076139905290511,Banks—Regional,Financial Services,IROQ
2022Q4,2022,Q4,2022-09-15,2022-06-30,1035000.0,6685000.0,1996000.0,0.33,6685000.0,1.0,857558000.0,71658000.0,300240000.0,176000.0,785900000.0,0.0,40362000.0,58558285.0,-2252715.0,23.25037353809115,1705.909090909091,0.01749152826980799,0.20932763962153564,0.01722487722316029,23.25037353809115,0.014443607133885959,8.759653702318623,14.144513285024155,0.8171911719556784,0.5169082125603864,0.0,0.00913619652624731,0.007795391098911094,1697.3863636363637,0.0012069154506167512,20.46776826284516,1.0,-0.10810810810810806,1.0464736517162803,0.2955491641076562,0.01579951352739847,350.8421052631579,-0.10311958405545928,-0.07891093677895708,0.08823483160859824,0.308958386233146,-0.05615934612214652,Banks—Regional,Financial Services,IROQ
2022Q3,2022,Q3,2022-05-12,2022-03-31,1154000.0,19000.0,2167000.0,0.37,19000.0,1.0,786416000.0,78409000.0,250557000.0,3168000.0,708007000.0,0.0,39292000.0,72779564.0,68117564.0,25.479306938414744,79.08996212121212,0.02924660739354235,0.293333673430346,0.015848151980750607,25.479306938414744,0.01471769822341823,3830.5033684210525,15.766803292894279,0.9282042112512594,0.0,0.0,0.0,2.4160240890317594e-05,78.37973484848484,0.0014674167361803422,37.729167444271646,1.0,-0.3148148148148149,0.627940425054429,-0.995652146316038,0.12203730047515288,-0.9973310858266611,-0.3227699530516432,-0.2679054054054054,0.5669663654651588,-0.9960202196040657,0.06858920663661731,Banks—Regional,Financial Services,IROQ
2022Q2,2022,Q2,2022-02-10,2021-12-31,1704000.0,7119000.0,2960000.0,0.54,7119000.0,1.0,772572000.0,86494000.0,548892000.0,3170000.0,686078000.0,0.0,38708000.0,79781139.14,71944139.14,28.176823297236265,173.1520504731861,0.03624257674365625,0.323721876661965,0.018882688742972106,28.176823297236265,0.019700788493999585,11.20679015873016,11.704979333920186,0.9223892887367909,0.0,0.0,0.0,0.009214675137074602,79.1634069400631,0.0022056196703996523,23.850863718983558,1.0,-0.11475409836065566,0.7424799132132065,0.554539437340871,0.2545856624786856,-0.0015427769985974754,-0.09888947646747752,0.15896632732967894,1.5185488333425485,0.4963574701644985,0.28131431450307576,Banks—Regional,Financial Services,IROQ
2022Q1,2022,Q1,2021-11-10,2021-09-30,1891000.0,7130000.0,2554000.0,0.61,7130000.0,1.0,767055000.0,86037000.0,556563000.0,3187000.0,681018000.0,0.0,36968000.0,69218567.8,66057567.8,28.20311936589939,174.63539378726074,0.036503249441043994,0.32544137987145066,0.016582337311574314,28.20311936589939,0.0219789160477469,9.708074025245441,9.15105338445267,0.8045209363413416,0.0,0.0,0.0,0.009295291732665845,73.10072168183244,0.002465273024750507,470.87461088435373,1.0,0.9062499999999999,0.7716969200775378,0.5435821662893294,0.25353188535453475,0.07997576491972129,0.904330312185297,0.0,1.4049179622657393,0.4754797414003716,0.2604388355438962,Banks—Regional,Financial Services,IROQ
2021Q4,2021,Q4,2021-09-15,2021-06-30,993000.0,6602000.0,0.0,0.32,6602000.0,1.0,797341000.0,85304000.0,596644000.0,3199000.0,712037000.0,0.0,35645000.0,69437856.0,32452856.0,28.009666657910635,186.5095342294467,0.0351167191954258,0.32823783175466564,0.0,28.009666657910635,0.011640720247585107,10.51770009088155,17.48183685800604,0.8140046891118823,0.45820745216515607,0.0,0.006552621670807347,0.008280020718864325,80.26664582682088,0.001245389362894922,32.43244091546006,1.0,-0.36,0.13659893065253184,0.4786699121220179,0.24183571635864495,-0.006171910281499322,-0.36346153846153845,0.0,1.3768342600455503,0.4611778848321317,0.2424710894881374,Banks—Regional,Financial Services,IROQ
2021Q3,2021,Q3,2021-05-12,2021-03-31,1560000.0,6643000.0,0.0,0.5,6643000.0,1.0,745446000.0,83484000.0,558820000.0,3221000.0,661962000.0,0.0,34621000.0,65436057.68,56680057.68,27.45543884666372,173.49270412915243,0.036219927399167746,0.32341526520051744,0.0,27.45543884666372,0.018686215322696563,9.850377492096944,10.486547705128205,0.7838155536390207,0.0,0.0,0.0,0.008911443618987828,66.29928593604471,0.0020927069163963587,30.778954694261525,1.0,0.041666666666666706,1.0207233977450318,0.5499024287633396,0.24081050176318555,0.016993263931414575,0.06630211893369788,0.0,0.8892695200356193,0.5325543381719884,0.2314013098009909,Banks—Regional,Financial Services,IROQ
2021Q2,2021,Q2,2021-02-11,2020-12-31,1463000.0,6532000.0,0.0,0.48,6532000.0,1.0,713399000.0,84918000.0,535046000.0,3334000.0,628481000.0,0.0,33547000.0,66880832.940000005,83215832.94,27.971295478306583,160.48170365926813,0.03784698324500034,0.3179537907157493,0.0,27.971295478306583,0.01722838503026449,10.23895176668708,11.428713762816132,0.7875931244259168,0.0,0.0,0.0,0.009156166465049713,54.11037792441512,0.0020507457958309446,56.678671983050855,1.0,0.09090909090909087,1.370940285715521,0.524076387329334,0.28953598085687443,-0.01478129713423831,0.09917355371900827,0.0,3.434784455741064,0.4590630819869033,0.23249651602652116,Banks—Regional,Financial Services,IROQ
2021Q1,2021,Q1,2020-11-12,2020-09-30,1331000.0,6630000.0,0.0,0.44,6630000.0,1.0,726004000.0,83547000.0,553900000.0,3421000.0,642457000.0,0.0,32053000.0,46890915.89,55194915.89,27.56337907819868,161.91172171879566,0.03718987774172043,0.3231713885597328,0.0,27.56337907819868,0.01593115252492609,7.072536333333334,8.807459783996995,0.5612519407040348,0.0,0.0,0.0,0.00913218108991135,53.08477053493131,0.001833323232378885,41.096332944785274,1.0,-0.02222222222222224,1.2374348846602887,0.7085521931635648,0.38299413337266736,0.08813392417528311,-0.029175784099197667,0.0,0.6544032245417788,0.44020758916078484,0.19481338287731917,Banks—Regional,Financial Services,IROQ
2020Q4,2020,Q4,2020-09-14,2020-06-30,1371000.0,6093000.0,0.0,0.45,6093000.0,1.0,735517000.0,82564000.0,562215000.0,3537000.0,652953000.0,0.0,31207000.0,52203243.75,53236243.75,27.28238511040801,158.95250212044104,0.05098454556454848,0.4541931107988954,0.0,27.28238511040801,0.016605300130807615,8.567740645002463,9.519191055798688,0.6322760979361465,0.3296863603209336,0.0,0.008658465787387016,0.008283968963327837,56.76251060220526,0.0018639949858398923,25.085652931283036,1.0,0.7307692307692307,1.1961876740099817,0.5849202700809272,0.2989706727655803,0.05744533148212426,0.6925925925925925,0.0,1.760766143678877,0.20256905132958472,0.19195648524169318,Banks—Regional,Financial Services,IROQ
2020Q3,2020,Q3,2020-05-12,2020-03-31,810000.0,5762000.0,0.0,0.26,5762000.0,1.0,684181000.0,79432000.0,520090000.0,5935000.0,604749000.0,0.0,29802000.0,48608960.0,97233960.0,26.14563241015648,87.63100252737995,0.08550368981307578,0.7364790009064357,0.0,26.14563241015648,0.010197401551012187,8.43612634501909,15.002765432098764,0.6119568939470239,0.0,0.0,0.0,0.008421748046204148,27.775568660488627,0.0011838972435656645,41.22897370653096,1.0,-0.16129032258064513,0.17983341971558295,0.5808735113507238,0.20838445809785225,0.03558590941768512,-0.15975103734439833,0.0,0.15744316738297676,0.335600371985972,0.15138040762316254,Banks—Regional,Financial Services,IROQ
2020Q2,2020,Q2,2020-02-07,2019-12-31,964000.0,5564000.0,0.0,0.31,5564000.0,1.0,678216000.0,77728000.0,520051000.0,6706000.0,600488000.0,0.0,29921000.0,70041342.6,94697342.6,25.54632012436609,77.55010438413362,0.05676657584014532,0.4953170028818444,0.0,25.54632012436609,0.012402223137093453,12.58830744069015,18.16424859958506,0.901108256998765,0.0,0.0,0.0,0.008203876051287496,24.30181926632866,0.0014213760807766256,41.32232601769911,1.0,-0.060606060606060656,0.5270857813587592,0.54833082797047,0.21040113095794147,-0.01556970983722576,-0.12363636363636364,0.0,-0.005465085297467171,0.22578607389734115,0.13746133192608875,Banks—Regional,Financial Services,IROQ
2020Q1,2020,Q1,2019-11-12,2019-09-30,1100000.0,5652000.0,0.0,0.33,5652000.0,1.0,678204000.0,77287000.0,518756000.0,6190000.0,600917000.0,0.0,29156000.0,69399561.0,89023561.0,23.38670413203334,83.80549273021002,0.0471834433297356,0.4140411712189631,0.0,23.38670413203334,0.014232665260651856,12.278761677282377,15.7726275,0.8979461099538086,0.0,0.0,0.0,0.008333775678114549,26.290306946688208,0.0016219308644596611,38.922916993830626,1.0,0.10000000000000009,0.8530045168441339,0.5930443022047719,0.22116065507586166,0.018929150892374257,0.06485963213939981,0.0,-0.04864792189204624,0.1295177505589964,0.03945875427888375,Banks—Regional,Financial Services,IROQ
2019Q4,2019,Q4,2019-09-12,2019-06-30,1033000.0,5547000.0,0.0,0.3,5547000.0,1.0,723870000.0,82461000.0,566020000.0,0.0,641409000.0,0.0,35356000.0,67618995.0,29018995.0,24.63379114108395,0.0,0.03315512453893655,0.29104667661076145,0.0,24.63379114108395,0.012527134039121524,12.190191995673336,16.36471321393998,0.8200118237712373,0.40174249757986447,0.0,0.006137328719541011,0.00766297815906171,0.0,0.0014270518186967273,36.74945380434782,1.0,0.25,0.22858512789371582,0.3595323040890647,0.19954943087654292,0.06427475057559479,0.2848258706467662,0.0,0.07572789295347071,0.13031110767242005,0.09216300364922501,Banks—Regional,Financial Services,IROQ
2019Q3,2019,Q3,2019-05-09,2019-03-31,804000.0,5212000.0,0.0,0.24,5212000.0,1.0,662525000.0,80106000.0,520057000.0,0.0,582419000.0,0.0,34351000.0,66520179.0,111462179.0,23.843874503103788,0.0,0.08150635825063206,0.6741068084787656,0.0,23.843874503103788,0.010036701370683843,12.762889293937068,20.68413526119403,0.8304019549097447,0.0,0.0,0.0,0.007866872948190634,0.0,0.0012135391117316329,63.29227307326356,1.0,0.09090909090909087,0.24760564360196557,0.4415798206164551,0.2819952538404871,-0.05818576075171666,0.021601016518424398,0.0,-0.05740537016823941,0.10060417025843896,0.07759085736740212,Banks—Regional,Financial Services,IROQ
2019Q2,2019,Q2,2019-02-12,2018-12-31,787000.0,5534000.0,0.0,0.22,5534000.0,1.0,664274000.0,78521000.0,524906000.0,0.0,585753000.0,0.0,34726000.0,71841840.16,143823840.16,21.990563110319975,0.0,0.12269033561452052,1.0379388953273647,0.0,21.990563110319975,0.010022796449357496,12.981901004698228,22.821423176620076,0.9149379167356503,0.0,0.0,0.0,0.00833089959865959,0.0,0.0011847520751978853,31.732261554770318,1.0,-0.12,0.022665831553168782,0.38749384491377714,0.15955051588042124,-0.03588850174216028,-0.15738758029978586,0.0,0.08439804726244972,0.09783587344950148,0.013811548058419554,Banks—Regional,Financial Services,IROQ
2019Q1,2019,Q1,2018-11-09,2018-09-30,934000.0,5740000.0,0.0,0.25,5740000.0,1.0,655454000.0,81081000.0,517770000.0,0.0,574373000.0,0.0,39335000.0,84042102.67119999,149912102.67119998,22.375635033277412,0.0,0.11404309074321005,0.9219175885842552,0.0,22.375635033277412,0.011519344852678186,14.641481301602786,22.495209494432547,1.0365203027984362,0.0,0.0,0.0,0.008757288841017065,0.0,0.0014249665117613136,-180.34785980944204,1.0,0.7857142857142856,0.46823485784651364,0.4948010339846547,0.15103911461713118,0.06790697674418604,0.8792756539235412,0.0,0.3133301094949771,0.23731788196988043,0.12269877701558389,Banks—Regional,Financial Services,IROQ
2018Q4,2018,Q4,2018-09-12,2018-06-30,497000.0,5375000.0,0.0,0.14,5375000.0,1.0,638923000.0,81675000.0,501835000.0,0.0,557248000.0,0.0,38885000.0,86589532.69999999,147585532.7,22.543515816895038,0.0,0.1056465333068304,0.8264462809917356,0.0,22.543515816895038,0.0060850933578206305,16.109680502325578,43.55610296780684,1.0601718114478114,0.7323943661971831,0.0,0.004203741360530521,0.008412594318877236,0.0,0.0007778715119036254,37.35527726488351,1.0,-0.48148148148148145,-0.38639480733288467,0.31661458773360773,0.1644244771338964,0.030088156381755462,-0.5,0.0,-0.3349883111364317,0.16787296599201673,0.0733433234912544,Banks—Regional,Financial Services,IROQ
2018Q3,2018,Q3,2018-05-10,2018-03-31,994000.0,5218000.0,0.0,0.27,5218000.0,1.0,619310000.0,81613000.0,487413000.0,0.0,537697000.0,0.0,38762000.0,73210170.2085,110483170.2085,22.29609358715141,0.0,0.07912031131420452,0.6003945449867055,0.0,22.29609358715141,0.012179432198301742,14.030312420180145,18.41302067618209,0.8970405475659514,0.0,0.0,0.0,0.008425505804847331,0.0,0.0016050120295167203,369.74833438636364,1.0,2.35,0.25222108532575627,0.3285088509764475,0.1155925059085732,-0.03797935103244838,2.3653846153846154,0.0,0.2016772584021273,0.1882114318854178,0.03046859010161187,Banks—Regional,Financial Services,IROQ
2018Q2,2018,Q2,2018-02-09,2017-12-31,-728000.0,5424000.0,0.0,-0.2,5424000.0,1.0,611493000.0,83476000.0,484375000.0,0.0,528017000.0,0.0,38932000.0,72317727.53400001,120873727.53400001,22.694827218241556,0.0,0.09321447669883384,0.6828309933394029,0.0,22.694827218241556,-0.00872106952896641,13.332914368362834,-24.834384455357146,0.866329574177009,0.0,0.0,0.0,0.008870093361657451,0.0,-0.00119052875503072,113.1732825258216,1.0,-1.7692307692307692,-2.3134170137273227,0.5027173473397444,0.2437664120634718,-0.0277827567664456,-1.7466666666666666,0.0,-1.9539644092528035,0.24856372706113486,0.07529555717317987,Banks—Regional,Financial Services,IROQ
2018Q1,2018,Q1,2017-11-09,2017-09-30,975000.0,5579000.0,0.0,0.26,5579000.0,1.0,612009000.0,84742000.0,492068000.0,0.0,527267000.0,0.0,39633000.0,71263649.6,129062649.6,23.069191786102405,0.0,0.10620758845049665,0.7670340563121003,0.0,23.069191786102405,0.011505510844681504,12.773552536296826,18.272730666666664,0.8409484033891105,0.0,0.0,0.0,0.00911587901485109,0.0,0.0015931138267574496,-22.473557111321348,1.0,0.625,0.04178205545093642,0.35785297185977477,0.1621130841374113,-0.09166395310973624,0.6196013289036545,0.0,0.47760892953200645,0.41466353898890196,0.2045814234679068,Banks—Regional,Financial Services,IROQ
2017Q4,2017,Q4,2017-09-11,2017-06-30,602000.0,6142000.0,0.0,0.16,6142000.0,1.0,585474000.0,83969000.0,467313000.0,0.0,501505000.0,0.0,39051000.0,71537154.0,115521154.0,22.88874254069431,0.0,0.09137895107212275,0.6371398968667008,0.0,22.88874254069431,0.007169312484369231,11.647208401172257,29.708120431893686,0.8519471947980802,0.03820598006644518,0.0,0.00032151125274007964,0.010490645186635103,0.0,0.001028226701783512,576.9125322580645,1.0,-0.30434782608695654,-0.19187193273022848,0.6241893289171914,0.1746997486510308,0.1804728041514511,-0.28672985781990523,0.0,-0.34668637016216813,0.37360376595046446,0.11457379543900091,Banks—Regional,Financial Services,IROQ
2017Q3,2017,Q3,2017-05-11,2017-03-31,844000.0,5203000.0,0.0,0.23,5203000.0,1.0,591472000.0,83202000.0,472370000.0,0.0,508270000.0,0.0,38426000.0,72913261.69999999,118378261.69999999,22.70807479183173,0.0,0.10566856926447914,0.7511838657724574,0.0,22.70807479183173,0.010143986923391265,14.013696271381892,21.59753012440758,0.8763402526381576,0.3732227488151659,0.0,0.004320201739102834,0.008796697054129358,0.0,0.0014269483593475263,37.16272257900101,1.0,-0.28125,0.2056404835527503,0.39039864209707187,0.1860097718371346,-0.0503741558678591,-0.27863247863247864,0.0,0.2008769183451105,0.31954097959339733,0.22092758470078286,Banks—Regional,Financial Services,IROQ
2017Q2,2017,Q2,2017-02-09,2016-12-31,1170000.0,5479000.0,0.0,0.32,5479000.0,1.0,580351000.0,82484000.0,462637000.0,0.0,497867000.0,0.0,38083000.0,67943784.5,124653784.5,22.45906687755964,0.0,0.10769344758602983,0.7577227098588817,0.0,22.45906687755964,0.014184569128558266,12.400763734258076,14.51790267094017,0.8237207761505262,0.0,0.0,0.0,0.00944083838918172,0.0,0.0020160213388104786,81.5651674669868,1.0,-0.08571428571428563,0.378576960888389,0.42779356570055244,0.182929258074266,-0.028373825146302534,-0.10207214121258634,0.0,0.4781426273132429,0.33556391672856456,0.18425446649184185,Banks—Regional,Financial Services,IROQ
2017Q1,2017,Q1,2016-11-10,2016-09-30,1303000.0,5639000.0,0.0,0.35,5639000.0,1.0,588683000.0,83790000.0,470376000.0,0.0,504893000.0,0.0,37191000.0,69418677.92,128064677.92,22.498924594903894,0.0,0.11975885153809436,0.8413891872538489,0.0,22.498924594903894,0.01555078171619525,12.310458932434829,13.31900957789716,0.8284840424871704,0.0,0.0,0.0,0.009579009415933534,0.0,0.002213415369562226,44.98942185353208,1.0,0.20689655172413793,2.126322166516892,0.6053381571517662,0.1949915084096852,0.033162330524001464,0.2200374531835206,0.0,0.9929957220364939,0.42885081937081526,0.15738133049815656,Banks—Regional,Financial Services,IROQ
2016Q4,2016,Q4,2016-09-16,2016-06-30,1068000.0,5458000.0,0.0,0.29,5458000.0,1.0,595565000.0,83972000.0,469211000.0,0.0,511593000.0,0.0,37095000.0,68279453.2,128578453.2,22.5550499868385,0.0,0.1124982159797839,0.7978850092888106,0.0,22.5550499868385,0.012718525222693278,12.509976768046904,15.983018071161046,0.8131216738912971,0.023408239700374533,0.0,0.0003661423580351695,0.009164406907726276,0.0,0.0017932551442747643,75.1149100110011,1.0,0.15999999999999992,1.2474158825190804,0.7063489389994357,1.5313209895056374,0.04140431215416905,0.13135593220338984,0.0,0.28315961307103105,0.3010396050345629,0.16502024355802822,Banks—Regional,Financial Services,IROQ
2016Q3,2016,Q3,2016-05-11,2016-03-31,944000.0,5241000.0,0.0,0.25,5241000.0,1.0,584200000.0,82272000.0,460570000.0,0.0,501928000.0,0.0,36002000.0,68860489.88,126183489.88,22.127020046695026,0.0,0.11982197877439234,0.8508362504861922,0.0,22.127020046695026,0.011474134577985219,13.138807456592252,18.236358548728813,0.8369857288020225,0.3400423728813559,0.0,0.0046615991341245454,0.008971242725094145,0.0,0.0016158849709003765,36.185228523384126,1.0,0.24999999999999994,0.7167055891648277,0.688361201503863,1.6560102947134059,-0.0005720823798627002,0.2503311258278146,0.0,0.17076049670721954,0.31363882337313537,0.10713285471706281,Banks—Regional,Financial Services,IROQ
2016Q2,2016,Q2,2016-02-10,2015-12-31,755000.0,5244000.0,0.0,0.2,5244000.0,1.0,560263000.0,80573000.0,438403000.0,0.0,479690000.0,0.0,35379000.0,68719841.0,124841841.0,21.690977137156064,0.0,0.11066231394898467,0.7694885383441104,0.0,21.690977137156064,0.009370384620158118,13.10447006102212,22.754914238410596,0.8528891936504784,0.0,0.0,0.0,0.009359889908846382,0.0,0.0013475814037336037,114.53306833333333,1.0,-0.04761904761904753,0.28360422575136335,0.5604358483939214,1.6561618263878273,0.0061396776669224865,-0.05506883604505632,0.0,0.3487844245575546,0.43861516548181145,0.18875145197610135,Banks—Regional,Financial Services,IROQ
2016Q1,2016,Q1,2015-11-12,2015-09-30,799000.0,5212000.0,0.0,0.21,5212000.0,1.0,558019000.0,81139000.0,420552000.0,0.0,476880000.0,0.0,35204000.0,69779579.56,113238579.56,19.930221259131933,0.0,0.1021470595087264,0.7024981821318971,0.0,19.930221259131933,0.009847299079357646,13.388253944742901,21.833410375469338,0.8600004875583874,0.0,0.0,0.0,0.009340183757183896,0.0,0.0014318508867977614,40.99857788484137,1.0,0.049999999999999906,-0.006218562408895702,0.39080437319410016,0.0,0.07132579650565261,0.01139240506329114,0.0,-0.22968592130918,0.14458906368905922,0.003987097152827783,Banks—Regional,Financial Services,IROQ
2015Q4,2015,Q4,2015-09-21,2015-06-30,790000.0,4865000.0,0.0,0.2,4865000.0,1.0,563668000.0,80436000.0,387733000.0,0.0,483232000.0,0.0,35466000.0,63305337.720000006,107831337.72,21.003080117522828,0.0,0.10289745027214602,0.7210701675866528,0.0,21.003080117522828,0.00982147297230096,13.012402409044194,20.03333472151899,0.7870274220498286,0.021518987341772152,0.0,0.0002685397568715474,0.008630967165068799,0.0,0.0014015342364654371,46.54804244117648,1.0,-0.13043478260869565,0.3840563303986747,0.38560357014783103,1.5327509783851905,0.02962962962962963,-0.11235955056179775,0.0,0.01587520696780452,0.23236471722066493,0.0779234766211458,Banks—Regional,Financial Services,IROQ
2015Q3,2015,Q3,2015-05-12,2015-03-31,890000.0,4725000.0,0.0,0.23,4725000.0,1.0,549752000.0,85215000.0,368295000.0,0.0,464537000.0,0.0,38972000.0,65968535.0,94224535.0,21.63684929489491,0.0,0.07457908293194022,0.48113595024350175,0.0,21.63684929489491,0.010444170627236989,13.961594708994708,18.530487359550563,0.7741422871560171,0.24382022471910111,0.0,0.0032894470068192357,0.008594784557400427,0.0,0.0016189118002299218,39.81203077851539,1.0,0.09523809523809533,0.1870494510655086,0.41886890098633944,0.0,0.008537886872998933,0.08140947752126367,0.0,0.1827604784621512,0.174677752685586,0.13006121966550072,Banks—Regional,Financial Services,IROQ
2015Q2,2015,Q2,2015-02-11,2014-12-31,823000.0,4685000.0,0.0,0.21,4685000.0,1.0,549833000.0,83721000.0,371396000.0,0.0,466112000.0,0.0,38299000.0,67077827.05,108384827.05,21.105664453690736,0.0,0.09548353772872854,0.6270828107643244,0.0,21.105664453690736,0.009830269585886457,14.317572475987193,20.376010647023087,0.8012067109805187,0.0,0.0,0.0,0.008520769033506537,0.0,0.0014968181247760684,62.806954166666664,1.0,0.1052631578947368,0.31026476244507395,0.3054729302296207,1.584487544658117,0.016710069444444444,0.06744487678339818,0.0,-0.10218342876056748,0.1303588597600054,0.11164493740897598,Banks—Regional,Financial Services,IROQ
2015Q1,2015,Q1,2014-11-10,2014-09-30,771000.0,4608000.0,0.0,0.19,4608000.0,1.0,540145000.0,82200000.0,362845000.0,0.0,457945000.0,0.0,38096000.0,71850708.17999999,103966708.17999999,19.151209986028004,0.0,0.0814596080682039,0.5352798053527981,0.0,19.151209986028004,0.009379562043795621,15.592601601562498,23.297894999999997,0.874096206569343,0.0,0.0,0.0,0.008531042590415537,0.0,0.0014273944959223913,62.97169866783523,1.0,-0.24,-0.09042102997554768,0.1663154868197004,0.0,-0.054187192118226604,-0.23207171314741035,0.0,1.5782656890442055,0.13823447448576304,0.0171834308141957,Banks—Regional,Financial Services,IROQ
2014Q4,2014,Q4,2014-09-22,2014-06-30,1004000.0,4872000.0,0.0,0.25,4872000.0,1.0,551343000.0,82086000.0,361127000.0,0.0,469257000.0,0.0,37544000.0,65913844.489999995,109682844.49,20.535869975015018,0.0,0.10293048066267278,0.6913480983358916,0.0,20.535869975015018,0.012231074726506346,13.529114222085385,16.412809882968126,0.8029852166021001,0.20318725099601595,0.0,0.0030949491958544386,0.008836604436802498,0.0,0.0018210079750717793,39.02536677915926,1.0,0.19047619047619052,0.6852792617783828,0.32945890612433,1.4764103398251875,0.04124812994229536,0.2038369304556355,0.0,0.9677984838032005,0.41865342479553097,1.3047113057097006,Banks—Regional,Financial Services,IROQ
2014Q3,2014,Q3,2014-05-12,2014-03-31,834000.0,4679000.0,0.0,0.21,4679000.0,1.0,578343000.0,80866000.0,358834000.0,0.0,497477000.0,0.0,37347000.0,70696203.60000001,142485203.60000002,18.599034927527565,0.0,0.1461070679510256,1.044938540301239,0.0,18.599034927527565,0.010313357900724655,15.109254883522121,21.19190755395684,0.874238908812109,0.0,0.0,0.0,0.008090354685714186,0.0,0.0014420508245107143,61.68953193717278,1.0,-0.0454545454545455,0.007607362625188305,0.27274083669301497,0.0,0.006453000645300065,-0.07023411371237458,0.0,0.29701037955964077,0.289014560763677,1.2325296463328268,Banks—Regional,Financial Services,IROQ
2014Q2,2014,Q2,2014-02-10,2013-12-31,897000.0,4649000.0,0.0,0.22,4649000.0,1.0,568249000.0,78931000.0,349125000.0,0.0,489318000.0,0.0,37243000.0,69505216.3,155238216.3,18.964730565121627,0.0,0.16366064876489003,1.1782442893159848,0.0,18.964730565121627,0.011364356209854177,14.950573521187351,19.371576449275363,0.8805819804639495,0.0,0.0,0.0,0.0081812726463223,0.0,0.0015785333542161974,66.83193874999999,1.0,0.25318279949644845,0.3610877306310392,0.23467391142907137,1.3223201544257883,0.037954900647465956,0.20889487870619947,0.0,0.3610877306310392,0.23467391142907137,1.3223201544257883,Banks—Regional,Financial Services,IROQ
2014Q1,2014,Q1,2013-11-13,2013-09-30,742000.0,4479000.0,0.0,0.175553,4479000.0,1.0,540014000.0,82164000.0,347909000.0,0.0,457850000.0,0.0,39607000.0,68049065.0,127631065.0,19.439508830870786,0.0,0.13055217086964413,0.8580400175259237,0.0,19.439508830870786,0.009030719049705467,15.192914713105603,22.927582547169813,0.8282102258896841,0.0,0.0,0.0,0.008294229408867178,0.0,0.0013740384508549779,49.49022909090909,1.0,-0.20203181818181826,-0.11106654547086096,0.15123490160272207,0.0,-0.058638083228247165,-0.21398305084745764,0.0,-0.11106654547086096,0.15123490160272207,0.0,Banks—Regional,Financial Services,IROQ
2013Q4,2013,Q4,2013-09-23,2013-06-30,944000.0,4758000.0,0.0,0.22,4758000.0,1.0,547535000.0,81749000.0,341913000.0,0.0,465786000.0,0.0,39101000.0,64182364.8,144852364.8,19.36022151679896,0.0,0.1598071356169012,1.0703494843973627,0.0,19.36022151679896,0.011547541865955547,13.4893578814628,16.997448305084745,0.7851149836695249,0.0,0.0,0.0,0.008689855443031039,0.0,0.0017240906973983398,28.41184807436919,1.0,0.0,0.5000095317968826,0.22906807066692553,1.3346394773553758,0.04068241469816273,0.021645021645021644,0.0,0.5000095317968826,0.22906807066692553,1.3346394773553758,Banks—Regional,Financial Services,IROQ
2013Q3,2013,Q3,2013-05-13,2013-03-31,924000.0,4572000.0,0.0,0.22,4572000.0,1.0,549316000.0,85157000.0,321730000.0,0.0,464159000.0,0.0,38561000.0,64978099.75,137324099.75,19.985876087427442,0.0,0.15655833800581087,1.0098993623542398,0.0,19.985876087427442,0.010850546637387415,14.212182797462818,17.58065469426407,0.763038854703665,0.0,0.0,0.0,0.008323078155378688,0.0,0.0016820919106670842,49.86807348426708,1.0,0.375,0.13913616905202472,0.269028992362021,0.0,-0.009746588693957114,0.3032440056417489,0.0,0.13913616905202472,0.269028992362021,0.0,Banks—Regional,Financial Services,IROQ
2013Q2,2013,Q2,2013-02-12,2012-12-31,709000.0,4617000.0,0.0,0.16,4617000.0,1.0,520704000.0,85850000.0,313063000.0,0.0,434854000.0,0.0,38180000.0,64927896.0,128833896.0,18.2468564821506,0.0,0.14499600540806293,0.8794408852649971,0.0,18.2468564821506,0.008258590564938847,14.062788823911632,22.89418053596615,0.7562946534653465,0.0,0.0,0.0,0.008866841814159292,0.0,0.0013616181170108162,58.02314209115281,1.0,-0.36,-0.048325141971870315,0.08467913159480048,1.234413107948176,-0.07177322074788903,-0.37422771403353927,0.0,-0.048325141971870315,0.08467913159480048,1.234413107948176,Banks—Regional,Financial Services,IROQ
2013Q1,2013,Q1,2012-11-13,2012-09-30,1133000.0,4974000.0,0.0,0.25,4974000.0,1.0,514071000.0,88278000.0,289874000.0,0.0,425793000.0,0.0,39756000.0,59100816.059999995,121863816.06,19.85107310208603,0.0,0.14686687247481378,0.8552527243480822,0.0,19.85107310208603,0.01283445479054804,11.881949348612785,13.040780242718446,0.669485217834568,0.0,0.0,0.0,0.009675706274036076,0.0,0.002203975715416742,58.98285035928143,1.0,0.2311777408637874,0.290099019454605,0.2151124078640753,0.0,0.08507853403141362,0.2547065337763012,0.0,0.290099019454605,0.2151124078640753,0.0,Banks—Regional,Financial Services,IROQ
2012Q4,2012,Q4,2012-09-19,2012-06-30,903000.0,4584000.0,0.0,0.20305760224726074,4584000.0,1.0,511330000.0,86649000.0,283340000.0,0.0,424681000.0,0.0,38728000.0,58878465.36,125435465.36,19.484759886071867,0.0,0.14667631470870085,0.865561056676938,0.0,19.484759886071867,0.010421355122390334,12.844342356020942,16.300793289036545,0.6795054225669079,0.0,0.0,0.0,0.008964856354995795,0.0,0.0017659828290927581,29.162191857355126,1.0,0.0687242223540039,0.3624275116722469,0.12434537502239072,1.3496574973247086,0.011250827266710787,0.06485849056603774,0.0,0.3624275116722469,0.12434537502239072,1.3496574973247086,Banks—Regional,Financial Services,IROQ
2012Q3,2012,Q3,2012-05-10,2012-03-31,848000.0,4533000.0,0.0,0.19,4533000.0,1.0,490100000.0,84980000.0,275348000.0,0.0,405120000.0,0.0,37825000.0,54902785.339999996,101895785.34,19.146616942840883,0.0,0.11630279534788819,0.6707460578959755,0.0,19.146616942840883,0.009978818545540127,12.111799104345907,16.18596265919811,0.6460671374441045,0.0,0.0,0.0,0.009249132830034687,0.0,0.0017302591307896348,69.7621160609911,1.0,-0.1739130434782609,0.003626239362456545,0.2078792653921263,0.0,-0.020950323974082072,-0.171875,0.0,0.003626239362456545,0.2078792653921263,0.0,Banks—Regional,Financial Services,IROQ
2012Q2,2012,Q2,2012-02-10,2011-12-31,1024000.0,4630000.0,0.0,0.23,4630000.0,1.0,481703000.0,84131000.0,277831000.0,0.0,397572000.0,0.0,36977000.0,49718265.96,95377265.96000001,18.98597631621825,0.0,0.12559606230395076,0.7191166157540027,0.0,18.98597631621825,0.012171494455076013,10.738286384449244,12.138248525390626,0.5909624984845063,0.0,0.0,0.0,0.009611731710203174,0.0,0.0021257912032933155,26.6585876461126,1.0,1.741935483870968,0.45939026346579703,0.1549190055508522,1.324921796236526,0.1089820359281437,1.7447272727272727,0.0,0.45939026346579703,0.1549190055508522,1.324921796236526,Banks—Regional,Financial Services,IROQ
2012Q1,2012,Q1,2011-11-14,2011-09-30,-1375000.0,4175000.0,0.0,-0.31,4175000.0,1.0,477755000.0,83339000.0,277168000.0,0.0,394416000.0,0.0,35953000.0,48911797.35,85956797.35,18.827685750542145,0.0,0.12349425961005117,0.7079518592735694,0.0,18.827685750542145,-0.016498878076290812,11.715400562874251,-8.893054063636365,0.5869016588871957,0.0,0.0,0.0,0.008738788709694299,0.0,-0.002878044185827464,62.62714129321383,1.0,-3.4286480884955752,-2.5729430039812025,0.02467067459595613,0.0,0.09781751249013937,-3.433628318584071,0.0,-2.5729430039812025,0.02467067459595613,0.0,Banks—Regional,Financial Services,IROQ
2011Q4,2011,Q4,2011-09-28,2011-06-30,565000.0,3803000.0,0.0,0.12764302966265867,3803000.0,1.0,510816000.0,39441000.0,316011000.0,0.0,471375000.0,0.0,37328000.0,51656169.69,13400169.689999998,8.910387137920214,0.0,0.04404717158428867,0.5704723511067163,0.0,8.910387137920214,0.014325194594457543,13.583005440441756,22.85671225221239,1.3097074032098577,0.0,0.0,0.0,0.007444950823779991,0.0,0.0011060734197832487,25.13682223357664,1.0,-0.1369231156129183,-0.1435712164381729,-0.0628726629860683,0.07449915036652059,0.013052743740010656,-0.15037593984962405,0.0,-0.1435712164381729,-0.0628726629860683,0.07449915036652059,Banks—Regional,Financial Services,IROQ
2011Q3,2011,Q3,2011-03-31,2011-03-31,665000.0,3754000.0,0.0,0.147893,3754000.0,1.0,409497000.0,37460000.0,264193000.0,0.0,372037000.0,0.0,36763000.0,52474155.0,71878155.0,8.330924052040476,0.0,0.06837656930331602,0.7474639615589963,0.0,8.330924052040476,0.01775226908702616,13.978197922216303,19.72712593984962,1.4008049919914576,0.0,0.0,0.0,0.009167344327308868,0.0,0.0016239435209537555,53.982979270613654,1.0,-0.06600776784868494,-0.22313084112149525,-0.012624934245134237,0.0,-0.07718780727630285,-0.06601123595505617,0.0,-0.22313084112149525,-0.012624934245134237,0.0,Banks—Regional,Financial Services,IROQ
2011Q2,2011,Q2,2010-12-31,2010-12-31,712000.0,4068000.0,0.0,0.158345,4068000.0,1.0,404910668.0,36719705.0,262527379.0,0.0,368190963.0,0.0,36097568.0,52474155.0,76568689.0,8.166286000222396,0.0,0.07656009695452133,0.8442333618965621,0.0,8.166286000222396,0.0193901339893662,12.899251474926254,18.4249139747191,1.4290462028493964,0.0,0.0,0.0,0.010046660464870735,0.0,0.0017584125494070706,42.66364892881825,1.0,-0.19820038787363212,0.0,0.0,0.0,-0.017153901908673594,-0.1981981981981982,0.0,0.0,0.0,0.0,Banks—Regional,Financial Services,IROQ
2011Q1,2011,Q1,2010-09-30,2010-09-30,888000.0,4139000.0,0.0,0.197487,4139000.0,1.0,,,,,,,,52474155.0,,,0.0,0.0,0.0,0.0,,0.0,12.677978980430055,14.773129222972972,0.0,0.0,0.0,0.0,0.0,0.0,0.0,94.20853680430879,1.0,0.3250512121677861,0.0,0.0,0.0,0.004024832088429869,0.3250507712302828,0.0,0.0,0.0,0.0,Banks—Regional,Financial Services,IROQ
2010Q4,2010,Q4,2010-06-30,2010-06-30,670163.0,4122408.0,0.0,0.14904103191371065,4122408.0,1.0,384782462.0,37287657.0,254675145.0,0.0,347494805.0,0.0,34498000.0,52474155.0,68138534.0,8.29259579673079,0.0,0.058474598564214185,0.6034168357641779,0.0,8.29259579673079,0.017972783862499057,12.72900571704693,19.575146270384966,1.407279491977734,0.0,0.0,0.0,0.010713606796351336,0.0,0.0017416672176706431,63.229415315802726,1.0,-0.21709811465193757,0.0,0.0,0.0,0.0842735402419779,-0.21709929906542055,0.0,0.0,0.0,0.0,Banks—Regional,Financial Services,IROQ
2010Q3,2010,Q3,2010-03-31,2010-03-31,856000.0,3802000.0,0.0,0.19037,3802000.0,1.0,,,,,,,,52474155.0,,,0.0,0.0,0.0,0.0,,0.0,13.801724092582852,15.325395735981308,0.0,0.0,0.0,0.0,0.0,0.0,0.0,73.12513064490506,1.0,0.0,0.0,0.0,0.0,0.0,0.0,0.0,0.0,0.0,0.0,Banks—Regional,Financial Services,IROQ
