Year,Date,FillingDate,NetIncome,Revenue,OperatingIncome,EPSDiluted,GrossProfit,GrossProfitRatio,TotalAssets,CommonStockEquity,CurrentAssets,CurrentLiability,TotalLiability,Inventory,RetainedEarnings,EnterpriseValue,bookValuePerShare,currentRatio,debtToAssets,debtToEquity,roic,shareholdersEquityPerShare,roe,priceToSalesRatio,peRatio,pbRatio,payoutRatio,inventoryTurnover,dividendYield,assetTurnover,quickRatio,returnOnAssets,priceToFreeCashFlowsRatio,grossProfitMargin,epsdilutedGrowth,fiveYNetIncomeGrowthPerShare,fiveYRevenueGrowthPerShare,fiveYShareholdersEquityGrowthPerShare,grossProfitGrowth,netIncomeGrowth,operatingIncomeGrowth,threeYNetIncomeGrowthPerShare,threeYRevenueGrowthPerShare,threeYShareholdersEquityGrowthPerShare,Industry,Sector,Price,MarketCap,AvgVolume,Symbol
2022,2022-12-31,2023-02-14,75000000.0,3363000000.0,140000000.0,0.6,610000000.0,0.1813856676,1895000000.0,741000000.0,1142000000.0,564000000.0,1154000000.0,578000000.0,-768000000.0,1492930000.0,8.874251497005988,2.024822695035461,0.29445910290237465,0.7530364372469636,0.06292323365494099,8.874251497005988,0.10121457489878542,0.2875200713648528,12.8924,1.3048987854251013,0.32,4.762975778546712,0.02482082467189972,1.77467018469657,0.9450354609929078,0.0395778364116095,-31.191290322580645,0.18138566755872731,2.428571428571429,0.6940119760479041,0.0416826248764128,-0.24879540738988815,0.4628297362110312,3.142857142857143,19.0,0.9115614923998157,-0.08714847748522618,-0.26122078811284155,Oil & Gas Equipment & Services,Energy,9.945,837492318,596024,MRC
2021,2021-12-31,2022-02-16,-35000000.0,2666000000.0,7000000.0,-0.42,417000000.0,0.1564141035,1671000000.0,678000000.0,899000000.0,436000000.0,993000000.0,453000000.0,-819000000.0,1026600000.0,8.218181818181819,2.061926605504587,0.30341113105924594,0.7477876106194691,0.012544802867383513,8.218181818181819,-0.051622418879056046,0.2129032258064516,-16.217142857142857,0.8371681415929203,-0.6857142857142857,4.964679911699779,0.042283298097251586,1.5954518252543388,0.9793577981651376,-0.020945541591861162,12.339130434782609,0.15641410352588148,0.874251497005988,0.502665206279664,0.03395733062290107,-0.2847682550008131,-0.03248259860788863,0.8722627737226277,1.5384615384615385,-1.5165438165438165,-0.3021104622446905,-0.29278110619084824,Oil & Gas Equipment & Services,Energy,9.945,837492318,596024,MRC
2020,2020-12-31,2021-02-12,-274000000.0,2560000000.0,-13000000.0,-3.34,431000000.0,0.168359375,1781000000.0,705000000.0,966000000.0,399000000.0,1076000000.0,509000000.0,-781000000.0,1031660000.0,8.597560975609756,2.4210526315789473,0.34081976417742843,0.8609929078014185,-0.008194383097762074,8.597560975609756,-0.38865248226950355,0.2123671875,-1.9841605839416059,0.7711489361702127,-0.08759124087591241,4.182711198428291,0.04414523783246882,1.4373947220662548,1.0977443609022557,-0.15384615384615385,2.17464,0.168359375,-19.555555555555557,-0.028572817764283574,-0.2963669116306666,-0.3308020851654213,-0.33996937212863704,-8.025641025641026,-1.1262135922330097,-7.302,-0.19253976961053207,-0.2722172351885099,Oil & Gas Equipment & Services,Energy,9.945,837492318,596024,MRC
2019,2019-12-31,2020-02-14,39000000.0,3662000000.0,103000000.0,0.18,653000000.0,0.1783178591,2325000000.0,997000000.0,1218000000.0,486000000.0,1328000000.0,701000000.0,-483000000.0,1852120000.0,12.012048192771084,2.506172839506173,0.32344086021505375,0.7542627883650953,0.031212121212121205,12.012048192771084,0.03911735205616851,0.3091534680502458,29.02871794871795,1.1355265797392178,0.6153846153846154,4.29243937232525,0.0211991661661308,1.5750537634408601,1.0102880658436213,0.016774193548387096,5.054107142857143,0.1783178590933916,-0.6666666666666667,-0.6674031634134902,-0.2414641715957441,-0.12304048557179302,-0.05224963715529753,-0.47297297297297297,-0.1889763779527559,1.550834663957033,0.41168131916023176,0.045413496562277736,Oil & Gas Equipment & Services,Energy,9.945,837492318,596024,MRC
2018,2018-12-31,2019-02-15,74000000.0,4172000000.0,127000000.0,0.54,689000000.0,0.16514860977948226,2434000000.0,1047000000.0,1465000000.0,569000000.0,1387000000.0,797000000.0,-498000000.0,1742923000.0,11.620421753607102,2.5746924428822497,0.2810188989317995,0.6532951289398281,0.05714980692632795,11.620421753607102,0.07067812798471824,0.26412344199424737,14.890851351351351,1.0524574976122256,0.32432432432432434,4.370138017565872,0.02178010623246815,1.71405094494659,1.1072056239015817,0.030402629416598194,-35.54590322580645,0.16514860977948226,1.0,-0.45075743630789783,-0.09962329122652473,-0.11681640941658497,0.18384879725085912,0.48,1.7608695652173914,1.2528164107274835,0.04361340725366976,-0.0955153410283623,Oil & Gas Equipment & Services,Energy,9.945,837492318,596024,MRC
2017,2017-12-31,2018-02-16,50000000.0,3646000000.0,46000000.0,0.27,582000000.0,0.15962698848052662,2340000000.0,1114000000.0,1318000000.0,562000000.0,1226000000.0,701000000.0,-548000000.0,2073556000.0000002,11.813361611876989,2.3451957295373664,0.2247863247863248,0.47217235188509876,0.20034843205574915,11.813361611876989,0.04488330341113106,0.437618211738892,31.911120000000004,1.4322764811490127,0.48,4.370898716119829,0.015041778539894555,1.5581196581196581,1.0142348754448398,0.021367521367521368,-20.455846153846156,0.15962698848052662,1.2454545454545454,-0.5663886117813524,-0.3304968083859557,-0.03908020266955686,0.24358974358974358,1.6024096385542168,1.8214285714285714,-0.6246901944601203,-0.3352768210730389,-0.13754592916542976,Oil & Gas Equipment & Services,Energy,9.945,837492318,596024,MRC
2016,2016-12-31,2017-02-17,-83000000.0,3041000000.0,-56000000.0,-1.1,468000000.0,0.15389674449194343,2164000000.0,1118000000.0,1117000000.0,433000000.0,1046000000.0,561000000.0,-574000000.0,2276298000.0,11.490236382322713,2.579676674364896,0.1913123844731978,0.370304114490161,-0.033340028118096,11.490236382322713,-0.0742397137745975,0.6482400526142716,-23.750578313253015,1.7632361359570663,-0.2891566265060241,4.586452762923352,0.012174719398081872,1.405268022181146,1.1732101616628174,-0.03835489833641405,8.960445454545455,0.15389674449194343,0.6745562130177515,-3.484487667151086,-0.4540302870526749,0.345571391870478,-0.40462938815492355,0.7496825794154636,0.8016617908523584,-1.5704564684395776,-0.3922732916715103,-0.12671085095152249,Oil & Gas Equipment & Services,Energy,9.945,837492318,596024,MRC
2015,2015-12-31,2016-02-24,-331579000.0,4528613000.0,-282346000.0,-3.38,786065000.0,0.17357742867407747,2501546000.0,1311312000.0,1405305000.0,444366000.0,1190234000.0,781108000.0,-467378000.0,1771322300.0,12.847560915868987,3.162494430266942,0.20933254875185187,0.3993366948521786,-0.1490204821613611,12.847560915868987,-0.2528604939175421,0.2907433909676097,-3.970891703033063,1.0040816373220105,-0.030638249105039823,4.791332312561131,0.007715710071276331,1.8103256945904653,1.3538524549583002,-0.13254963130799913,2.0219884731092965,0.17357742867407747,-3.414285714285714,-4.293019956830081,-0.02578284621583985,0.5727392811003709,-0.22791438219595994,-3.300874332107418,-1.934462581251572,-3.6567092979314437,-0.23170582753578012,0.04504340399225409,Oil & Gas Equipment & Services,Energy,9.945,837492318,596024,MRC
2014,2014-12-31,2015-02-20,144110000.0,5933212000.0,302148000.0,1.4,1018106000.0,0.1715944078856444,3873821000.0,1397215000.0,2222162000.0,784138000.0,2476606000.0,1186946000.0,-122625000.0,2973970900.0,13.697380546242378,2.8338914833868527,0.37524810774684736,1.0403867693948319,0.06759793771180257,13.697380546242378,0.10314089098671285,0.26046446680145596,10.72368954271043,1.106050894100049,0.0,4.140968502358152,0.0,1.531617490844311,1.2746710400465224,0.03720099612243312,-12.220779559688745,0.1715944078856444,-0.054054054054054106,1.351087111517792,0.34118242538310584,0.5547369682175081,0.06634868066182147,-0.05250008218547618,-0.03084695203117733,3.114717215251078,0.016082847683571072,0.6040404038111911,Oil & Gas Equipment & Services,Energy,9.945,837492318,596024,MRC
2013,2013-12-31,2014-02-21,152095000.0,5230792000.0,311765000.0,1.48,954759000.0,0.18252666135453294,3335682000.0,1338268000.0,1845993000.0,762097000.0,1997414000.0,971567000.0,-266735000.0,4242875120.0,13.157424885952492,2.4222546473742845,0.2958417499030183,0.7373963959386312,0.0860825373190597,13.157424885952492,0.11365062902198962,0.6272910717918051,21.573550215325945,2.4518475522092733,0.0,4.40117150953048,0.0,1.568132693704016,1.0987249654571531,0.04559637279572813,10.882293446537544,0.18252666135453294,0.21311475409836067,1.37161157193468,0.18582052179252412,0.49344867857578684,-0.05818437217322339,0.2893996168127639,-0.23397380771026316,3.436377651432119,0.12920078158246945,0.610671402281917,Oil & Gas Equipment & Services,Energy,9.945,837492318,596024,MRC
2012,2012-12-31,2013-02-22,117958000.0,5570858000.0,406990000.0,1.22,1013743000.0,0.18197250764603945,3369727000.0,1185922000.0,1850574000.0,650104000.0,2183805000.0,970228000.0,-418830000.0,3899296700.0,12.293806043642771,2.8465814700417162,0.3729052828315172,1.059588235988539,0.10817558290807941,12.293806043642771,0.09946522621217922,0.48103859405499116,22.71823615185066,2.2596744979855337,0.0,4.696952675041331,0.0,1.6532075150301493,1.323748200287954,0.03500520962083872,12.529269273387786,0.18197250764603945,2.5882352941176467,1.3038813996390188,0.33160686384833715,0.39542262636418535,0.431533060698833,3.069762627656638,1.0915365205638552,1.3038813996390188,0.33160686384833715,0.39542262636418535,Oil & Gas Equipment & Services,Energy,9.945,837492318,596024,MRC
2011,2011-12-31,2012-03-05,28984000.0,4832423000.0,194589000.0,0.34,708152000.0,0.14654180728797955,3227687000.0,720862000.0,1747908000.0,673167000.0,2506825000.0,899064000.0,-536791000.0,3256746680.0,8.539298956371347,2.596544393887401,0.47301364723407197,2.117936581481615,0.04499581553167956,8.539298956371347,0.04020741834081974,0.36754515902270973,61.27979850952249,2.463902494513513,0.0,4.5872941192173196,0.0,1.4971783199548159,1.2439810626486445,0.00897980504305405,-14.684494638413268,0.14654180728797955,1.5539633634700265,1.085324724191616,0.3199538093184872,-0.030737028491637994,0.36681966099339514,1.5592775548008644,1.7682163484792444,1.085324724191616,0.3199538093184872,-0.030737028491637994,Oil & Gas Equipment & Services,Energy,9.945,837492318,596024,MRC
2010,2010-12-31,2010-12-31,-51824000.0,3845536000.0,70294000.0,-0.613759,518102000.0,0.13472816273206129,2991194000.0,689758000.0,1460775000.0,618215000.0,2301436000.0,765367000.0,-565790000.0,3080593480.0,8.16890699574831,2.362891550674118,0.45474850511200543,1.9720554165373942,0.02363799016781006,8.16890699574831,-0.07513359758060073,0.4619783770064823,-34.28053565915406,2.575619971062314,0.0,4.347501264099445,0.0,1.285619053795909,1.1083506547075046,-0.017325522851409838,18.10021782763293,0.13472816273206129,0.8474738435456226,0.8474737396658338,0.0501414284629766,-0.0727787949423172,-0.054548042496815656,0.8474737396658337,1.2849718247050717,0.8474737396658338,0.0501414284629766,-0.0727787949423172,Oil & Gas Equipment & Services,Energy,9.945,837492318,596024,MRC
2009,2009-12-31,2009-12-31,-339771000.0,3661922000.0,-246670000.0,-4.023959,547994000.0,0.14964655172884622,3083156000.0,743898000.0,1467615000.0,537449000.0,2339258000.0,871653000.0,-514216000.0,3172920480.0,8.810095100489121,2.730705611137057,0.46818779198976634,1.9404488249733163,-0.10800611001884146,8.810095100489121,-0.45674406975149817,0.48514263274859487,-5.228681906342801,2.388169453339033,-0.008535160446300597,3.572439950301324,0.001632373244191194,1.1877186882532056,1.0860528161741858,-0.1102023381236629,3.6345668727521203,0.14964655172884622,0.0,0.0,0.0,0.0,0.0,0.0,0.0,0.0,0.0,0.0,Oil & Gas Equipment & Services,Energy,9.945,837492318,596024,MRC
TTM,,,,,,,,,,,,,,,,1411492318.0,9.130952380952381,2.0991735537190084,0.3033151904997526,0.7992177314211213,0.07273675291663952,9.130952380952381,0.12704918032786885,0.23887402110667427,8.98258064516129,1.0891525423728814,0.25806451612903225,4.245535714285714,0.0,1.734784760019792,0.9388429752066115,0.04601682335477486,-17.091679959183676,0.18625213918996006,,,,,,,,,,,Oil & Gas Equipment & Services,Energy,9.945,837492318,596024,MRC
