Quarters,Year,Quarter,FillingDate,Date,NetIncome,Revenue,OperatingIncome,EPSDiluted,GrossProfit,GrossProfitRatio,TotalAssets,CommonStockEquity,CurrentAssets,CurrentLiability,TotalLiability,Inventory,RetainedEarnings,MarketCap,EnterpriseValue,bookValuePerShare,currentRatio,debtToAssets,debtToEquity,roic,shareholdersEquityPerShare,roe,priceToSalesRatio,peRatio,pbRatio,payoutRatio,inventoryTurnover,dividendYield,assetTurnover,quickRatio,returnOnAssets,priceToFreeCashFlowsRatio,grossProfitMargin,epsdilutedGrowth,fiveYNetIncomeGrowthPerShare,fiveYRevenueGrowthPerShare,fiveYShareholdersEquityGrowthPerShare,grossProfitGrowth,netIncomeGrowth,operatingIncomeGrowth,threeYNetIncomeGrowthPerShare,threeYRevenueGrowthPerShare,threeYShareholdersEquityGrowthPerShare,Industry,Sector,Symbol
2023Q1,2023,Q1,2023-05-09,2023-03-31,34000000.0,885000000.0,57000000.0,0.33,179000000.0,0.202259887,2021000000.0,767000000.0,1270000000.0,605000000.0,1254000000.0,672000000.0,-740000000.0,816480000.0,1390480000.0,9.130952380952381,2.0991735537190084,0.3033151904997526,0.7992177314211213,0.025723045884710843,9.130952380952381,0.04432855280312908,0.9225762711864407,6.003529411764706,1.064511082138201,0.17647058823529413,1.0505952380952381,0.00734861845972957,0.437902028698664,0.9388429752066115,0.01682335477486393,-24.741818181818182,0.20225988700564973,0.8333333333333335,1.0552910052910054,-0.04657001414427151,-0.23991890016480175,0.13291139240506328,0.6190476190476191,0.6285714285714286,2.6743386243386245,0.08409050017992083,-0.23251151283558683,Oil & Gas Equipment & Services,Energy,MRC
2022Q4,2022,Q4,2023-02-14,2022-12-31,21000000.0,869000000.0,35000000.0,0.18,158000000.0,0.1818181818,1895000000.0,741000000.0,1142000000.0,564000000.0,1154000000.0,578000000.0,-768000000.0,968088000.0,1494088000.0,8.863636363636363,2.024822695035461,0.29445910290237465,0.7530364372469636,0.014682087852819561,8.863636363636363,0.02834008097165992,1.1140253164556961,11.524857142857144,1.3064615384615386,0.2857142857142857,1.2301038062283738,0.006197783672558693,0.45857519788918205,0.9450354609929078,0.01108179419525066,138.29828571428573,0.18181818181818182,-0.14285714285714285,-0.329665071770335,0.07515882730081025,-0.2568549045209728,-0.04242424242424243,-0.125,-0.2222222222222222,1.8561602870813398,0.11003847739453083,-0.27277286404668555,Oil & Gas Equipment & Services,Energy,MRC
2022Q3,2022,Q3,2022-11-09,2022-09-30,24000000.0,904000000.0,45000000.0,0.21,165000000.0,0.1825221239,1922000000.0,718000000.0,1169000000.0,612000000.0,1204000000.0,584000000.0,-783000000.0,601084000.0,1124084000.0,8.588516746411484,1.9101307189542485,0.28720083246618106,0.7688022284122563,0.021448147118401713,8.588516746411484,0.033426183844011144,0.6649159292035398,6.261291666666667,0.8371643454038997,0.25,1.2654109589041096,0.009981965914913722,0.4703433922996878,0.9068627450980392,0.012486992715920915,20.036133333333332,0.18252212389380532,1.3333333333333333,8.043062200956939,0.06555373170816883,-0.28239183683829777,0.09271523178807947,0.7142857142857143,0.45161290322580644,0.13055365686944634,-0.050670973902619966,-0.3077287183935383,Oil & Gas Equipment & Services,Energy,MRC
2022Q2,2022,Q2,2022-08-09,2022-06-30,14000000.0,848000000.0,31000000.0,0.09,151000000.0,0.1780660377,1864000000.0,702000000.0,1101000000.0,549000000.0,1162000000.0,555000000.0,-801000000.0,832656000.0000001,1382656000.0,8.397129186602871,2.0054644808743167,0.3063304721030043,0.8133903133903134,0.014583333333333334,8.397129186602871,0.019943019943019943,0.9819056603773586,14.868857142857143,1.186119658119658,0.42857142857142855,1.255855855855856,0.007205856920504986,0.45493562231759654,0.9289617486338798,0.0075107296137339056,-15.710490566037738,0.17806603773584906,-0.5263157894736842,1.6375598086124405,0.03965791030524456,-0.2914922248803827,0.11029411764705882,-0.125,0.06896551724137931,-0.4194577352472088,-0.1423347726300229,-0.31972624311065345,Oil & Gas Equipment & Services,Energy,MRC
2022Q1,2022,Q1,2022-05-10,2022-03-31,16000000.0,742000000.0,29000000.0,0.19,136000000.0,0.1832884097,1786000000.0,694000000.0,1012000000.0,525000000.0,1092000000.0,500000000.0,-809000000.0,992103000.0,1483103000.0,8.331332533013205,1.9276190476190476,0.29227323628219487,0.7521613832853026,0.014058475988486594,8.331332533013205,0.023054755043227664,1.337066037735849,15.501609375,1.429543227665706,0.375,1.212,0.006047759154039449,0.4154535274356103,0.9219047619047619,0.008958566629339306,-66.1402,0.18328840970350405,4.917525773195876,2.034813925570228,-0.020374739222835194,-0.28653087251160625,0.27102803738317754,5.0,13.5,-0.10044017607042817,-0.2258684917265875,-0.3201051959990192,Oil & Gas Equipment & Services,Energy,MRC
2021Q4,2021,Q4,2022-02-16,2021-12-31,-4000000.0,686000000.0,2000000.0,-0.0485,107000000.0,0.1559766764,1671000000.0,678000000.0,899000000.0,436000000.0,993000000.0,453000000.0,-819000000.0,567600000.0,1026600000.0,8.218181818181819,2.061926605504587,0.30341113105924594,0.7477876106194691,0.0019115890083632018,8.218181818181819,-0.0058997050147492625,0.8274052478134111,-35.475,0.8371681415929203,-1.5,1.2781456953642385,0.010570824524312896,0.41053261520047873,0.9793577981651376,-0.0023937761819269898,15.766666666666667,0.15597667638483964,0.6353681818181818,0.7438383838383837,0.09982045770641032,-0.30093999024231577,0.12631578947368421,0.6363636363636364,1.2857142857142858,-1.4295757575757575,-0.26984893533952015,-0.30455500564383087,Oil & Gas Equipment & Services,Energy,MRC
2021Q3,2021,Q3,2021-11-09,2021-09-30,-11000000.0,685000000.0,-7000000.0,-0.13301088270858524,95000000.0,0.1386861313868613,1719000000.0,686000000.0,945000000.0,440000000.0,1033000000.0,471000000.0,-809000000.0,607018000.0,1091018000.0,8.295042321644498,2.147727272727273,0.3089005235602094,0.7740524781341108,-0.00416238715606249,8.295042321644498,-0.016034985422740525,0.8861576642335767,-13.795863636363636,0.8848658892128279,-0.5454545454545454,1.2526539278131634,0.009884385636010795,0.39848749272833045,1.0136363636363637,-0.006399069226294357,-18.394484848484847,0.1386861313868613,-3.7466747279322856,0.6811064087061669,0.0016834118366418173,-0.3142288287537005,-0.15178571428571427,-3.75,-1.7,-1.500453446191052,-0.30163359176802523,-0.33595538861303353,Oil & Gas Equipment & Services,Energy,MRC
2021Q2,2021,Q2,2021-07-30,2021-06-30,4000000.0,686000000.0,10000000.0,0.048426150121065374,112000000.0,0.16326530612244897,1745000000.0,702000000.0,961000000.0,466000000.0,1043000000.0,484000000.0,-792000000.0,776440000.0,1221440000.0,8.498789346246973,2.0622317596566524,0.29111747851002867,0.7236467236467237,0.005629838142153413,8.498789346246973,0.005698005698005698,1.1318367346938776,48.5275,1.1060398860398861,1.5,1.1859504132231404,0.007727577146978516,0.39312320916905447,0.9549356223175965,0.002292263610315186,36.973333333333336,0.16326530612244897,2.328490718321227,1.2783079333428287,0.08767664833916466,-0.31940023022268094,0.08737864077669903,2.3333333333333335,2.3333333333333335,-0.8016729033678186,-0.30842131645728255,-0.3070217917675545,Oil & Gas Equipment & Services,Energy,MRC
2021Q1,2021,Q1,2021-04-28,2021-03-31,-3000000.0,609000000.0,3000000.0,-0.03645200486026731,103000000.0,0.16912972085385877,1827000000.0,699000000.0,1029000000.0,563000000.0,1128000000.0,504000000.0,-790000000.0,743169000.0,1209169000.0,8.493317132442284,1.8277087033747779,0.32731253420908596,0.8555078683834049,0.0019828155981493722,8.493317132442284,-0.004291845493562232,1.2203103448275863,-61.93075,1.0631888412017168,-2.0,1.003968253968254,0.008073533745352673,0.3333333333333333,0.8898756660746003,-0.0016420361247947454,33.78040909090909,0.16912972085385877,0.40145808019441076,0.5411603888213852,-0.04833265829620629,-0.330245078122993,0.14444444444444443,0.4,1.4285714285714286,-1.185095180234913,-0.3303586251699289,-0.29299709844697197,Oil & Gas Equipment & Services,Energy,MRC
2020Q4,2020,Q4,2021-02-12,2020-12-31,-5000000.0,579000000.0,-7000000.0,-0.06090133982947625,90000000.0,0.15544041450777202,1781000000.0,705000000.0,966000000.0,399000000.0,1076000000.0,509000000.0,-781000000.0,544323000.0,808323000.0,8.587088915956151,2.4210526315789473,0.2150477259966311,0.5432624113475177,-0.0038109756097560975,8.587088915956151,-0.0070921985815602835,0.9401088082901554,-27.21615,0.7720893617021276,-1.2,0.9607072691552063,0.011022866937461764,0.3250982594048287,1.0977443609022557,-0.002807411566535654,6.8040375,0.15544041450777202,-2.666666666666667,0.9842217393142929,-0.2576071067764531,-0.33335253103596385,-0.21052631578947367,-2.6666666666666665,-1.5,-1.1625195754306594,-0.27055167306704,-0.28004119860834426,Oil & Gas Equipment & Services,Energy,MRC
2020Q3,2020,Q3,2020-10-29,2020-09-30,3000000.0,585000000.0,14000000.0,0.03654080389768575,114000000.0,0.19487179487179487,1805000000.0,702000000.0,994000000.0,417000000.0,1103000000.0,582000000.0,-770000000.0,351388000.0,720388000.0,8.550548112058465,2.383693045563549,0.22659279778393351,0.5826210826210826,0.004022988505747126,8.550548112058465,0.004273504273504274,0.6006632478632479,29.282333333333334,0.5005527065527066,2.0,0.8092783505154639,0.017075142008264366,0.32409972299168976,0.9184652278177458,0.0016620498614958448,3.8614065934065933,0.19487179487179487,1.010440229685053,-0.7669021082531486,-0.3202608970600906,-0.4947051408069415,0.4430379746835443,1.01067615658363,1.0484429065743945,0.15103532277710116,-0.2978564506521334,-0.28556428241421317,Oil & Gas Equipment & Services,Energy,MRC
2020Q2,2020,Q2,2020-07-29,2020-06-30,-281000000.0,602000000.0,-289000000.0,-3.5,79000000.0,0.13122923588039867,1877000000.0,696000000.0,1061000000.0,427000000.0,1181000000.0,627000000.0,-767000000.0,484620000.0,939620000.0,8.487804878048781,2.4847775175644027,0.2525306339904102,0.6810344827586207,-0.20037751677852347,8.487804878048781,-0.40373563218390807,0.805016611295681,-0.43115658362989323,0.6962931034482759,-0.021352313167259787,0.8341307814992025,0.012380834468243158,0.32072456046883324,0.9320843091334895,-0.14970697922216303,11.014090909090909,0.13122923588039867,-88.5,-22.512276048106102,-0.3739377577939564,-0.5072202094013739,-0.46621621621621623,-32.22222222222222,-14.136363636363637,-54.97256097560975,-0.24753981270832226,-0.28384146341463407,Oil & Gas Equipment & Services,Energy,MRC
2020Q1,2020,Q1,2020-04-29,2020-03-31,9000000.0,794000000.0,22000000.0,0.04,148000000.0,0.18639798488664988,2301000000.0,972000000.0,1219000000.0,518000000.0,1329000000.0,691000000.0,-480000000.0,348042000.0,841042000.0,11.89718482252142,2.353281853281853,0.2264232942199044,0.5360082304526749,0.008383436362096706,11.89718482252142,0.009259259259259259,0.43834005037783375,9.667833333333332,0.3580679012345679,0.6666666666666666,0.934876989869754,0.017239298705328667,0.34506736201651456,0.972972972972973,0.003911342894393742,9.944057142857142,0.18639798488664988,1.1081081081081081,-0.6129706324468791,-0.2320512163216222,-0.1165545898586092,0.1297709923664122,1.375,3.2,0.7405140758873928,0.06880756090842241,0.01883750783652269,Oil & Gas Equipment & Services,Energy,MRC
2019Q4,2019,Q4,2020-02-14,2019-12-31,-24000000.0,766000000.0,-10000000.0,-0.37,131000000.0,0.17101827676240208,2325000000.0,997000000.0,1218000000.0,486000000.0,1328000000.0,701000000.0,-483000000.0,1115752000.0,1634752000.0,12.188264058679707,2.506172839506173,0.23698924731182797,0.5526579739217653,-0.007222172068249526,12.188264058679707,-0.024072216649949848,1.4565953002610965,-11.622416666666666,1.119109327983952,-0.25,0.905848787446505,0.0053775390947092185,0.32946236559139785,1.0102880658436213,-0.01032258064516129,10.938745098039215,0.17101827676240208,-3.055555555555556,-1.9612766546515197,-0.3678365206261916,-0.10954747939157033,-0.2471264367816092,-2.142857142857143,-1.2702702702702702,-0.5501222493887532,0.23858864015832904,0.03676557422221836,Oil & Gas Equipment & Services,Energy,MRC
2019Q3,2019,Q3,2019-11-01,2019-09-30,21000000.0,942000000.0,37000000.0,0.18,174000000.0,0.18471337579617833,2507000000.0,1026000000.0,1390000000.0,562000000.0,1481000000.0,742000000.0,-453000000.0,1003151000.0000001,1605151000.0,12.406287787182588,2.473309608540925,0.2500997207818109,0.6111111111111112,0.014443721535458686,12.406287787182588,0.02046783625730994,1.0649161358811041,11.94227380952381,0.9777300194931774,0.2857142857142857,1.0350404312668464,0.005981153385681717,0.375747905863582,1.0871886120996441,0.008376545672118069,8.359591666666669,0.18471337579617833,-0.14285714285714285,-0.48319037024305694,-0.2817479767263046,-0.111812113403711,0.0,-0.125,-0.0975609756097561,1.6087968561064088,0.3774974802191485,0.02565775757828472,Oil & Gas Equipment & Services,Energy,MRC
2019Q2,2019,Q2,2019-08-02,2019-06-30,24000000.0,984000000.0,41000000.0,0.21,174000000.0,0.17682926829268292,2629000000.0,1027000000.0,1496000000.0,572000000.0,1602000000.0,798000000.0,-468000000.0,1409408000.0,2112408000.0,12.34375,2.6153846153846154,0.2807151007987828,0.7185978578383642,0.01564089521871821,12.34375,0.023369036027263874,1.4323252032520326,14.681333333333336,1.372354430379747,0.25,1.0150375939849625,0.004257106529833802,0.37428680106504375,1.1573426573426573,0.009128946367440091,32.032,0.17682926829268292,0.4999999999999998,-0.2514239577216677,-0.19442689855834894,-0.11076081643407153,0.0,0.3333333333333333,0.17142857142857143,2.6578054298642533,0.5489147246855021,-0.011488217213114755,Oil & Gas Equipment & Services,Energy,MRC
2019Q1,2019,Q1,2019-05-03,2019-03-31,18000000.0,970000000.0,35000000.0,0.14,174000000.0,0.17938144329896907,2673000000.0,1033000000.0,1521000000.0,598000000.0,1640000000.0,839000000.0,-486000000.0,1532574000.0,2251574000.0,12.253855278766311,2.5434782608695654,0.27908716797605687,0.7221684414327202,0.013230846774193549,12.253855278766311,0.017424975798644726,1.5799731958762886,21.28575,1.4836147144240077,0.3333333333333333,0.9487485101311085,0.003914982245555517,0.36288814066591846,1.0919732441471572,0.006734006734006734,-36.48985714285714,0.17938144329896907,2.5,-0.07469678262764182,-0.10177694166875252,-0.0857670710693356,0.017543859649122806,0.8,0.5217391304347826,3.687722419928826,0.47983013897031973,-0.03370146705421499,Oil & Gas Equipment & Services,Energy,MRC
2018Q4,2018,Q4,2019-02-15,2018-12-31,10000000.0,1009000000.0,23000000.0,0.04,171000000.0,0.1694747274529237,2434000000.0,1047000000.0,1465000000.0,569000000.0,1387000000.0,797000000.0,-498000000.0,1083578000.0,1724578000.0,11.817155756207676,2.5746924428822497,0.2810188989317995,0.6532951289398281,0.008304448295782784,11.817155756207676,0.009551098376313277,1.0739127849355798,27.08945,1.0349360076408787,0.6,1.0514429109159347,0.005537210980658522,0.41454396055875103,1.1072056239015817,0.004108463434675432,8.335215384615385,0.1694747274529237,-0.7999999999999999,-0.5067967590373129,-0.13729152811957118,-0.10083095949475629,-0.005813953488372093,-0.5833333333333334,-0.28125,1.0292414266884096,0.1988251449813463,-0.08259049692715857,Oil & Gas Equipment & Services,Energy,MRC
2018Q3,2018,Q3,2018-11-01,2018-09-30,24000000.0,1071000000.0,32000000.0,0.2,172000000.0,0.16059757236227826,2581000000.0,1128000000.0,1596000000.0,605000000.0,1453000000.0,849000000.0,-502000000.0,1676871000.0,2366871000.0,12.491694352159469,2.6380165289256197,0.2785741960480434,0.6374113475177305,0.017325392528424473,12.491694352159469,0.02127659574468085,1.5657058823529413,17.46740625,1.486587765957447,0.25,1.0588928150765606,0.0035780927692112274,0.41495544362650133,1.1619834710743802,0.009298721425803952,-128.9900769230769,0.16059757236227826,0.1764705882352941,-0.30247730621076524,-0.08169512982510951,-0.03491470876382369,-0.02824858757062147,0.09090909090909091,-0.21951219512195122,0.695445130668129,0.13143931541232148,-0.261803003031394,Oil & Gas Equipment & Services,Energy,MRC
2018Q2,2018,Q2,2018-08-02,2018-06-30,22000000.0,1082000000.0,41000000.0,0.17,177000000.0,0.16358595194085027,2616000000.0,1105000000.0,1618000000.0,667000000.0,1511000000.0,872000000.0,-520000000.0,1952467000.0000002,2629467000.0,12.264150943396226,2.4257871064467764,0.2706422018348624,0.6407239819004525,0.016583930869645155,12.264150943396226,0.019909502262443438,1.8044981515711647,22.187125,1.7669384615384618,0.2727272727272727,1.0378440366972477,0.003073035293298171,0.4136085626911315,1.0599700149925038,0.008409785932721712,-28.2966231884058,0.16358595194085027,0.30769230769230776,-0.4337613056853631,-0.03672493566128834,-0.011004038771669451,0.047337278106508875,0.2222222222222222,0.3225806451612903,0.532822209833416,0.024088155602099783,-0.2879754164252123,Oil & Gas Equipment & Services,Energy,MRC
2018Q1,2018,Q1,2018-05-03,2018-03-31,18000000.0,1010000000.0,31000000.0,0.13,169000000.0,0.16732673267326734,2538000000.0,1098000000.0,1526000000.0,663000000.0,1440000000.0,811000000.0,-536000000.0,1502616000.0,2096616000.0,12.013129102844639,2.3016591251885368,0.25177304964539005,0.5819672131147541,0.012849740932642488,12.013129102844639,0.01639344262295082,1.4877386138613862,20.869666666666667,1.3685027322404373,0.3333333333333333,1.0369913686806411,0.003993036144963184,0.3979511426319937,1.004524886877828,0.0070921985815602835,-19.020455696202532,0.16732673267326734,-0.5666666666666667,-0.566712314831999,-0.13967297458028227,-0.00830873552673688,0.19858156028368795,-0.4857142857142857,5.428571428571429,-0.30808973021684966,-0.12680952627765274,-0.10794495288887886,Oil & Gas Equipment & Services,Energy,MRC
2017Q4,2017,Q4,2018-02-16,2017-12-31,35000000.0,903000000.0,-7000000.0,0.3,141000000.0,0.15614617940199335,2340000000.0,1114000000.0,1318000000.0,562000000.0,1226000000.0,701000000.0,-548000000.0,1580328000.0000002,2058328000.0000002,11.927194860813705,2.3451957295373664,0.2247863247863248,0.47217235188509876,0.010670731707317074,11.927194860813705,0.03141831238779174,1.7500863787375418,11.288057142857143,1.4186068222621186,0.17142857142857143,1.087018544935806,0.003796680182848117,0.3858974358974359,1.0142348754448398,0.014957264957264958,-87.796,0.15614617940199335,8.45,6.905320876714442,-0.248901199506635,0.020998824442151877,-0.07236842105263158,10.666666666666666,-1.3181818181818181,0.22775475654322813,-0.3473282567281561,-0.12862072265031416,Oil & Gas Equipment & Services,Energy,MRC
2017Q3,2017,Q3,2017-11-03,2017-09-30,3000000.0,959000000.0,22000000.0,0.031746031746031744,152000000.0,0.15849843587069865,2336000000.0,1131000000.0,1307000000.0,567000000.0,1205000000.0,649000000.0,-577000000.0,1652804999.9999998,2059804999.9999998,11.968253968253968,2.305114638447972,0.1913527397260274,0.3952254641909814,0.008365019011406844,11.968253968253968,0.002652519893899204,1.7234671532846713,137.73375,1.461366047745358,2.0,1.2434514637904468,0.0036301923094375927,0.4105308219178082,1.08994708994709,0.0012842465753424657,-75.12749999999998,0.15849843587069865,-0.49417989417989416,-0.9419905158008541,-0.29024490456603985,0.02260732631879407,0.020134228187919462,-0.5,0.29411764705882354,-0.9353890304143625,-0.36009093351508675,-0.14317172222189928,Oil & Gas Equipment & Services,Energy,MRC
2017Q2,2017,Q2,2017-08-04,2017-06-30,6000000.0,922000000.0,17000000.0,0.06276150627615062,149000000.0,0.1616052060737527,2232000000.0,1120000000.0,1198000000.0,510000000.0,1112000000.0,592000000.0,-574000000.0,1561140000.0,1934140000.0,11.851851851851851,2.3490196078431373,0.18369175627240145,0.36607142857142855,0.007407407407407408,11.851851851851851,0.005357142857142857,1.6932104121475053,65.0475,1.393875,1.0,1.3057432432432432,0.0038433452477036013,0.41308243727598565,1.0960784313725491,0.002688172043010753,-31.86,0.1616052060737527,-0.008368200836820194,-0.8007514663220968,-0.3294753333791939,0.04214343704557108,0.06428571428571428,0.0,0.21428571428571427,-0.8352340563027586,-0.335442908323336,-0.14619697705437346,Oil & Gas Equipment & Services,Energy,MRC
2017Q1,2017,Q1,2017-05-05,2017-03-31,6000000.0,862000000.0,14000000.0,0.06329113924050633,140000000.0,0.16241299303944315,2229000000.0,1107000000.0,1184000000.0,510000000.0,1122000000.0,567000000.0,-574000000.0,1737683999.9999998,2056683999.9999998,11.677215189873417,2.3215686274509806,0.1848362494392104,0.3721770551038844,0.007899934167215274,11.677215189873417,0.005420054200542005,2.015874709976798,72.4035,1.5697235772357723,1.0,1.27336860670194,0.0034528717534373344,0.3867205024674742,1.115686274509804,0.0026917900403768506,157.97127272727272,0.16241299303944315,1.3343881856540085,-0.8576193871143328,-0.4447032661219514,0.2888391547256111,0.14754098360655737,1.3333333333333333,3.3333333333333335,-0.725727632825282,-0.29019514016993536,-0.12878890749667626,Oil & Gas Equipment & Services,Energy,MRC
2016Q4,2016,Q4,2017-02-17,2016-12-31,-18000000.0,719000000.0,-6000000.0,-0.1892744479495268,122000000.0,0.16968011126564672,2164000000.0,1118000000.0,1117000000.0,433000000.0,1046000000.0,561000000.0,-574000000.0,1926726000.0000002,2231726000.0,11.756046267087276,2.579676674364896,0.1913123844731978,0.370304114490161,-0.004146828444171402,11.756046267087276,-0.016100178890876567,2.6797301808066765,-26.760083333333338,1.7233685152057248,-0.3333333333333333,1.0641711229946524,0.0031140909501402893,0.3322550831792976,1.1732101616628174,-0.00831792975970425,137.62328571428574,0.16968011126564672,0.6056782334384858,-5.487999596044424,-0.5113304230730493,0.3770253927298823,0.38636363636363635,0.55,0.8333333333333334,-1.8270878324787523,-0.42726332755372304,-0.10548078910111403,Oil & Gas Equipment & Services,Energy,MRC
2016Q3,2016,Q3,2016-11-04,2016-09-30,-40000000.0,793000000.0,-36000000.0,-0.48,88000000.0,0.11097099621689786,2335000000.0,1160000000.0,1268000000.0,451000000.0,1175000000.0,581000000.0,-550000000.0,1575637000.0,1877637000.0,12.095933263816475,2.811529933481153,0.22055674518201285,0.44396551724137934,-0.020469083155650318,12.095933263816475,-0.034482758620689655,1.9869319041614124,-9.84773125,1.3583077586206898,-0.15,1.2134251290877798,0.003807983691675177,0.33961456102783727,1.4656319290465631,-0.017130620985010708,21.883847222222222,0.11097099621689786,-1.7585882352941171,-2.610148107329414,-0.48893933227971226,0.42050867525110835,-0.296,-1.3529411764705883,-2.6,-2.0946524026619375,-0.359764506162596,-0.06549048130803557,Oil & Gas Equipment & Services,Energy,MRC
2016Q2,2016,Q2,2016-08-03,2016-06-30,-17000000.0,746000000.0,-10000000.0,-0.17400204708290687,125000000.0,0.1675603217158177,2387000000.0,1220000000.0,1315000000.0,432000000.0,1167000000.0,689000000.0,-504000000.0,1388317000.0,1737317000.0,12.48720573183214,3.0439814814814814,0.2161709258483452,0.42295081967213116,-0.00515401406742663,12.48720573183214,-0.013934426229508197,1.861014745308311,-20.416426470588235,1.1379647540983606,-0.35294117647058826,0.9013062409288825,0.0043217795359417185,0.3125261834939254,1.3819444444444444,-0.007121910347716799,16.14322093023256,0.1675603217158177,-1.1902507676560903,-4.140703473608253,-0.4480246104918839,0.4871755604559072,-0.06015037593984962,-1.125,-1.5,-1.4035115883882616,-0.3875197174618748,0.00698336907367697,Oil & Gas Equipment & Services,Energy,MRC
2016Q1,2016,Q1,2016-05-03,2016-03-31,-8000000.0,783000000.0,-4000000.0,-0.07944389275074479,133000000.0,0.1698595146871009,2434000000.0,1277000000.0,1346000000.0,417000000.0,1157000000.0,720000000.0,-481000000.0,1323198000.0,1720198000.0,12.681231380337637,3.2278177458033572,0.21281840591618734,0.4056382145653876,-0.0013713306192414828,12.681231380337637,-0.006264682850430697,1.6899080459770115,-41.3499375,1.0361769772905247,-0.75,0.9027777777777778,0.0045344687643119165,0.3216926869350863,1.4172661870503598,-0.003286770747740345,27.566625,0.1698595146871009,0.9797337008288917,-4.946812032087444,-0.33803460049570816,0.5283980902417557,-0.24030821780877473,0.9796405539805262,0.9907609511600781,-1.1747875733172473,-0.3946303010943927,0.04684352219832248,Oil & Gas Equipment & Services,Energy,MRC
2015Q4,2015,Q4,2016-02-24,2015-12-31,-392938000.0,967070000.0,-432945000.0,-3.92,175071000.0,0.18103239682753058,2501546000.0,1311312000.0,1405305000.0,444366000.0,1190234000.0,781108000.0,-467378000.0,1313245800.0,1767903800.0,12.8810043024695,3.162494430266942,0.20933254875185187,0.3993366948521786,-0.20625964379030012,12.8810043024695,-0.29965256170918897,1.3579635393508225,-0.8355299054812718,1.0014747062483986,-0.0150125465086095,1.0139430142822758,0.0044919237510601595,0.38658893340358325,1.3538524549583002,-0.15707806292588664,6.757465267057734,0.18103239682753058,-40.199999999999996,-23.063210470360143,-0.22493428483051178,0.576833266576998,-0.05446247738381356,-25.529496223234908,-11.042564542692121,-59.82611136820854,-0.2619975643863551,0.10264738724646187,Oil & Gas Equipment & Services,Energy,MRC
2015Q3,2015,Q3,2015-11-06,2015-09-30,16019000.0,1071189000.0,43111000.0,0.1,185155000.0,0.17284998258944034,3198394000.0,1729198000.0,1628546000.0,577693000.0,1469196000.0,894233000.0,-68541000.0,1139385050.0,1770234050.0,16.921898088797988,2.8190509492065856,0.20753947137219492,0.38387333318683,0.008116742156383278,16.921898088797988,0.009263832134897218,1.0636638819106619,17.781775547787003,0.6589095349404753,0.0,0.9908312486790356,0.0,0.33491464778885904,1.2061510179282076,0.005008451116404045,5.912402768913036,0.17284998258944034,-0.33333333333333326,2.265801012379486,-0.13684926915288065,0.0,-0.10082703225085836,-0.015729646697388633,-0.08301782447781512,-0.7135496813424141,-0.2668511202013489,0.4458631147638777,Oil & Gas Equipment & Services,Energy,MRC
2015Q2,2015,Q2,2015-08-04,2015-06-30,16275000.0,1198064000.0,47014000.0,0.15,205917000.0,0.17187479133001243,3451752000.0,1759776000.0,1852260000.0,615672000.0,1691976000.0,1033451000.0,-78578000.0,1577473920.0,2392567920.0,17.224336387127085,3.008517522317078,0.24568277211109024,0.4818999690869747,0.009994140594146194,17.224336387127085,0.009248336151873876,1.316685853176458,24.231550230414747,0.8964060880475696,0.0,0.9600329381847809,0.0,0.3470886668567151,1.2724989929702828,0.004714996905919081,10.316490438695164,0.17187479133001243,-0.46428571428571436,1.8447223885957749,0.06822489840046522,0.0,-0.0636816689553569,-0.44004816789953555,-0.2225749909051824,-0.5001015415949807,-0.19410071041605614,0.5145505822792572,Oil & Gas Equipment & Services,Energy,MRC
2015Q1,2015,Q1,2015-05-01,2015-03-31,29065000.0,1292290000.0,60474000.0,0.28,219922000.0,0.17018006794140633,3720410000.0,1375176000.0,2113711000.0,738138000.0,2345234000.0,1175614000.0,-93560000.0,1210074600.0,2534080600.0,13.46680245994751,2.8635715814657963,0.36912222040043974,0.998625630464755,0.015153615130584157,13.46680245994751,0.021135476477192737,0.9363800694890466,10.408348529158781,0.8799416220178362,0.0,0.9121769560416939,0.0,0.3473515015818149,1.2182396787592564,0.007812311008732908,10.880595968133509,0.17018006794140633,-0.06666666666666654,3.019586067220966,0.2449989327724263,0.0,-0.11503406315264236,-0.06711387854666838,-0.18354507283748936,-0.35969856130629585,-0.22715503907201368,0.48635971994309696,Oil & Gas Equipment & Services,Energy,MRC
2014Q4,2014,Q4,2015-02-20,2014-12-31,31156000.0,1512092000.0,74069000.0,0.3,248509000.0,0.1643478042341339,3873821000.0,1397215000.0,2222162000.0,784138000.0,2476606000.0,1186946000.0,-122625000.0,1546481700.0,2975061700.0,13.687719195125297,2.8338914833868527,0.37524810774684736,1.0403867693948319,0.015292987703484856,13.687719195125297,0.022298644088418747,1.0227431267409655,12.40918041468738,1.1068315899843617,0.0,1.0645665430440812,0.0,0.3903360532146426,1.2746710400465224,0.008042705122410147,-32.37416944043208,0.1643478042341339,-0.3877551020408163,2.902809856312813,0.20860111039383783,0.6755875911244155,-0.10622098020809731,-0.3785454980651853,-0.20527676741665862,6.237196488037275,-0.04255685986124872,0.6032887649491785,Oil & Gas Equipment & Services,Energy,MRC
2014Q3,2014,Q3,2014-11-07,2014-09-30,50134000.0,1618146000.0,93201000.0,0.49,278043000.0,0.17182812922937732,3969179000.0,1425234000.0,2250047000.0,876146000.0,2543945000.0,1080857000.0,-153781000.0,2379456200.0,3765259200.0,13.968089381094723,2.5681187838556587,0.3569839001969929,0.9941756932545813,0.021577144126932075,13.968089381094723,0.03517597812008414,1.47048300956774,11.865481509554394,1.6695196718573933,0.0,1.2398522653783064,0.0,0.4076777590529427,1.2790528062674487,0.012630823653959672,-106.9562727558772,0.17182812922937732,0.28947368421052627,4.967426360228994,0.3058242301288663,0.0,0.07177880056433147,0.27567430025445294,0.25717946988601875,0.8967392423954003,-0.01986383718747546,0.6403688504038184,Oil & Gas Equipment & Services,Energy,MRC
2014Q2,2014,Q2,2014-08-01,2014-06-30,39300000.0,1497295000.0,74135000.0,0.38,259422000.0,0.17326044633822993,3968491000.0,1415693000.0,2198889000.0,888660000.0,2552798000.0,1110618000.0,-203915000.0,2885183940.0,4246535940.0,13.88124840664405,2.474387279724529,0.3522353962753097,0.9873913341381217,0.017229856788413503,13.88124840664405,0.027760255931194123,1.9269308586484293,18.353587404580153,2.0380011344267435,0.0,1.1145803507596672,0.0,0.3772958033670733,1.175770260842167,0.00990300847349786,145.45923569447945,0.17326044633822993,0.6521739130434782,3.043430594069062,0.3374094436355285,0.0,0.11756242138093843,0.6709183673469388,0.22046984837759084,5.9554393649768445,0.06131002505309287,0.6532003894477071,Oil & Gas Equipment & Services,Energy,MRC
2014Q1,2014,Q1,2014-05-02,2014-03-31,23520000.0,1305679000.0,60743000.0,0.23,232132000.0,0.17778642376878237,3720320000.0,1366131000.0,2025467000.0,771581000.0,2354189000.0,1053594000.0,-243215000.0,2747871040.0,4031958040.0,13.403428044425258,2.6250866726889335,0.35325644030621023,0.962006571844135,0.014514912570713303,13.403428044425258,0.017216504127349427,2.1045532937268656,29.207812925170067,2.0114257271081617,0.0,1.018938034954641,0.0,0.35095878849131257,1.2117690819239977,0.006322036814037502,-36.025841232382824,0.17778642376878237,0.0,2.6373694817591886,0.26026753877276065,0.0,0.027305476142006176,0.009312105737458696,0.03639310697833134,18.27366740508364,0.09059363379282456,0.6154404261999138,Oil & Gas Equipment & Services,Energy,MRC
2013Q4,2013,Q4,2014-02-21,2013-12-31,23303000.0,1344203000.0,58610000.0,0.23,225962000.0,0.16810109782525406,3335682000.0,1338268000.0,1845993000.0,762097000.0,1997414000.0,971567000.0,-266735000.0,3285003540.0,4246649540.0,13.142307201288434,2.4222546473742845,0.2958417499030183,0.7373963959386312,0.013780563169339961,13.142307201288434,0.01741280520792547,2.443829942352457,35.24228146590567,2.45466792899479,0.0,1.150966428460415,0.0,0.4029769624322702,1.0987249654571531,0.006985977680126583,43.77261636041414,0.16810109782525406,-0.39473684210526316,2.4266787936822176,0.07703621633950415,0.6088207648989811,-0.051747218760097864,-0.3987408726165596,-0.24259850354729076,2.4266787936822176,0.07703621633950415,0.6088207648989811,Oil & Gas Equipment & Services,Energy,MRC
2013Q3,2013,Q3,2013-11-01,2013-09-30,38757000.0,1313711000.0,77383000.0,0.38,238293000.0,0.1813892096511333,3323557000.0,1316560000.0,1836467000.0,709984000.0,2006997000.0,929529000.0,-290038000.0,2725962000.0,3736287000.0,12.94361696898196,2.5866315297246136,0.3140502780605237,0.7927963784407851,0.021175645265094443,12.94361696898196,0.029438081059731423,2.0750088870383214,17.583675207059372,2.0705186242936136,0.0,1.1569493797396315,0.0,0.3952725949938575,1.2323996033713436,0.011661301430966883,49.369953816897585,0.1813892096511333,-0.11627906976744183,4.076740272313001,0.06348414750464779,0.0,-0.023121102925803397,-0.11618626288424701,-0.13978745636852755,4.076740272313001,0.06348414750464779,0.0,Oil & Gas Equipment & Services,Energy,MRC
2013Q2,2013,Q2,2013-08-02,2013-06-30,43852000.0,1267778000.0,89958000.0,0.43,243933000.0,0.19240986986680633,3288786000.0,1261055000.0,1808993000.0,683023000.0,2027731000.0,937136000.0,-328795000.0,2859607160.0,3905624160.0,12.400607711445232,2.6485096402317345,0.3295529110133648,0.8594621170369254,0.02666746453043936,12.400607711445232,0.03477405822902253,2.2556056028736893,16.302603986135182,2.267630801194238,0.0,1.0925255245770091,0.0,0.38548509997305996,1.229217756942299,0.013333795509954128,1642.5084204480183,0.19240986986680633,-0.04444444444444448,3.2866844872732446,0.13566364008620319,0.0,-0.010698743972324402,-0.05047311781391421,0.04829048873144242,3.2866844872732446,0.13566364008620319,0.0,Oil & Gas Equipment & Services,Energy,MRC
2013Q1,2013,Q1,2013-05-03,2013-03-31,46183000.0,1305100000.0,85814000.0,0.45,246571000.0,0.1889288177151176,3317595000.0,1230869000.0,1814789000.0,741966000.0,2086726000.0,955468000.0,-372647000.0,3211860490.0,4257509490.0,12.11377929120452,2.445919354795233,0.3234481604897524,0.8717987048174908,0.02416127319939327,12.11377929120452,0.037520645982635034,2.461007194850969,17.386595121581532,2.60942512160108,0.0,1.1078644182746047,0.0,0.39338737850762373,1.124234803212007,0.013920626236776942,18.947129137490634,0.1889288177151176,8.5,4.225045133879906,0.26361392327645466,0.0,-0.04542322224975223,8.169046879850978,-0.17549169380951007,4.225045133879906,0.26361392327645466,0.0,Oil & Gas Equipment & Services,Energy,MRC
2012Q4,2012,Q4,2013-02-22,2012-12-31,-6442000.0,1306733000.0,104079000.0,-0.06,258304000.0,0.19767159779388752,3369727000.0,1185922000.0,1850574000.0,650104000.0,2183805000.0,970228000.0,-418830000.0,2820170040.0,4039669040.0,11.681888926101776,2.8465814700417162,0.3729052828315172,1.059588235988539,0.026175563212417288,11.681888926101776,-0.005432060455915313,2.158183837096025,-109.44466159577773,2.37804007346183,0.0,1.0806006423232477,0.0,0.3877860135257248,1.323748200287954,-0.0019117275672480294,16.67575326103667,0.19767159779388752,-1.1111111111111112,0.6043934105092725,0.05022108026652429,0.430043080693889,-0.06816066493986248,-1.1159863884337697,-0.14858928527604853,0.6043934105092725,0.05022108026652429,0.430043080693889,Oil & Gas Equipment & Services,Energy,MRC
2012Q3,2012,Q3,2012-10-29,2012-09-30,55541000.0,1451114000.0,122243000.0,0.54,277198000.0,0.19102427514309697,3503242000.0,1187805000.0,2020003000.0,742539000.0,2315437000.0,1035861000.0,-412388000.0,2504773200.0,3735905200.0,11.703665385752291,2.7203998712525537,0.3619421667130047,1.0674908760276307,0.03221479506378687,11.703665385752291,0.04675935864893648,1.7261036693188818,11.274433301525,2.108741081238082,0.0,1.133275603580017,0.0,0.4142203136409075,1.3017215257380421,0.015854171650145778,23.577442674799503,0.19102427514309697,0.6875000000000001,5.418919896167361,0.17731985225725416,0.0,0.146962926183383,0.7730566640063847,0.3508857234421103,5.418919896167361,0.17731985225725416,0.0,Oil & Gas Equipment & Services,Energy,MRC
2012Q2,2012,Q2,2012-08-08,2012-06-30,31325000.0,1430379000.0,90491000.0,0.32,241680000.0,0.1689622121130134,3497152000.0,1117958000.0,2007641000.0,724547000.0,2379194000.0,1070837000.0,-467932000.0,2091887840.0,3407014840.0,11.372572556280073,2.770891329340954,0.3874930228940578,1.212140348742976,0.024021679804204187,11.372572556280073,0.02801983616558046,1.462471023414074,16.695034636871508,1.8711685412153232,0.0,1.1100653040565465,0.0,0.40901253362736306,1.268754131892065,0.008957288673755101,-27.77038870008496,0.1689622121130134,-0.2727272727272727,2.6897879447177213,0.3255066882512707,0.0,0.02163923892780298,-0.16542334949645654,0.0034820408751677257,2.6897879447177213,0.3255066882512707,0.0,Oil & Gas Equipment & Services,Energy,MRC
2012Q1,2012,Q1,2012-05-07,2012-03-31,37534000.0,1382632000.0,90177000.0,0.44,236561000.0,0.17109469475608838,3478458000.0,765021000.0,1970509000.0,795784000.0,2713437000.0,1022851000.0,-499257000.0,1776554480.0,3329681480.0,9.060257943792413,2.4761857488966856,0.4634122361115184,2.107079413506296,0.024280024531170997,9.060257943792413,0.04906270546821591,1.2849076833170359,11.83296797570203,2.3222296904267985,0.0,1.120467203923152,0.0,0.3974841725845188,1.1687342293888794,0.010790413453317533,128.2062841884968,0.17109469475608838,9.433103060937938,4.154117647058824,0.6109297410408234,0.0,0.2625879313841654,9.540297669194047,0.8074078528050027,4.154117647058824,0.6109297410408234,0.0,Oil & Gas Equipment & Services,Energy,MRC
2011Q4,2011,Q4,2012-03-05,2011-12-31,3561000.0,1306369000.0,49893000.0,0.042173454765091135,187362000.0,0.1434219581144378,3227687000.0,720862000.0,1747908000.0,673167000.0,2506825000.0,899064000.0,-536791000.0,1776554480.0,3257167480.0,8.537276312517024,2.596544393887401,0.47301364723407197,2.117936581481615,0.004544830440587871,8.537276312517024,0.004939919152348161,1.3599178180131342,124.72300477393989,2.4644862400847876,0.0,1.2446355320644582,0.0,0.4047384396318478,1.2439810626486445,0.0011032668285369679,-111.47358223003074,0.1434219581144378,-0.836581335431894,1.262920850561134,0.2623215517724521,0.045094076473197686,-0.06843471256824081,-0.837196543683994,-0.24906307852079287,1.262920850561134,0.2623215517724521,0.045094076473197686,Oil & Gas Equipment & Services,Energy,MRC
2011Q3,2011,Q3,2011-11-14,2011-09-30,21873000.0,1366202000.0,66441000.0,0.25807,201126000.0,0.14721541909615124,3267406000.0,718999000.0,1770986000.0,735125000.0,2548407000.0,862170000.0,-540367000.0,1776554480.0,3240698480.0,8.515212525314732,2.4090950518619283,0.46079091487253193,2.0940098664949462,0.019772177201910494,8.515212525314732,0.030421460947789913,1.3003600346068882,20.305336259315137,2.4708719761779916,0.0,1.3513297841492977,0.0,0.4181304680226455,1.2209352150994728,0.0066943012285586795,-41.957264182135944,0.14721541909615124,3.6756893865275218,3.091708903127092,0.33228859384370835,0.0,0.16461105513671265,3.675716117999145,0.32357862863062276,3.091708903127092,0.33228859384370835,0.0,Oil & Gas Equipment & Services,Energy,MRC
2011Q2,2011,Q2,2011-06-30,2011-06-30,4678000.0,1168039000.0,50198000.0,0.055194,172698000.0,0.14785293984190595,3157299000.0,708983000.0,1642977000.0,667725000.0,2448316000.0,852161000.0,-562240000.0,1776554480.0,3199485480.0,8.396591541622747,2.4605593620128046,0.4631705771293755,2.06262773578492,0.015119184737614108,8.396591541622747,0.006598183595375348,1.5209718853565677,94.94198802907225,2.5057786717029886,0.0,1.1680198929545005,0.0,0.3699488075092033,1.1644075030888466,0.0014816461792183761,-26.650182712789896,0.14785293984190595,5.131596676397934,1.2937888588833764,0.26014963777301886,0.0,0.17508811561857845,5.147163120567376,0.5611743484480936,1.2937888588833764,0.26014963777301886,0.0,Oil & Gas Equipment & Services,Energy,MRC
2011Q1,2011,Q1,2011-03-31,2011-03-31,-1128000.0,991813000.0,32154000.0,-0.013359,146966000.0,0.14817914264080023,2969504000.0,700580000.0,1460080000.0,611845000.0,2268924000.0,783554000.0,-566918000.0,1776554480.0,3067482480.0,8.29707355780049,2.3863560215414035,0.4488992101037749,1.9027206029290016,0.009810412253447288,8.29707355780049,-0.0016100944931342603,1.7912191915209823,-393.7399113475177,2.5358338519512404,0.0,1.078224347013735,0.0,0.33399955009321425,1.0893886523547631,-0.0003798614179337694,445.4750451354062,0.14817914264080023,0.9167163405936207,0.9052100840336134,0.15557940164188444,0.0,0.0932123330977796,0.9167158889545186,0.4664112737720618,0.9052100840336134,0.15557940164188444,0.0,Oil & Gas Equipment & Services,Energy,MRC
2010Q4,2010,Q4,2010-12-31,2010-12-31,-13544000.0,1034894000.0,21927000.0,-0.1604036145291756,134435000.0,0.1299021928815898,2991194000.0,689758000.0,1460775000.0,618215000.0,2301436000.0,765367000.0,-565790000.0,1776554480.0,3080593480.0,8.16890699574831,2.362891550674118,0.45474850511200543,1.9720554165373942,0.009701849453065802,8.16890699574831,-0.019635872291441345,1.7166535703173464,-32.792278499704665,2.575619971062314,0.0,1.1765061728556365,0.0,0.34598023398014305,1.1083506547075046,-0.004527957731929122,21.73261664179287,0.1299021928815898,-0.29520699048137655,0.0,0.0,0.0,-0.01710838969109852,-0.29520895094195276,0.047685030340675616,0.0,0.0,0.0,Oil & Gas Equipment & Services,Energy,MRC
2010Q3,2010,Q3,2010-09-30,2010-09-30,-10457000.0,1025455000.0,20929000.0,-0.123844,136775000.0,0.1333798167642656,,,,,,,,1776554480.0,,,0.0,0.0,0.0,0.0,,0.0,1.7324548419969672,-42.47285263459883,0.0,0.0,0.0,0.0,0.0,0.0,0.0,72.27936368444607,0.1333798167642656,0.3432744010436,0.0,0.0,0.0,0.16483563277124852,0.34327702066193555,1.8650239561943873,0.0,0.0,0.0,Oil & Gas Equipment & Services,Energy,MRC
2010Q2,2010,Q2,2010-06-30,2010-06-30,-15923000.0,926905000.0,7305000.0,-0.188578,117420000.0,0.1266796489392117,,,,,,,,1776554480.0,,,0.0,0.0,0.0,0.0,,0.0,1.9166521703950243,-27.8928983231803,0.0,0.0,0.0,0.0,0.0,0.0,0.0,-186.5540774965872,0.1266796489392117,-0.3380684438704916,0.0,0.0,0.0,-0.09308576371725161,-0.3380672268907563,-0.6583894500561167,0.0,0.0,0.0,Oil & Gas Equipment & Services,Energy,MRC
2010Q1,2010,Q1,2010-03-31,2010-03-31,-11900000.0,858282000.0,21384000.0,-0.140933,129472000.0,0.15085018676845138,,,,,,,,1776554480.0,,,0.0,0.0,0.0,0.0,,0.0,2.069896001547277,-37.3225731092437,0.0,0.0,0.0,0.0,0.0,0.0,0.0,1316.9417939214234,0.15085018676845138,0.0,0.0,0.0,0.0,0.0,0.0,0.0,0.0,0.0,0.0,Oil & Gas Equipment & Services,Energy,MRC
