Year,Date,FillingDate,NetIncome,Revenue,OperatingIncome,EPSDiluted,GrossProfit,GrossProfitRatio,TotalAssets,CommonStockEquity,CurrentAssets,CurrentLiability,TotalLiability,Inventory,RetainedEarnings,EnterpriseValue,bookValuePerShare,currentRatio,debtToAssets,debtToEquity,roic,shareholdersEquityPerShare,roe,priceToSalesRatio,peRatio,pbRatio,payoutRatio,inventoryTurnover,dividendYield,assetTurnover,quickRatio,returnOnAssets,priceToFreeCashFlowsRatio,grossProfitMargin,epsdilutedGrowth,fiveYNetIncomeGrowthPerShare,fiveYRevenueGrowthPerShare,fiveYShareholdersEquityGrowthPerShare,grossProfitGrowth,netIncomeGrowth,operatingIncomeGrowth,threeYNetIncomeGrowthPerShare,threeYRevenueGrowthPerShare,threeYShareholdersEquityGrowthPerShare,Industry,Sector,Price,MarketCap,AvgVolume,Symbol
2022,2022-12-31,2022-12-31,-10208000.0,91858000.0,-13784000.0,0.0,14452000.0,0.1573297916,97651000.0,39141000.0,52258000.0,37627000.0,42962000.0,1791000.0,-85586000.0,-9930000.0,0.0,1.3888431179737954,0.10378797964178554,0.2589356429319639,-0.2791628945775389,0.0,-0.2608006949234818,0.0,0.0,0.0,-0.4100705329153605,43.219430485762146,,0.9406764907681437,1.336327637069126,-0.10453553983062129,0.0,0.15732979163491476,-1.0,1.0,-1.0,-1.0,2.0102062070402,-3.522985664854177,-0.6817959980478282,1.0,-1.0,-1.0,Medical Devices,Healthcare,4.65,7912621,78647,MDGS
2021,2021-12-31,2021-12-31,4046000.0,10118000.0,-8196000.0,2.63,4801000.0,0.4745008895,59730000.0,49190000.0,31654000.0,6639000.0,8297000.0,1227000.0,-74188000.0,626995.0,32.03030735160343,4.767886729929206,0.02705508119872761,0.032852205732872536,-0.1572389340160392,32.03030735160343,0.08225249034356577,2.2767340383474997,5.693523232822541,0.46830646472860343,0.0,4.333333333333333,0.0,0.1693956135945086,4.372797107998193,0.0677381550309727,-2.2162781412353283,0.4745008895038545,1.170779220779221,1.0033538368839827,-0.862399962732593,-0.8745269886937188,10.544731610337973,1.5906569343065693,-0.10996749729144095,1.0558858401875786,1.114931974300268,-0.4451093183648451,Medical Devices,Healthcare,4.65,7912621,78647,MDGS
2020,2020-12-31,2020-12-31,-6850000.0,531000.0,-7384000.0,-15.4,-503000.0,-0.9472693032,32335000.0,22961000.0,24045000.0,3514000.0,6141000.0,243000.0,-80982000.0,-9512480.0,51.62095323741007,6.842629482071713,0.00330910777794959,0.004660075780671574,-0.3190383762349196,51.62095323741007,-0.29833195418318015,23.99909604519774,-1.8603678832116788,0.5550071860981665,0.0,4.255144032921811,0.0,0.016421833926086284,6.436539556061469,-0.21184475027060462,-1.9705458481521572,-0.9472693032015066,0.7171197648787656,0.9846121105236605,-0.9817296660107758,-0.9519555759217347,-1.7637362637362637,0.5168571025532516,0.4879334257975035,0.7464870196180973,-0.8929035545653413,-0.607573972803249,Medical Devices,Healthcare,4.65,7912621,78647,MDGS
2019,2019-12-31,2019-12-31,-14178000.0,273000.0,-14420000.0,-54.44,-182000.0,-0.6666666667,13334000.0,6707000.0,8279000.0,3365000.0,5203000.0,900000.0,-76657000.0,-87220.69999999925,25.755242633816284,2.460326894502229,0.011399430028498575,0.0226628895184136,-2.056622878766603,25.755242633816284,-2.1139108394215,24.896627472527474,-0.4793891451544647,1.0133859102430298,0.0,0.5055555555555555,0.0,0.02047397630118494,2.112630014858841,-1.0632968351582421,-2.46528084874864,-0.6666666666666666,-0.1548078811761139,0.9455991636285902,-0.9839558493837283,-0.9760291950896997,-0.06432748538011696,-1.1488329796908154,-1.1612709832134294,0.930691885214243,-0.9781052707386054,-0.8991084345612103,Medical Devices,Healthcare,4.65,7912621,78647,MDGS
2018,2018-12-31,2019-03-28,-6598000.0,436000.0,-6672000.0,-47.14204058302372,-171000.0,-0.3922018348623853,11239000.0,8079000.0,11134000.0,1362000.0,3160000.0,81000.0,-62479000.0,-5166560.0,57.72363532437839,8.17474302496329,0.0,0.0,-0.8283557124836448,57.72363532437839,-0.8166852333209556,12.519357798165137,-0.8272870566838436,0.6756331229112514,0.0,7.493827160493828,0.0,0.03879348696503248,7.87151248164464,-0.5870629059524869,-1.2894968107725018,-0.3922018348623853,0.19923362891783278,0.9528955819374645,-0.9523240561674414,-0.9462757147837064,-2.489795918367347,-1.5925343811394892,-0.09233791748526522,0.9528955819374645,-0.9523240561674414,-0.9462757147837064,Medical Devices,Healthcare,4.65,7912621,78647,MDGS
2017,2017-12-31,2018-03-22,-2545000.0,467000.0,-6108000.0,-58.871154291001616,-49000.0,-0.10492505353319058,7210000.0,5511000.0,6814000.0,957000.0,1699000.0,180000.0,-55881000.0,490084.0,131.54314357321877,7.120167189132706,0.0,0.0,-1.1052887101260573,131.54314357321877,-0.46180366539647977,7.105104925053533,-1.303765815324165,0.6020838323353294,0.0,2.8666666666666667,0.0,0.06477115117891817,3.0417972831765936,-0.35298196948682387,-0.7074805970149254,-0.10492505353319058,0.9250586175882616,0.9393013744181516,-0.829402984244037,-0.8775707502851811,-1.1313672922252012,0.7174419895636727,0.3281267187328127,0.9393013744181516,-0.829402984244037,-0.8775707502851811,Medical Devices,Healthcare,4.65,7912621,78647,MDGS
2016,2016-12-31,2017-03-31,-9007000.0,549000.0,-9091000.0,-785.5626944210252,373000.0,0.6794171220400729,4724000.0,2927000.0,3586000.0,1334000.0,1797000.0,198000.0,-53336000.0,886661.96,255.27646956218385,2.6881559220389803,0.0,0.0,-3.1155959205271624,255.27646956218385,-3.077212162623847,7.081351475409836,-0.4316267303208616,1.3282070242569184,0.0,0.8888888888888888,0.0,0.11621507197290432,2.3193403298350823,-1.9066469093988145,-0.41789336343115124,0.6794171220400729,0.215091860489143,0.2150870566949935,-0.2672140210218864,-0.7624102192680995,0.08418851824329757,0.04985094933116497,0.04334232639636346,0.2150870566949935,-0.2672140210218864,-0.7624102192680995,Medical Devices,Healthcare,4.65,7912621,78647,MDGS
2015,2015-12-31,2016-03-30,-9479565.330997,618906.359673,-9502876.787425,-1000.8339254967799,344036.10970200005,0.5558774834431689,12135790.514543,10177115.834883,11871423.228457,1852364.191554,1958674.67966,304073.612968,-42732973.670863,4922957.371328,1074.4421278381546,6.408795463972845,0.0,0.0,-0.9404588911793325,1074.4421278381546,-0.9314589206604996,24.609499905684125,-1.6067167078005784,1.496590610455118,0.0,0.9039595619233384,0.0,0.05099843796177346,5.755773751900553,-0.7811246675391358,-2.1745502074522873,0.5558774834431689,0.0,0.0,0.0,0.0,0.0,0.0,0.0,0.0,0.0,0.0,Medical Devices,Healthcare,4.65,7912621,78647,MDGS
TTM,,,,,,,,,,,,,,,,-2017379.0,0.0,1.3888431179737954,0.10378797964178554,0.2589356429319639,-0.2791628945775389,0.0,-0.23113063363937916,0.0861397047616974,0.0,0.0,-0.4100705329153605,43.219430485762146,0.18279569892473116,0.9406764907681437,1.336327637069126,-0.10453553983062129,-1.3809111692844676,0.15732979163491476,,,,,,,,,,,Medical Devices,Healthcare,4.65,7912621,78647,MDGS
