Quarters,Year,Quarter,FillingDate,Date,NetIncome,Revenue,OperatingIncome,EPSDiluted,GrossProfit,GrossProfitRatio,TotalAssets,CommonStockEquity,CurrentAssets,CurrentLiability,TotalLiability,Inventory,RetainedEarnings,MarketCap,EnterpriseValue,bookValuePerShare,currentRatio,debtToAssets,debtToEquity,roic,shareholdersEquityPerShare,roe,priceToSalesRatio,peRatio,pbRatio,payoutRatio,inventoryTurnover,dividendYield,assetTurnover,quickRatio,returnOnAssets,priceToFreeCashFlowsRatio,grossProfitMargin,epsdilutedGrowth,fiveYNetIncomeGrowthPerShare,fiveYRevenueGrowthPerShare,fiveYShareholdersEquityGrowthPerShare,grossProfitGrowth,netIncomeGrowth,operatingIncomeGrowth,threeYNetIncomeGrowthPerShare,threeYRevenueGrowthPerShare,threeYShareholdersEquityGrowthPerShare,Industry,Sector,Symbol
2018Q4,2018,Q4,2018-12-31,2018-12-31,-839000.0,98000.0,-1579000.0,0.0,7000.0,0.0714285714,,,,,,,,0.0,,0.0,0.0,0.0,0.0,0.0,0.0,0.0,0.0,0.0,0.0,0.0,0.0,,0.0,0.0,0.0,0.0,0.07142857142857142,1.0,0.0,0.0,0.0,1.0777777777777777,0.7623229461756373,0.4402694080113435,0.0,0.0,0.0,Medical Devices,Healthcare,MDGS
2018Q3,2018,Q3,2018-09-30,2018-09-30,-3530000.0,217000.0,-2821000.0,-20.01,-90000.0,-0.4147465438,,,,,,,,9234540.0,,,0.0,0.0,0.0,0.0,,0.0,42.55548387096774,-0.6540042492917847,0.0,0.0,0.0,0.0,0.0,0.0,0.0,-12.564,-0.4147465437788018,-0.1135225375626045,0.0,0.0,0.0,-0.25,-2.072236727589208,-1.51875,0.0,0.0,0.0,Medical Devices,Healthcare,MDGS
2018Q2,2018,Q2,2018-06-30,2018-06-30,-1149000.0,54000.0,-1120000.0,-17.97,-72000.0,-1.3333333333,,,,,,,,4756392.0,,,0.0,0.0,0.0,0.0,,0.0,88.08133333333333,-1.0348981723237598,0.0,0.0,0.0,0.0,0.0,0.0,0.0,-4.934016597510373,-1.3333333333333333,-0.06394316163410292,0.0,0.0,0.0,-3.5,-0.06388888888888888,0.027777777777777776,0.0,0.0,0.0,Medical Devices,Healthcare,MDGS
2018Q1,2018,Q1,2018-03-31,2018-03-31,-1080000.0,67000.0,-1152000.0,-16.89,-16000.0,-0.2388059701,,,,,,,,4756317.600000001,,,0.0,0.0,0.0,0.0,,0.0,70.98981492537314,-1.1009994444444444,0.0,0.0,0.0,0.0,0.0,0.0,0.0,-3.6197242009132427,-0.23880597014925373,0.0,0.0,0.0,0.0,-1.2,-50.09090909090909,0.08932806324110672,0.0,0.0,0.0,Medical Devices,Healthcare,MDGS
2017Q4,2017,Q4,2017-12-31,2017-12-31,22000.0,154000.0,-1265000.0,0.0,80000.0,0.5194805195,,,,,,,,0.0,,0.0,0.0,0.0,0.0,0.0,0.0,0.0,0.0,0.0,0.0,0.0,0.0,,0.0,0.0,0.0,0.0,0.5194805194805194,0.0,0.0,0.0,0.0,0.0,0.0,0.0,0.0,0.0,0.0,Medical Devices,Healthcare,MDGS
2023Q1,2023,Q1,2023-04-13,2023-04-13,,,,,,,0.0,0.0,0.0,0.0,0.0,0.0,0.0,0.0,0.0,0.0,0.0,0.0,0.0,0.0,0.0,0.0,0.0,0.0,0.0,0.0,0.0,,0.0,0.0,0.0,0.0,0.0,0.0,1.0,-1.0,0.0,0.0,0.0,0.0,0.0,0.0,0.0,Medical Devices,Healthcare,MDGS
2022Q4,2022,Q4,2023-01-09,2022-12-31,,,,,,,97651000.0,39141000.0,52258000.0,37627000.0,42962000.0,1791000.0,-85586000.0,0.0,-9930000.0,0.0,1.3888431179737954,0.10378797964178554,0.2589356429319639,,0.0,,0.0,0.0,0.0,0.0,,,,1.336327637069126,,0.0,0.0,0.0,0.0,0.0,0.0,0.0,0.0,0.0,0.0,0.0,0.0,Medical Devices,Healthcare,MDGS
2022Q3,2022,Q3,2022-11-14,2022-11-11,,,,,,,0.0,0.0,0.0,0.0,0.0,0.0,0.0,0.0,0.0,0.0,0.0,0.0,0.0,0.0,0.0,0.0,0.0,0.0,0.0,0.0,0.0,,0.0,0.0,0.0,0.0,0.0,0.0,1.0,-1.0,0.0,0.0,0.0,0.0,0.0,0.0,0.0,Medical Devices,Healthcare,MDGS
2022Q2,2022,Q2,2022-06-30,2022-06-30,,,,,,,94314000.0,45142000.0,45958000.0,33177000.0,41125000.0,1831000.0,-77778000.0,0.0,-7581000.0,0.0,1.3852367604063056,0.15437792904552877,0.32253776970448805,,0.0,,0.0,0.0,0.0,0.0,,,,1.245350694758417,,0.0,0.0,0.0,1.0,-1.0,0.0,0.0,0.0,0.0,0.0,0.0,0.0,Medical Devices,Healthcare,MDGS
