Quarters,Year,Quarter,FillingDate,Date,NetIncome,Revenue,OperatingIncome,EPSDiluted,GrossProfit,GrossProfitRatio,TotalAssets,CommonStockEquity,CurrentAssets,CurrentLiability,TotalLiability,Inventory,RetainedEarnings,MarketCap,EnterpriseValue,bookValuePerShare,currentRatio,debtToAssets,debtToEquity,roic,shareholdersEquityPerShare,roe,priceToSalesRatio,peRatio,pbRatio,payoutRatio,inventoryTurnover,dividendYield,assetTurnover,quickRatio,returnOnAssets,priceToFreeCashFlowsRatio,grossProfitMargin,epsdilutedGrowth,fiveYNetIncomeGrowthPerShare,fiveYRevenueGrowthPerShare,fiveYShareholdersEquityGrowthPerShare,grossProfitGrowth,netIncomeGrowth,operatingIncomeGrowth,threeYNetIncomeGrowthPerShare,threeYRevenueGrowthPerShare,threeYShareholdersEquityGrowthPerShare,Industry,Sector,Symbol
2023Q1,2023,Q1,2023-05-09,2023-03-31,-10962000.0,5505000.0,-55472000.0,-0.16,2089000.0,0.3794732062,332390000.0,302510000.0,246460000.0,51691000.0,85659000.0,0.0,-193054000.0,633429996.12,415265996.12,4.3411520086571045,4.76794799868449,0.0,0.0,-0.05644843589872624,4.3411520086571045,-0.03623681861756636,115.0644861253406,-14.446040779967158,2.0939142379425473,0.0,0.0,0.0,0.016561870092361382,4.626646805053104,-0.03297933150816811,-14.565627210264902,0.37947320617620345,-1.1185185185185185,-1.367530475801411,0.4092324057710818,0.0,1.5663390663390664,-1.1601016518424396,0.17676565305789294,-1.367530475801411,0.4092324057710818,0.0,Utilities—Renewable,Utilities,SMR
2022Q4,2022,Q4,2023-03-16,2022-12-31,68469000.0,3438000.0,-67383000.0,1.35,814000.0,0.2367655614,348635000.0,296771000.0,284415000.0,38557000.0,71548000.0,0.0,-182092000.0,520837039.44,304720039.44,5.8461096838923385,7.376481572736468,0.0044975404075896,0.005283535116301795,0.32599260443337563,5.8461096838923385,0.23071324354468598,151.49419413612566,1.9017257424527887,1.755013257494836,0.0,0.0,0.0,0.00986131627633485,7.233031615530254,0.19639164168829865,-11.712362307225257,0.2367655613728912,6.869565217391305,9.077334680939025,9.625404676581406,0.0,-0.4279690794096978,7.394788456150182,-0.01944083028230809,9.077334680939025,9.625404676581406,0.0,Utilities—Renewable,Utilities,SMR
2022Q3,2022,Q3,2022-11-14,2022-09-30,-10707000.0,3172000.0,-66098000.0,-0.23,1423000.0,0.4486128625,404243000.0,102762000.0,347850000.0,42421000.0,84758000.0,0.0,-169478000.0,542157135.84,273549135.84000003,2.2138603011105946,8.199948138893472,0.0,0.0,-0.13876479490590388,2.2138603011105946,-0.10419221112862731,170.9196519041614,-12.65894124964976,5.275852317393589,0.0,0.0,0.0,0.007846765435641433,8.048419414912425,-0.02648654398468248,-13.27547530154999,0.44861286254728877,0.07999999999999996,-0.20255932626343962,9.035367880795828,0.0,0.4089108910891089,-0.032,-0.2550412030532032,-0.20255932626343962,9.035367880795828,0.0,Utilities—Renewable,Utilities,SMR
2022Q2,2022,Q2,2022-08-12,2022-06-30,-10375000.0,2749000.0,-52666000.0,-0.25,1010000.0,0.3674063296,407231000.0,62630000.0,373494000.0,30439000.0,75493000.0,0.0,-158771000.0,419863126.59000003,69040126.59000003,1.4901849206943476,12.270245408850489,0.0,0.0,-0.40806404250720707,1.4901849206943476,-0.1656554366916813,152.7330398654056,-10.117183773253013,6.70386598419288,0.0,0.0,0.0,0.006750468407365844,12.018266040277275,-0.025476940606191573,-13.416300578047613,0.3674063295743907,-2.765060240963855,-0.3722601703167809,6.668818450976477,0.0,-0.18548387096774194,-2.580055210489993,-0.2011038131727787,-0.3722601703167809,6.668818450976477,0.0,Utilities—Renewable,Utilities,SMR
2022Q1,2022,Q1,2022-04-29,2022-03-31,-2898000.0,2445000.0,-43848000.0,-0.0664,1240000.0,0.5071574642,,,,,,,,456652232.88000005,,,0.0,0.0,0.0,0.0,,0.0,186.76982939877303,-39.393739896480334,0.0,0.0,0.0,0.0,0.0,0.0,0.0,-13.298742876113927,0.5071574642126789,0.44666666666666666,0.0,0.0,0.0,1.1908127208480566,0.424428997020854,0.14122877455492666,0.0,0.0,0.0,Utilities—Renewable,Utilities,SMR
2021Q4,2021,Q4,2022-03-10,2021-12-31,-5035000.0,1529000.0,-51059000.0,-0.12,566000.0,0.370176586,121197000.0,0.0,86074000.0,48408000.0,52799000.0,0.0,-781620000.0,437461499.11999995,375848499.11999995,0.0,1.7780945298297801,0.12773418483955873,0.0,-0.5417006288297715,0.0,0.0,286.109548149117,-21.72102776166832,0.0,0.0,0.0,0.0,0.012615823824022047,1.6924268715914725,-0.04154393260559255,-16.72764985928418,0.3701765860039241,0.368421052631579,0.3086640120829328,4.5,0.0,3.0141843971631204,0.3981592158737748,-0.11394973383366785,0.3086640120829328,4.5,0.0,Utilities—Renewable,Utilities,SMR
2021Q3,2021,Q3,2021-11-08,2021-09-30,-8366000.0,297000.0,-45836000.0,-0.19,141000.0,0.4747474747,156160000.0,0.0,121413000.0,56031000.0,61208000.0,0.0,-753573000.0,379016991.76,290334991.76,0.0,2.166889757455694,0.08923539959016394,0.0,-1.015388596660313,0.0,0.0,1276.1514874074073,-11.32611139612718,0.0,0.0,0.0,0.0,0.0019018954918032787,2.101336760007853,-0.05357325819672131,-15.893696974881536,0.47474747474747475,-0.05555555555555561,0.0,0.0,0.0,0.11023622047244094,-0.0662758093295947,-0.11942558491671958,0.0,0.0,0.0,Utilities—Renewable,Utilities,SMR
2021Q2,2021,Q2,2021-08-13,2021-06-30,-7846000.0,372000.0,-40946000.0,-0.18,127000.0,0.3413978495,,,,,,,,436589193.03999996,,,0.0,0.0,0.0,0.0,,0.0,1173.6268630107527,-13.911202939077237,0.0,,0.0,,0.0,0.0,0.0,0.0,0.34139784946236557,0.0,0.0,0.0,0.0,0.0,0.0,0.0,0.0,0.0,0.0,Utilities—Renewable,Utilities,SMR
2020Q4,2020,Q4,2021-03-31,2020-12-31,-7283000.0,278000.0,-42877000.0,-0.17,90000.0,0.3237410072,47057000.0,0.0,11630000.0,70544000.0,74056000.0,0.0,-679127000.0,441386876.47999996,472015876.47999996,0.0,0.16486164663188932,0.7542554773997492,0.0,-0.3358622186732279,0.0,0.0,1587.7225772661868,-15.151272706302347,0.0,0.0,0.0,0.0,0.005907728924495825,0.10849965978679972,-0.15476974732770896,-18.86429936233866,0.3237410071942446,0.0,0.0,0.0,0.0,0.0,0.0,0.0,0.0,0.0,0.0,Utilities—Renewable,Utilities,SMR
