Quarters,Year,Quarter,FillingDate,Date,NetIncome,Revenue,OperatingIncome,EPSDiluted,GrossProfit,GrossProfitRatio,TotalAssets,CommonStockEquity,CurrentAssets,CurrentLiability,TotalLiability,Inventory,RetainedEarnings,MarketCap,EnterpriseValue,bookValuePerShare,currentRatio,debtToAssets,debtToEquity,roic,shareholdersEquityPerShare,roe,priceToSalesRatio,peRatio,pbRatio,payoutRatio,inventoryTurnover,dividendYield,assetTurnover,quickRatio,returnOnAssets,priceToFreeCashFlowsRatio,grossProfitMargin,epsdilutedGrowth,fiveYNetIncomeGrowthPerShare,fiveYRevenueGrowthPerShare,fiveYShareholdersEquityGrowthPerShare,grossProfitGrowth,netIncomeGrowth,operatingIncomeGrowth,threeYNetIncomeGrowthPerShare,threeYRevenueGrowthPerShare,threeYShareholdersEquityGrowthPerShare,Industry,Sector,Symbol
2023Q1,2023,Q1,2023-03-31,2023-03-31,-1674229.0,2459958.0,100875.0,-0.0308,1086568.0,0.4417018502,11528898.0,9994995.0,7887335.0,1522139.0,1533903.0,4084472.0,-21968127.0,15209624.080000002,12719603.080000002,0.1840018257703053,5.181744242805683,0.010740922506210048,0.012389300845072958,0.020959905752528058,0.1840018257703053,-0.16750673712192954,6.182879577618806,-2.2711385479525203,1.5217240308774542,0.0,0.33624664338499566,0.0,0.213373212253244,2.386157900165491,-0.14522021098634058,-156.32964765859475,0.4417018501941903,-3.0000000000000004,-4.180968708627101,-0.1540357688284481,0.1845732222737944,0.04212951329411246,-2.9832625929062897,1.1489609283053082,-2.1329078270906376,-0.6214781771548086,-0.34040082275336014,Railroads,Industrials,KIQ
2022Q4,2022,Q4,2022-12-31,2022-12-31,-420316.0,2389477.0,-677191.0,-0.0077,1042642.0,0.4363473681,12147143.0,10781672.0,8331389.0,1330821.0,1365471.0,4144196.0,-21181450.0,16296025.799999999,13730296.799999999,0.19848407456497769,6.260337791483603,0.012078313394351248,0.013608000688575947,-0.08653756957736138,0.19848407456497769,-0.038984305959224134,6.819913227873714,-9.692722737178693,1.5114562750564104,0.0,0.32499307465187455,0.0,0.19671102908725122,3.076615863440688,-0.03460204592964782,-319.9502444387725,0.4363473680642249,-0.14925373134328357,0.8432116534705226,0.08611724483427588,0.23888028312654036,-0.10456639004327554,-0.1626291069423161,-0.8548198018066382,-1.2937463635971718,-0.6087343160072199,-0.20959946807510094,Railroads,Industrials,KIQ
2022Q3,2022,Q3,2022-09-30,2022-09-30,-361522.0,2708364.0,-365098.0,-0.0067,1164399.0,0.4299270704,12439128.0,11120012.0,8861202.0,968036.0,1319116.0,4463182.0,-20761134.0,16296025.799999999,13658481.799999999,0.2047127097700103,9.15379386717023,0.014128964666976657,0.015805018915447215,-0.03243659402238838,0.2047127097700103,-0.032510936139277545,6.0169260114223935,-11.269041579765545,1.4654683646024842,0.0,0.3459336858770268,0.0,0.21772940997150284,4.342370531674442,-0.029063291253213247,32.896874034806515,0.42992707036424943,0.30208333333333326,0.7376263373525177,1.019928414106314,0.042305852697892804,-0.08571399406859978,0.3040198828360378,-6.50070058608169,-1.4132295707527007,-0.579725403383171,-0.06810503537394279,Railroads,Industrials,KIQ
2022Q2,2022,Q2,2022-06-30,2022-06-30,-519443.0,2869496.0,66373.0,-0.0096,1273561.0,0.4438274178,12764081.0,11481534.0,9128030.0,908389.0,1282547.0,4686704.0,-20399612.0,17067371.021199998,14930389.021199998,0.21136811160424157,10.04859151751067,0.015577306348964724,0.01731737239989012,0.006002155883526952,0.21136811160424157,-0.045241602733572014,5.947863674038924,-8.214265579283962,1.4865061603440795,0.0,0.34052395884186415,0.0,0.22481023114785936,4.513867957449947,-0.040695683457351924,-45.846630602974706,0.44382741777650153,-96.99999999999999,0.5034804158453928,0.7171086629967969,-0.06700072001879086,-0.10839656285310635,-85.46227642276423,1.5800720141231581,-2.8725384941048184,-0.373476034558755,0.04977370441558966,Railroads,Industrials,KIQ
2022Q1,2022,Q1,2022-03-31,2022-03-31,6150.0,2963851.0,-114422.0,0.0001,1428394.0,0.481938532,13489643.0,12000977.0,9937285.0,1091656.0,1488666.0,5543296.0,-19880169.0,25530440.419999998,22969364.419999998,0.22093074373998597,9.10294543335996,0.016433496423886088,0.018471996071653167,0.0010445436271681926,0.22093074373998597,0.000512458277355252,8.613941935677602,1037.822781300813,2.127363498821804,0.0,0.2769935071120142,0.0,0.21971307913782448,3.8087566046446866,0.0004559053193624175,-38.64799507712057,0.4819385319977286,1.0046728971962617,1.011644776365073,0.6221764182454727,-0.10357743612323544,0.5050935682373767,1.005437800405315,0.9504626993936743,-0.9951045254089411,-0.5464228046568743,0.12582126800427584,Railroads,Industrials,KIQ
2021Q4,2021,Q4,2021-12-31,2021-12-31,-1130972.0,1996617.0,-2309815.0,-0.0214,949040.0,0.4753240106,13728510.0,12055113.0,9880521.0,1210356.0,1673397.0,5534558.0,-19826033.0,22807998.4714,19718247.4714,0.2352565396314077,8.163318065098203,0.020957336229496137,0.023866470600482966,-0.18707976388739864,0.2352565396314077,-0.09381678960620278,11.42332178449848,-5.041680623260346,1.8919771611763407,0.0,0.18927925229078818,0.0,0.14543581204369593,3.457224981740909,-0.08238126351657973,48.3072928415907,0.4753240105638688,-1.6097560975609753,-1.6655771585434034,-0.03519973260051496,-0.0711199473878036,0.12359630377259086,-1.610371115793944,-6.241957178106845,-3.8650723845660067,-0.5462575785268708,0.40167277684466196,Railroads,Industrials,KIQ
2021Q3,2021,Q3,2021-09-30,2021-09-30,-433261.0,2093252.0,-318949.0,-0.0082,844645.0,0.4035085121,15493394.0,14017652.0,10394182.0,1253453.0,1475742.0,5717310.0,-18695062.0,32282720.82,29407869.82,0.2735556525498584,8.292438567700584,0.020872121369920626,0.023069484104755917,-0.02274741965120612,0.2735556525498584,-0.030908243406242358,15.422281130031166,-18.62775602927566,2.3030048698598025,0.0,0.2183906417528523,0.0,0.13510609747612434,3.551901028598599,-0.027964240759642465,-45.473168190058445,0.40350851211416494,-0.06493506493506498,0.5565998333214676,-0.01108060460253499,0.07104389787453727,-0.11023689233660454,-0.09903353457460301,-0.03918246596051778,-2.520064409030903,-0.4495205544348081,0.7200260856742365,Railroads,Industrials,KIQ
2021Q2,2021,Q2,2021-06-30,2021-06-30,-394220.0,2115352.0,-306923.0,-0.0077,949292.0,0.4487631373,15744153.0,14450914.0,10915148.0,1209509.0,1293239.0,5740850.0,-18261800.0,33794430.883,29948783.883,0.2920591944918654,9.024445456792797,0.006766511987021467,0.007372059649652611,-0.03101971885267025,0.2920591944918654,-0.02727993537294596,15.975795462410039,-21.431200143955152,2.338567019567067,0.0,0.2031162632711184,0.0,0.13435794227863512,4.046465962634424,-0.02503913675127522,-57.35997257639639,0.4487631372934623,0.45774647887323944,0.3048073766096814,-0.16573974975045372,0.083426280361197,1.0931784255055488,0.4913008076577152,0.6280933853083055,-1.2962141715461553,-0.20764644505904953,0.9204228241364207,Railroads,Industrials,KIQ
2021Q1,2021,Q1,2021-03-31,2021-03-31,-774957.0,1220487.0,-825269.0,-0.0142,453517.0,0.3715869157,15806499.0,14830136.0,11065791.0,885741.0,976363.0,5659758.0,-17867578.0,55812146.129999995,51412798.129999995,0.31088679298561134,12.49325818721274,0.00780546027301808,0.008319343801027853,-0.05301637680564538,0.31088679298561134,-0.052255555849251824,45.729406482822014,-18.004917088948158,3.7634278020107166,0.0,0.13551286115060043,0.0,0.07721425218829293,5.835965592650673,-0.04902774485355676,-49.48968979022889,0.3715869157147925,0.5954415954415954,-1.0996950911042036,-0.3903281789113895,0.10488754697906605,-0.08179697844581489,0.5318131015025103,0.4175469427652915,-1.7308088553511474,-0.5220581566029601,1.0014375867609666,Railroads,Industrials,KIQ
2020Q4,2020,Q4,2020-12-31,2020-12-31,-1655230.0,1394958.0,-1416885.0,-0.0351,493918.0,0.3540737427,12016515.0,10960923.0,7209979.0,958086.0,1055592.0,5462532.0,-17067466.0,25707696.87,24807896.87,0.23237021446176714,7.525398555035769,0.012420323196866978,0.013616462774166008,-0.13663223367294694,0.23237021446176714,-0.1510119175182601,18.429011389590226,-3.882798292382328,2.3453952618771248,0.0,0.16494914812398354,0.0,0.11608673563008909,1.6540352327452859,-0.13774626004294924,-20.537503571017716,0.3540737427220031,-1.5071428571428571,0.2848219262599822,-0.5518507825552368,-0.20520811952898843,-0.17783651877473974,-1.42870788684821,-1.371208812173974,0.2889666232037894,-0.2698219601293373,0.4503877840754732,Railroads,Industrials,KIQ
2020Q3,2020,Q3,2020-09-30,2020-09-30,-681527.0,1586206.0,-597537.0,-0.014,600754.0,0.3787364315,13598710.0,12320115.0,9145868.0,1202203.0,1278595.0,5997266.0,-15412236.0,25825622.085,23670962.085,0.2611849170679909,7.607590398626521,0.0111462043090852,0.012302969574553485,-0.04582921777286725,0.2611849170679909,-0.05531823363661784,16.281379647410237,-9.473440555179765,2.09621599189618,0.0,0.16431687372212606,0.0,0.11664385813066093,2.3673689052514426,-0.05011703315976295,-25.624368296400075,0.37873643145972213,-1.6923076923076925,0.005245240980010764,-0.6497089922910514,-0.25855394091229467,-0.4517067026869159,-1.6786635118776236,-5.626415303576379,0.4304100029684945,0.3623299833693602,0.329837155700931,Railroads,Industrials,KIQ
2020Q2,2020,Q2,2020-06-30,2020-06-30,-254428.0,2524538.0,-90175.0,-0.0052,1095680.0,0.4340120846,14433161.0,12904142.0,10133681.0,1427334.0,1529019.0,5030404.0,-14730709.0,30839802.226800002,27660832.226800002,0.273566217369203,7.099726483079643,0.01353369507899205,0.015137310175291003,-0.01516858184386728,0.273566217369203,-0.01971677001074539,12.21601822860262,-30.30307417697738,2.389914976664082,0.0,0.2840443829163622,0.0,0.17491234248686063,3.3456359898944465,-0.01762801648232151,-26.490192146861745,0.4340120845873582,-1.1733333333333331,-3.3297849865263367,-0.4715361566938912,-0.24262605852992142,-0.5789612830982744,-1.1982615065125322,-1.073892311839896,0.7199360758163307,0.7396739028802383,0.20754773222626194,Railroads,Industrials,KIQ
2020Q1,2020,Q1,2020-03-31,2020-03-31,1283295.0,5643428.0,1220357.0,0.03,2602326.0,0.4611250467,16134478.0,13158570.0,11944836.0,2906638.0,2975908.0,4289112.0,-14476281.0,25877509.1796,21456520.1796,0.27896005955978115,4.109502456102205,0.009647290727347982,0.011829096930745514,0.09504230586227243,0.27896005955978115,0.09752541499570241,4.585423820344656,5.0412237988147695,1.9665897722624877,0.0,0.7090283489915862,0.0,0.3497744395573256,2.5726089729784034,0.07953743529849555,174.58968944332372,0.461125046691479,0.14068441064638776,2.743038598060099,-0.21222798303225235,-0.2774109936138679,0.019226581483262808,0.032801411304925886,0.30990611150050934,3.798184326405954,2.5569559457065556,0.13187548087059112,Railroads,Industrials,KIQ
2019Q4,2019,Q4,2019-12-31,2019-12-31,1242538.0,5303192.0,931637.0,0.0263,2553236.0,0.4814526798,13731571.0,11845275.0,9733618.0,1795745.0,1886296.0,3394192.0,-15759576.0,34108692.078999996,29867391.078999996,0.2511183463928095,5.420378728605677,0.012885270010255927,0.014937179592706797,0.13140128088403105,0.2511183463928095,0.10489735358613456,6.4317286794443795,6.862706025690965,2.8795188021384055,0.0,0.8101945912311384,0.0,0.386204317044277,3.476439583571164,0.09048767981464029,12.413145438803866,0.4814526798200027,0.315,0.5774146603487685,-0.2398623488551417,-0.30937986512912014,-0.009059687283021402,0.6355360511140391,-0.05252211727878399,4.181353732625964,1.783831069220843,-0.008491652666901411,Railroads,Industrials,KIQ
2019Q3,2019,Q3,2019-09-30,2019-09-30,759713.0,5596031.0,983281.0,0.02,2576579.0,0.4604297224,12443463.0,10362022.0,9032297.0,2081441.0,2081441.0,4501079.0,-17002113.0,33589818.2406,31899156.240599997,0.21967358719676702,4.339444163922974,0.0,0.0,0.07183661235579115,0.21967358719676702,0.0733170610909724,6.002436055232717,11.053456450198956,3.241627767302559,0.0,0.6708284835702728,0.0,0.44971652987596783,2.1215489653562125,0.06105318109596983,39.53659684529442,0.4604297224229101,1.0,-0.2681478488760114,-0.12913144899344994,-0.30891625330176214,0.5084217878157914,2.1538148592493576,3.9274918566775243,1.8446148737606174,1.8719865676490122,-0.13991886879974044,Railroads,Industrials,KIQ
2019Q2,2019,Q2,2019-06-30,2019-06-30,240887.0,3977170.0,199550.0,0.01,1708129.0,0.4294835272,11433136.0,9497525.0,7941376.0,1935611.0,1935611.0,5404788.0,-17761828.0,73113633.3,72182429.3,0.20134635751989088,4.10277478274302,0.0,0.0,0.02359914114870317,0.20134635751989088,0.025363134079668125,18.383331187754106,75.87959634600456,7.698177504139236,0.0,0.41982053690172494,0.0,0.34786343834272593,1.2202725650970159,0.021069197462533464,566.6317913385826,0.42948352723167477,-0.5,-0.7954678316249956,-0.35380734093061555,-0.2692164604638774,-0.377716047920989,-0.7791858862008023,-0.865159625866107,1.4455922512331811,0.6453217019787953,-0.25308314442356317,Railroads,Industrials,KIQ
2019Q1,2019,Q1,2019-03-31,2019-03-31,1090904.0,5674288.0,1479898.0,0.02,2744935.0,0.4837496793,11920691.0,9256640.0,8276115.0,2664051.0,2664051.0,4473610.0,-18002713.0,33953027.9028,33150855.9028,0.1962396252574142,3.106590301762241,0.0,0.0,0.11682004070503116,0.1962396252574142,0.11785096968230373,5.983663131444862,7.7809385387715135,3.6679646073305214,0.0,0.6548074150406495,0.0,0.4760032786689966,1.3693011132294388,0.09151348692789706,-75.35037106537477,0.4837496792549127,1.5974025974025974,-0.18557758214527056,-0.05415079733000279,-0.18089188812762097,0.5119135550528576,1.9107150956938437,0.6231543572633487,3.9891062623585265,1.866490667648326,-0.30256696951166184,Railroads,Industrials,KIQ
2018Q4,2018,Q4,2018-12-31,2018-12-31,374789.0,4177880.0,911742.0,0.0077,1815537.0,0.4345593938,9944990.0,8165734.0,6249138.0,1779256.0,1779256.0,3668401.0,-19093619.0,21071155.213999998,19824911.213999998,0.16783984359102638,3.512219714307553,0.0,0.0,0.33034179881222714,0.16783984359102638,0.04589777232518228,5.0435041729298105,14.055345283612912,2.58043615111636,0.0,0.643970765464299,0.0,0.4200989644031819,1.3884899081413804,0.03768621185139452,17.349025818743495,0.4345593937595144,-0.22999999999999998,-0.8062738591990581,-0.028328607266198656,0.05810420853064306,0.17586974051081772,0.4320391873665066,2.4815524786350895,1.157003445635375,0.3013196203178677,-0.4259258002809959,Railroads,Industrials,KIQ
2018Q3,2018,Q3,2018-09-30,2018-09-30,261717.0,3491602.0,261878.0,0.01,1543995.0,0.4422024618,9826726.0,7483152.0,6054716.0,2343574.0,2343574.0,3732559.0,-19468410.0,21450800.2773,21029300.2773,0.15904157200187274,2.583539499926181,0.0,0.0,0.034974166048583236,0.15904157200187274,0.03497416596642698,6.143541067194944,20.49045369358888,2.866546112827857,0.0,0.5217886709895275,0.0,0.3553169183713884,0.9286026385341363,0.026633183829487053,70.45963019862633,0.4422024617926098,3.857142857142857,9.897960395323455,-0.14363918446752885,0.11221771611700111,0.48682079321761,2.60528107461588,2.608715683684815,1.3829637384327982,-0.22698682680210067,-0.5485162462072598,Railroads,Industrials,KIQ
2018Q2,2018,Q2,2018-06-30,2018-06-30,-163035.0,2535235.0,-162787.0,-0.0035,1038454.0,0.4096085767,8895184.0,7145836.0,5067560.0,1749348.0,1749348.0,3629901.0,-19730126.0,20204470.63,20096941.63,0.152080672454619,2.8968278467177484,0.0,0.0,-0.022798019100519165,0.152080672454619,-0.022815385071809653,7.9694665898822,-30.981799352899685,2.8274467298157977,0.0,0.41234760948025856,0.0,0.2850120919364906,0.7686903920775054,-0.018328457286549665,-51.00606290029006,0.40960857671971235,0.4067796610169491,-1.875150059505538,-0.17807160857125,0.3761812360607922,0.16781391520069633,0.4159445158932877,0.43353411767980987,-2.4987163097313023,-0.4672306451749074,-0.5789613957964478,Railroads,Industrials,KIQ
2018Q1,2018,Q1,2018-03-31,2018-03-31,-279143.0,2511878.0,-287373.0,-0.0059,889229.0,0.3540096294,8818153.0,7288590.0,4936180.0,1529563.0,1529563.0,3463877.0,-19567215.0,25132285.02213,24628575.02213,0.1553317450626757,3.2271831889238953,0.0,0.0,-0.03897913180657669,0.1553317450626757,-0.038298628404122056,10.005376464195315,-22.50843207794034,3.4481683044498324,0.0,0.46844879307204035,0.0,0.28485307524149334,0.900215944031073,-0.031655495204041026,295.77833378992585,0.35400962944856396,0.8805668016194331,-3.992346940755572,0.06917517832925646,0.49351458694819234,4.189426567223409,0.8802159299858178,0.8349406212881125,-1.818479702026292,-0.6475159482380106,-0.5976448689386319,Railroads,Industrials,KIQ
2017Q4,2017,Q4,2017-12-31,2017-12-31,-2330385.0,1912457.0,-1741028.0,-0.0494,171354.0,0.0895988773,9165199.0,7565233.0,5228877.0,1599966.0,1599966.0,3980243.0,-19288072.0,23987760.0,23576537.0,0.16021247352816603,3.2681175724984155,0.0,0.0,-0.21464725476835303,0.16021247352816603,-0.3080387610004874,12.542901618180174,-2.573368778120354,3.170789320038127,-0.08279576121542148,0.43743635752892474,0.008043518861285922,0.2086650819038408,0.665431640422359,-0.2542645282442858,-22.792931725991785,0.08959887725580236,-0.9448818897637796,-2.241089916259114,-0.5417216783254497,0.010019366511851601,1.9604291143071733,-0.9661946329223288,-2.264877510098515,-3.955320536371646,-0.7261660475253396,-0.5593871906796392,Railroads,Industrials,KIQ
2017Q3,2017,Q3,2017-09-30,2017-09-30,-1185226.0,1153341.0,1376440.0,-0.0254,-178414.0,-0.1546931913,10443673.0,9176916.0,5872327.0,1094324.0,1266757.0,4652408.0,-17075675.0,17661961.17,17096544.17,0.1964036844273053,5.366168520474741,0.0,0.0,0.13542407638926454,0.1964036844273053,-0.1291529747030484,15.313737368219808,-3.725441639400418,1.9246074792446615,0.0,0.28625068996528247,0.0,0.11043442283189066,0.9596134234468037,-0.1134874674839015,83.69685375527787,-0.15469319134583787,-0.31606217616580295,-2.715122208892158,-0.35872705521947523,2.4259194626754126,-1.5475828752597285,-0.32056694443423106,2.5174121400467646,-2.1526421791417887,-0.8188035148055022,-0.3821223760607025,Railroads,Industrials,KIQ
2017Q2,2017,Q2,2017-06-30,2017-06-30,-897513.0,1433663.0,-907097.0,-0.0193,325821.0,0.2272647059,11735073.0,10557421.0,7432942.0,1005219.0,1177652.0,5103132.0,-15695170.0,37420986.031,36796662.031,0.2265469182446728,7.394350882742964,0.0,0.0,-0.08766440209675513,0.2265469182446728,-0.08501252341836137,26.10166129069384,-10.42352200775922,3.544519635145743,0.0,0.2170906023986838,0.0,0.122169073852374,1.9005798736394757,-0.07648124557895805,1627.70709138756,0.22726470586183783,-0.9896907216494846,-0.8861170470990487,0.9880028751175997,2.8623071932671116,-0.5344975383393291,-0.9861315806944168,-0.613193336641182,-1.7713580104136768,-0.7642227332936539,-0.17775140893975538,Railroads,Industrials,KIQ
2017Q1,2017,Q1,2017-03-31,2017-03-31,-451890.0,1563317.0,-562299.0,-0.0097,699934.0,0.4477236543,12536990.0,11454934.0,8618427.0,909623.0,1082056.0,4952591.0,-14797657.0,35788207.07,34753939.07,0.24645825823986997,9.474724143958541,0.0,0.0,-0.042212204760692394,0.24645825823986997,-0.039449376137828465,22.892482503548546,-19.799180702162033,3.124261306961699,0.0,0.17432955800307354,0.0,0.1246963585358208,3.0567641759278295,-0.03604453700609157,-29.866015186615616,0.4477236542556628,-0.16867469879518074,-0.14762020412759058,3.633334996184176,3.4162550047810365,56.00895944671487,-0.17418248431227346,-1.4052871215337366,-1.3423839263203903,-0.7355308437854081,0.028721688076032138,Railroads,Industrials,KIQ
2016Q4,2016,Q4,2016-12-31,2016-12-31,-384855.0,1877128.0,1387409.0,-0.0083,-12724.0,-0.0067784403,13050144.0,11771944.0,9617576.0,1105767.0,1278200.0,5206129.0,-14272161.0,44620800.0,42308521.0,0.25326901893287435,8.69765149439258,0.0,0.0,0.032302576618211974,0.25326901893287435,-0.0326925612286297,23.770781747435443,-28.9854620571384,3.7904359721724807,0.0,0.36300521942502767,0.0,0.14383963885762488,3.3491205651823575,-0.029490479185517032,-139.8990437372629,-0.006778440255539313,0.5631578947368421,0.35269712540589265,6.405286481754486,3.1714180990672243,-1.0187688994438955,0.5625076732099253,2.6597806672815736,-1.2082248545679408,-0.543026110675145,0.596671023337568,Railroads,Industrials,KIQ
2016Q3,2016,Q3,2016-09-30,2016-09-30,-879684.0,1905608.0,-835899.0,-0.019,677930.0,0.3557552235,14395251.0,11782595.0,11074664.0,2612656.0,2612656.0,5999567.0,-13887306.0,44738838.8148,42144953.8148,0.2554103086649609,4.23885272305271,0.0,0.0,-0.07337840956524176,0.2554103086649609,-0.07465961445674743,23.47746168928762,-12.714463038659337,3.7970276339634856,0.0,0.20462776730387378,0.0,0.13237754590038062,1.7168727915194346,-0.06110932001116202,-89.49772512002689,0.3557552235297081,-0.6666666666666665,-0.08296305844086302,2.613556584390774,3.554536705894335,-0.27793677353524787,-0.6660303174927843,-0.5568321714659271,-38.3603867857129,-0.5233089479971194,0.7861485308554175,Railroads,Industrials,KIQ
2016Q2,2016,Q2,2016-06-30,2016-06-30,-528012.0,2360975.0,-536923.0,-0.0114,938879.0,0.3976657949,14963718.0,12419561.0,11578602.0,2544157.0,2544157.0,6138559.0,-13036812.0,40920930.1264,37957319.1264,0.2695699742436537,4.55105640100041,0.0,0.0,-0.04584718372360019,0.2695699742436537,-0.042514546206584916,17.332216616609664,-19.375000059847125,3.2948773411878243,0.0,0.2316660962287729,0.0,0.1577799715284664,1.8888857881019134,-0.03528615013995853,-102.6618986159022,0.3976657948517032,-0.4805194805194805,0.1273436726017278,2.6435051292344935,3.5953401578832738,1.5093249874383947,-0.4812574692393579,0.3693460578475995,-3.8906117545752745,-0.2193588479606202,1.4393444240602442,Railroads,Industrials,KIQ
2016Q1,2016,Q1,2016-03-31,2016-03-31,-356462.0,1933432.0,-851375.0,-0.0077,374156.0,0.1935190894,16157346.0,12963400.0,12707904.0,3193946.0,3193946.0,7108586.0,-12492973.0,40538534.5848,37192151.5848,0.2813741487408597,3.978747292534063,0.0,0.0,-0.03410636262098874,0.2813741487408597,-0.027497570081922953,20.967137496844988,-28.43117540214665,3.127152952527886,0.0,0.2193510776967459,0.0,0.1196627218356282,1.6585859623174593,-0.022061915366545965,3000.853844459249,0.19351908937061144,0.8431771894093687,0.1467341128077926,1.5655568490057032,2.9031551768035397,16.7864613044305,0.8438976752944474,0.004451683969026476,-4.891768647132916,-0.16183832355477398,1.7054121832278437,Railroads,Industrials,KIQ
2015Q4,2015,Q4,2015-12-31,2015-12-31,-2283515.0,3071130.0,-855182.0,-0.0491,21036.0,0.0068495961,16157689.0,13606719.0,12650360.0,2550970.0,2550970.0,5981919.0,-11806569.0,49332400.0,46157108.0,0.2923661151697465,4.959039110612825,0.0,0.0,-0.09767294632988179,0.2923661151697465,-0.16782260293609355,16.063273127480766,-5.400927955367055,3.625591150960051,-4.379213624609429e-07,0.5098855400750161,2.027065376912536e-08,0.19007235502552375,2.181500762455066,-0.1413268320735719,-48.9871872911592,0.006849596077013998,-2.482269503546099,-3.664664487611594,11.654674101948094,62.92624908331731,-0.9714839180196533,-2.453262922619291,-0.2625128254338503,-2.233897383697246,-0.2533184180405615,0.8431488630712901,Railroads,Industrials,KIQ
2015Q3,2015,Q3,2015-09-30,2015-09-30,-661263.0,4370567.0,-677365.0,-0.0141,737689.0,0.1687856518,17317457.0,16037711.0,12877657.0,1279746.0,1279746.0,6697778.0,-9523053.0,72844008.0,68919178.0,0.35226421917915335,10.062666341602162,0.0,0.0,-0.03407685695666488,0.35226421917915335,-0.04123175682614558,16.666946874398676,-27.539726251128524,4.542045183380596,0.0,0.5424004796814704,0.0,0.25237926099657704,4.468553134762679,-0.03818476350193911,308.70421711510505,0.168785651838766,-7.409090909090908,0.1356575681362419,10.99806255741287,53.40522186506284,-0.4632264233043392,-7.292768573413397,-5.75682550449381,-1.1272544099404929,1.4939988209002353,5.144634445168472,Railroads,Industrials,KIQ
2015Q2,2015,Q2,2015-06-30,2015-06-30,105083.0,4596741.0,-100249.0,0.0022,1374302.0,0.2989731203,18447562.0,16394651.0,14138573.0,2052911.0,2052911.0,7454888.0,-8861790.0,135259050.14,130754110.13999999,0.3612036305846558,6.887085217040583,0.0,0.0,-0.0030732202787053693,0.3612036305846558,0.006409590542671509,29.424988299319015,321.79098936079095,8.250193928495337,0.0,0.43225853963198374,0.0,0.2491787803721706,3.0914252980280197,0.005696308270979114,-71.08888808650977,0.2989731203041459,-0.7799999999999999,1.2018977730210978,344.78161474657367,30.586547703742365,-0.5368201025782059,-0.6804715555433927,-1.0671043498109345,1.2267305115000589,5.544396110538962,5.15801526434632,Railroads,Industrials,KIQ
2015Q1,2015,Q1,2015-03-31,2015-03-31,328869.0,6871684.0,1493927.0,0.01,2967102.0,0.4317867352,21797452.0,17467795.0,17810310.0,4329657.0,4329657.0,6266373.0,-7589220.0,206325189.11999997,199023167.11999997,0.3860563295239402,4.113561420685287,0.0,0.0,0.041783327481484736,0.3860563295239402,0.018827161642325205,30.025418677575974,156.8445103673499,11.811747797589792,0.0,0.6231007953085461,0.0,0.31525170923647405,2.569086650512962,0.015087497382721613,-94.76586508421327,0.4317867352456836,-0.40119760479041916,0.789139015266104,1222.1091063173565,11.704027822625434,0.011425959313235725,-0.5685951193788443,-0.014162049587300414,1.8579267308440044,19.92047966690127,5.91769555446647,Railroads,Industrials,KIQ
2014Q4,2014,Q4,2014-12-31,2014-12-31,762321.0,6751794.0,1515388.0,0.0167,2933583.0,0.4344894113,20696182.0,16598926.0,16965581.0,4097256.0,4097256.0,4161506.0,-7918089.0,267047935.0,257152472.0,0.36361283680175244,4.140717836522785,0.0,0.0,0.04994351779943245,0.36361283680175244,0.04592592315912487,39.55214495584433,87.57725912050172,16.088265891419724,0.0,0.9175070275039854,0.0,0.3262337951995204,3.1107753579468795,0.036833895256622694,1193.1210599446883,0.43448941125869656,-0.16500000000000004,-0.16180702519470758,69.25031277130479,12.318545414502958,0.04569562367286676,-0.2051199169168303,-0.19156152988882683,2.30549022270033,26.12017560680028,4.988814482240365,Railroads,Industrials,KIQ
2014Q3,2014,Q3,2014-09-30,2014-09-30,959039.0,5936597.0,1874463.0,0.02,2805389.0,0.4725584371,16379359.0,13852364.0,12750203.0,2526995.0,2526995.0,2994006.0,-8680410.0,218766313.93999997,211438782.93999997,0.3178682587259394,5.045598823899533,0.0,0.0,0.09210068100125676,0.3178682587259394,0.06923287606360908,36.850457246803174,57.02748113997449,15.792706135934631,0.0,1.0458255594678167,0.0,0.3624437928248596,3.7997827459096674,0.05855168080753343,103.05205115522743,0.4725584370978862,0.0,0.18140044502510286,93.19531116921625,4.739681557857255,0.06673447698283386,-0.11269598074101213,0.34693565192397513,2.249824442665985,10.916937360770408,4.668301563759946,Railroads,Industrials,KIQ
2014Q2,2014,Q2,2014-06-30,2014-06-30,1080846.0,5648384.0,1391650.0,0.02,2629885.0,0.4655995414,12984311.0,11927070.0,10093852.0,1057241.0,1057241.0,3366674.0,-9639449.0,253241346.14999998,248738390.14999998,0.2755211996806865,9.5473520228595,0.0,0.0,0.08852238624067182,0.2755211996806865,0.09062125065083042,44.83430059818879,58.57479838709677,21.232485945835815,0.0,0.8965819084354469,0.0,0.435016074399327,6.040254776347115,0.08324246084370591,-94.91989579631986,0.4655995413909536,-0.3333333333333333,7.919928222859847,24.198718356489522,5.195951811956583,0.02912069335245051,-0.11664916331242466,-0.17270991969344524,2.901162543611877,8.27701355975461,3.6967902741884915,Railroads,Industrials,KIQ
2014Q1,2014,Q1,2014-03-31,2014-03-31,1223575.0,5480034.0,1682179.0,0.03,2555468.0,0.4663233841,12442804.0,10323000.0,10631802.0,2119804.0,2119804.0,2682223.0,-10283845.0,177524240.96,170876560.96,0.23957719672539304,5.015464637296656,0.0,0.0,0.12099350777433582,0.23957719672539304,0.11852901288385159,32.394733492529426,36.27163045992277,17.19696221640996,0.0,1.090351547951084,0.0,0.4404179315209016,3.591029170621435,0.09833595385734598,94.27909757218005,0.466323384124989,-0.24623115577889454,3.5735936878619676,8.87923856256543,5.283843362023611,0.10194320447630414,-0.4451797761266445,0.12213193052861332,4.1316701885262574,6.775176787416422,2.3233578131728576,Railroads,Industrials,KIQ
2013Q4,2013,Q4,2013-12-31,2013-12-31,2205354.0,4901356.0,1499092.0,0.0398,2319056.0,0.4731457988,9283388.0,8797241.0,7933317.0,486147.0,486147.0,2139750.0,-11507420.0,159724800.0,155262269.0,0.1586231698521457,16.318761609142914,0.0,0.0,0.24149308254994484,0.1586231698521457,0.2506870051644601,32.58787976225355,18.106480864296618,18.156237847752493,0.0,1.2068232270125014,0.0,0.5279706072825998,11.769837106883308,0.23755917559408268,120.34148469444263,0.4731457988360772,78.60000000000001,3.563135392766436,17.717937616177455,3.841197382580604,0.6245928983396487,104.29765087853323,584.8116451738961,4.7804314598953175,15.947885695452342,33.683172023769814,Railroads,Industrials,KIQ
2013Q3,2013,Q3,2013-09-30,2013-09-30,20944.0,3555829.0,2559.0,0.0005,1427469.0,0.4014447826,6142098.0,5867697.0,5612087.0,274401.0,274401.0,1842940.0,-13712774.0,79606505.14,77195427.14,0.14299499971743138,20.452137565096336,0.0,0.0,0.0008579772531197094,0.14299499971743138,0.0035693731288442467,22.38760782366081,950.2304375954927,13.566907960653047,0.0,1.154872106525443,0.0,0.5789274283803352,13.460821935780118,0.0034099097735008463,341.45804887255133,0.4014447826371853,-0.875,1.031181029961425,76.29065032674313,3.58437217357591,0.6224501973692436,-0.8696409898919484,-0.9845068717079373,1.030373739395739,9.830318531057257,21.084771207673782,Railroads,Industrials,KIQ
2013Q2,2013,Q2,2013-06-30,2013-06-30,160664.0,2660140.0,165170.0,0.004,879823.0,0.3307431188,4803379.0,4478140.0,4271887.0,325239.0,325239.0,1496556.0,-13723420.0,38901872.64,37363342.64,0.11050918910211105,13.134608703138307,0.0,0.0,0.03584917493299163,0.11050918910211105,0.03587739552582099,14.623994466456653,60.532964198575904,8.687060395610677,0.0,1.1896093430516466,0.0,0.5538059770007738,8.174259544519568,0.03344812058344761,-145.11075871741693,0.33074311878322193,1.0,1.1799698479419363,21.132634707941747,3.2657458652428177,0.296032018430926,1.009003151102886,1.0653478717551144,1.3457549731483884,223.1336954897978,8.663811428544372,Railroads,Industrials,KIQ
2013Q1,2013,Q1,2013-03-31,2013-03-31,79972.0,2014062.0,79972.0,0.002,678859.0,0.3370596337,4892636.0,4183668.0,4346112.0,708968.0,708968.0,1777048.0,-13884084.0,35398848.32,33722398.32,0.10400417004301003,6.130194874803941,0.0,0.0,0.01911528352632188,0.10400417004301003,0.01911528352632188,17.575848370109757,110.66013204621618,8.46119919649456,0.0,0.7513601208296006,0.0,0.4116517149446638,3.528129619390438,0.01634538109926837,183.9885669734975,0.3370596337153474,0.0,1.0898631822906162,33.141480576025785,3.313839698676754,0.0,0.0,0.0,-0.5106269436361355,402.23275575423116,3.883681589114861,Railroads,Industrials,KIQ
2012Q3,2012,Q3,2012-08-31,2012-08-31,-229334.0,1292871.0,-226203.0,-0.0068,282426.0,0.2184487083,2689346.0,1925573.0,2186149.0,763773.0,763773.0,1196465.0,-13975044.0,21496486.400000002,21493904.400000002,0.057328751176750445,2.8623020190554,0.0,0.0,-0.1161276618131672,0.057328751176750445,-0.11909909413977034,16.626938341102864,-23.433601646506844,11.163682914124783,0.0,0.8445253308705227,0.0,0.4807380679168839,1.1871131867714622,-0.08527500738097664,-45.830719276140044,0.21844870833981117,0.3333333333333334,0.8447402295105049,7.442030900043655,3.073705131187193,0.9141685587447897,0.3313351196741434,0.19826825404139037,-1.366537601410124,25.61559238477692,1.67446581288107,Railroads,Industrials,KIQ
2012Q2,2012,Q2,2012-05-31,2012-05-31,-342973.0,519778.0,-282143.0,-0.0102,147545.0,0.2838615717,2263087.0,1970148.0,1691894.0,292939.0,292939.0,1015723.0,-13743053.0,19481190.799999997,19260422.799999997,0.05865585177678153,5.775584678038773,0.0,0.0,-0.15642602541833475,0.05865585177678153,-0.17408489108432462,37.479829465656486,-14.200236461762294,9.888186471270178,0.0,0.36647097683128177,0.0,0.2296765435884701,2.1313106141551654,-0.151550956724156,-30.721906155675473,0.28386157167098264,-0.2,0.43397611802361663,8.573095773735538,2.665554074472357,0.7904642865810741,-0.21985858485264514,0.06231451047382292,-1.830016341987027,1.9885695905971346,1.893278367798482,Railroads,Industrials,KIQ
2012Q1,2012,Q1,2012-02-29,2012-02-29,-281158.0,240918.0,-300893.0,-0.0085,82406.0,0.3420499921,2080831.0,1852057.0,1525424.0,228774.0,228774.0,813421.0,-13429059.0,22235142.6,21819517.6,0.05580707136998528,6.667820643954295,0.0,0.0,-0.15704718413611163,0.05580707136998528,-0.15180850265407597,92.29340522501433,-19.771038526380188,12.0056470184233,0.0,0.19487079876226457,0.0,0.11577970531965354,2.7480614055793056,-0.13511813309201948,-29.243568494745137,0.3420499921134992,0.3359375,0.6855002143642552,10.03370774627212,2.7816388813409545,0.7169347445620469,0.33493867606533334,0.33595734491517754,0.2321875229850973,-0.4360964858280066,1.9978777425812924,Railroads,Industrials,KIQ
2011Q4,2011,Q4,2011-11-30,2011-11-30,-422755.0,180240.0,-453123.0,-0.0128,47996.0,0.2662893919,2255551.0,2006613.0,1853310.0,248938.0,248938.0,474250.0,-13138203.0,19499222.11,18355941.11,0.060715328197264176,7.444865789875391,0.0,0.0,-0.2177766489243917,0.060715328197264176,-0.21068088365818421,108.18476536839769,-11.531041684900236,9.717480206696557,0.0,0.2788487084870849,0.0,0.07990952099952517,5.2251444134684135,-0.18742870367373649,-49.213864502516316,0.26628939192188195,0.27272727272727276,-0.0831586054942455,-0.35734076361009254,4.214808017631923,0.09766323040395371,0.4124025964501853,0.35311111278297047,0.1754887621480197,0.15506790637734605,2.0875096728768083,Railroads,Industrials,KIQ
2011Q3,2011,Q3,2011-08-31,2011-08-31,-719463.69648,467083.51721,-700464.962305,-0.0176,43725.61517100001,0.0936141259,2560423.923592,2291356.044742,2186048.317074,269067.87885,269067.87885,251294.754584,-12704468.052505,28602000.0,27143348.383472,0.05607821940141948,8.124523545572226,0.0,0.0,-0.31700922460233616,0.05607821940141948,-0.31399035437157896,61.235301495643625,-9.938652964679187,12.482564665423046,0.0,1.684706482392909,0.0,0.18242429033186505,7.020443880876865,-0.2809939751971501,-40.4315270712056,0.09361412586807477,-0.3435114503816794,0.3052872750094198,6.823061910644626,3.8669278871922774,-0.6518622622679081,-1.1427468548426993,-1.0861637664969692,-0.07569259233357305,9.195982975164517,2.0135108923465825,Railroads,Industrials,KIQ
2011Q2,2011,Q2,2011-05-31,2011-05-31,-335767.00619300007,359591.544249,-335767.006193,-0.0131,125598.60776900002,0.3492813159,1898925.116446,1499774.786303,1691468.495675,399150.330143,399150.330143,0.0,-12037987.408507,15339932.399999999,14045971.198177999,0.05866159304468643,4.2376727962845795,0.0,0.0,,0.05866159304468643,-0.22387828443274344,42.65932457348837,-11.42156027622213,10.228157280743128,0.0,0.0,0.0,0.18936583709104138,3.7830960990963414,-0.17681950872365973,-54.1758370531208,0.3492813159200122,-0.43956043956043955,0.3844853780178798,0.6172920272951381,2.862646340091605,0.0672989694883386,-0.5394069458332266,-0.24638523398283707,0.4038627331322141,3.742039558951978,2.2027258816164466,Railroads,Industrials,KIQ
2011Q1,2011,Q1,2011-02-28,2011-02-28,-218114.51942700002,393462.167689,-269392.638037,-0.0091,117678.936605,0.2990857731,2276046.01227,1734038.854806,2096439.672802,542007.157464,542007.157464,0.0,-11684147.239264,15394671.36,13819275.654478999,0.07208889628910142,3.8679187976244482,0.0,0.0,-0.13901461927010286,0.07208889628910142,-0.12578410156293882,39.12617939971357,-17.645170299119393,8.87792757199914,0.0,0.0,0.0,0.17287091981790959,3.512963064275524,-0.0958304525704491,-30.102521771157658,0.29908577309017337,0.13333333333333333,0.5625918896334734,5.457203094636543,7.609997930040343,2.4100568300028193,0.04900498716888499,-0.22638414629748044,0.5901316100646719,10.153945236884626,2.603802520596382,Railroads,Industrials,KIQ
2010Q4,2010,Q4,2010-11-30,2010-11-30,-229354.009731,113702.526679,-219664.155681,-0.0105,34509.376961,0.3035058056,785799.199623,99723.399247,750337.413685,686075.800377,686075.800377,0.0,-10974483.090082,6105303.960000001,5702173.074877,0.004573490848629263,1.0936654714722311,0.08737570805485757,0.6885020163215656,-1.3278836893471997,0.004573490848629263,-2.2999016425716126,53.69541151214896,-6.654891239050785,61.22238116731333,0.0,0.0,0.0,0.1446966689881469,0.9259065461176932,-0.2918735598624131,178.90033895620408,0.3035058056222916,0.37499999999999994,-1.6117474997254784,0.0,1.6338079352016182,0.33606754155010354,0.27284411060854075,-3.5688254272831252,0.53676609396986,38.987203982407195,1.1258222107082057,Railroads,Industrials,KIQ
2010Q3,2010,Q3,2010-08-31,2010-08-31,-315412.435046,150181.722855,85511.515632,-0.0168,25829.066187000004,0.1719854167,481504.149378,121532.440588,446684.270087,359971.708789,359971.708789,0.0,-10334763.296869,3003200.0,2805181.327801,0.006474823686094832,1.2408871563537989,0.0,0.0,-2.215076002879763,0.006474823686094832,-2.5952941742959084,19.997107124011226,-2.3803753960762606,24.711097592296138,0.0,0.0,0.0,0.31190120178403974,1.194543558791307,-0.6550565253766664,-7.098662369194357,0.1719854167070509,-0.46086956521739125,0.33681585710258344,0.0,-0.39110294831122205,6.320108598595835,-1.2831520361927484,1.6189878732024103,0.6178863616032827,0.7548179141393111,1.2342084002491314,Railroads,Industrials,KIQ
2010Q2,2010,Q2,2010-05-31,2010-05-31,-138147.80183100002,3528.508606,-138147.319736,-0.0115,3528.508606,1.0,600977.140041,137766.320419,600102.358026,463210.819622,463210.819622,16836.947456,-10054086.738949,1927583.04,1357372.068736,0.011435362736455701,1.2955275062782632,0.0,0.0,,0.011435362736455701,-1.002769046969098,546.2883204315473,-3.4882622351784955,13.991685588592944,0.0,0.0,0.0,0.005871285895765149,1.2548824228703157,-0.22987197453396527,-13.143255716472202,1.0,-3.804878048780487,-1.2936422567737056,0.0,-0.6370674615189591,3.3759227395469624,-3.8232842297749157,-3.6091901059138967,0.3643571082463417,-0.8188158997598277,1.3247112508271928,Railroads,Industrials,KIQ
2010Q1,2010,Q1,2010-02-28,2010-02-28,48931.59547100001,1495.576063,52946.437066,0.0041,-1485.1108359999998,-0.9930025445,15089.90581299999,-434411.568833,14148.035391,449501.474646,449501.474646,0.0,-9952887.451242,1686265.56,1684737.636872,-0.03606645422837196,0.03147494766761807,0.0,0.0,-0.11707769968824762,-0.03606645422837196,-0.1126387945939135,1127.5023729769337,8.61542293771817,-3.8817234184853113,0.0,0.0,0.0,0.09911102703580546,0.021527247174485124,3.2426707016849186,-1875.3276406262635,-0.9930025444650352,-0.7939698492462312,1.6717806978876466,0.0,-5.057583266295346,-1.148202823978807,-0.7907622861143047,1.2897575748173014,1.1508087245537395,-0.8112756602300009,-0.15142034132848095,Railroads,Industrials,KIQ
2009Q4,2009,Q4,2009-11-30,2009-11-30,233856.481044,24713.056632,-182726.67107799998,0.0199,10020.799848,0.4054860553,28296.3033,-377089.912073,27297.910561,405386.215373,405386.215373,0.0,-9836170.936939,821664.2000000001,820495.6266810001,-0.032125403352257526,0.06733803352411209,0.0,0.0,,-0.032125403352257526,-0.6201610638651299,33.248181810746075,0.878385106467719,-2.178960968441224,0.0,0.0,0.0,0.8733669684689873,0.048265182132542626,8.264559457277233,-4.123525452358992,0.40548605529533915,0.06989247311827972,0.06969334307726034,0.0,-5.354608214795751,5.1547734652584145,0.29173139265347325,-1.902398604351918,2.68702555570206,-0.7519010142635875,-0.7010038046891527,Railroads,Industrials,KIQ
2009Q3,2009,Q3,2009-08-31,2009-08-31,181041.10682299998,14055.501341,202489.975269,0.0186,-2411.8763470000013,-0.1715966075,14077.151335,-826089.933805,13051.814654,840167.08514,840167.08514,0.0,-9724782.469756,2040958.0799999998,2038656.3224099998,-0.0849987502433416,0.01553478455041491,0.0,0.0,-0.2244392187064222,-0.0849987502433416,-0.21915423419955998,145.20706380259168,2.818362795908281,-2.4706245609352404,0.0,0.0,0.0,0.9984620472221413,0.008790547201416875,12.860635118191686,-156.61552961028465,-0.17159660751228706,6.166666666666666,1.7691517930088096,0.0,-59.16149969902207,-1.7942432682706466,6.162724182607438,2.4061355910117146,1.7349488888214109,-0.010280473609729217,-3.345453369422766,Railroads,Industrials,KIQ
2009Q2,2009,Q2,2009-05-31,2009-05-31,-35066.97247799998,50324.770642,-144004.587156,-0.0036,3036.697248000004,0.0603419988,45356.880734000006,-638174.311927,44240.366972,683531.192661,683531.192661,0.0,-9561400.0,680319.3600000001,734096.42422,-0.06566357575784701,0.06472325981170136,1.367746111374379,-0.0972096433350271,0.09789302485388694,-0.06566357575784701,0.05494889377811756,13.518578451944693,-4.8501432539322655,-1.06604002587591,0.0,0.0,0.0,1.1095289144139935,0.0532139496873547,-0.7731345698936788,-5.226531781721102,0.0603419987664214,0.6727272727272727,-1.2057137893096614,0.0,-11.220401054393989,-0.9160535875620278,0.672278884688458,-0.34551973552224463,0.8308951615289708,-0.4045871756237129,-1.0849760927820598,Railroads,Industrials,KIQ
2009Q1,2009,Q1,2009-02-28,2009-02-28,-107002.481194,124842.660785,-107025.25080400001,-0.011,36174.234964999996,0.2897586028,70113.819857,-542344.925367,69081.170493,612458.745225,612458.745225,0.0,-8126454.255445,678831.0900000001,711398.5351580001,-0.05592576022952927,0.11279318163319153,0.5883410288461357,-0.07606015098801915,,-0.05592576022952927,0.19729599409746917,5.437492966999967,-1.5860171708758106,-1.2516593375343947,0.0,0.0,0.0,1.780571377220949,0.09015532180002599,-1.526125397421449,-5.757440699637305,0.2897586028488939,0.2903225806451613,-1.5178731941993833,0.0,-4.109786199362261,0.30770164761442886,0.28417547096634443,0.2841272649411084,0.46774118000248877,4.0819600412619375,-4.127962534904401,Railroads,Industrials,KIQ
2008Q4,2008,Q4,2008-11-30,2008-11-30,-149481.43972999998,45492.390692,-149503.180611,-0.0155,27662.452694,0.608067685,8871.084628,-537929.785007,7739.753603,546800.869635,546800.869635,0.0,-8165217.0062,2023390.3199999998,2053242.1599229998,-0.0558296902653315,0.01415461099790575,3.408641191017167,-0.05621243759835034,,-0.0558296902653315,0.277882809051101,44.47755523993203,-3.384015974917584,-3.761439459935594,0.0,0.0,0.0,5.128165562575219,0.01415461099790575,-16.85041299890077,-65.68851462348181,0.6080676850175856,0.05487804878048789,-1.6996153814358332,0.0,-3.14185737839623,1.8328049348849984,-0.048474787694733255,-1.2404844949382556,-1.9022814401460069,0.0,-6.737044170673501,Railroads,Industrials,KIQ
2008Q3,2008,Q3,2008-08-31,2008-08-31,-142570.37125199998,9765.039715,621674.926067,-0.0164,9765.039715,1.0,34285.983244,-481917.537419,32873.952744,516203.520663,516203.520663,0.0,-9403164.831027,3658105.5,3634460.578603,-0.055330652906533176,0.06368409247146832,0.0,0.0,,-0.055330652906533176,0.29583976548262264,374.6124549171892,-6.414561223127705,-7.5907291516961015,0.0,0.0,0.0,0.2848114241177222,0.06149576101927454,-4.158269874816835,-22.348853149907246,1.0,0.25454545454545446,-1.7966139349365224,0.0,-14.172509382854356,0.4649032874077961,0.2569760825855903,4.279333338581762,0.35398598594489544,0.0,-6.203334184242947,Railroads,Industrials,KIQ
2008Q2,2008,Q2,2008-05-31,2008-05-31,-191878.57606000002,25833.249522,-189573.569345,-0.022,6665.996177999998,0.2580393989,45174.494619000005,-424809.413658,41935.029669,469983.908277,469983.908277,0.0,-9739971.839485,2438737.0,2460178.214925,-0.048773867712770994,0.08922652229251274,0.6464590244185549,-0.06874485070500518,0.4820807470768058,-0.048773867712770994,0.4516815538708262,94.40302885330526,-3.177448272335277,-5.74077909197028,0.0,0.0,0.0,0.5718547543226915,0.08024095611965773,-4.247498011395518,-30.709027727904022,0.25803939888875116,0.004524886877828184,-2.1009146330844666,0.0,-436.54486701737676,-0.47098438428692513,-0.008912024187437024,0.0035927553625322768,-1.5641404477864584,0.0,-2.5479722006633025,Railroads,Industrials,KIQ
2008Q1,2008,Q1,2008-02-29,2008-02-29,-190183.654729,12606.876849,-190257.11662100002,-0.0221,12600.755025,0.999514406,22015.1005,-386403.428222,16902.356902,408418.528722,408418.528722,0.0,-9686798.285889,3008787.5999999996,3059075.3257429996,-0.04494873612138657,0.041384892489794455,2.425592065636948,-0.13819663387230702,,-0.04494873612138657,0.4921893566113341,238.66240909925776,-3.9551080300346224,-7.786648306524246,0.0,0.0,0.0,0.5726467998181521,0.04013580120444964,-8.638782036402695,-24.828026130993305,0.9995144059806942,0.026431718061674,-1.7727141278166278,0.0,-1.3702820706029446,55.0313571506315,0.01639822716888576,0.016272550635997744,-15.549868508226556,0.0,-6.056866371515671,Railroads,Industrials,KIQ
2007Q4,2007,Q4,2007-11-30,2007-11-30,-193354.322839,1110.444778,-193404.297851,-0.0227,224.88755700000002,0.2025202527,17237.381309,-309519.24038,10440.77961,326756.621689,326756.621689,0.0,-9302380.809595,4768537.2,4817057.939630001,-0.036348835574314065,0.031952771319619384,2.991244346557374,-0.16658486020674435,,-0.036348835574314065,0.6246924184797588,4294.258746111191,-6.165542525742507,-15.406270686583548,0.0,0.0,0.0,0.06442073526680142,0.02559953505383421,-11.217151803565756,-1340.8997944559922,0.20252025265501317,0.484090909090909,-2.0686591545039192,0.0,-5.053078038619714,-0.96929337034497,0.4207172111493752,0.4194322433366133,-2.2191662902314664,0.0,-5.927095739610224,Railroads,Industrials,KIQ
2007Q3,2007,Q3,2007-08-31,2007-08-31,-333782.267591,34606.84527,-333129.588461,-0.044,7323.746028999998,0.211627092,35244.722143,-209829.593865,27112.562719,245074.316009,245074.316009,0.0,-8627105.935814,4250394.96,4254928.7098819995,-0.027645565569840595,0.11062996384331164,0.12863627818102844,-0.021606818173212118,,-0.027645565569840595,1.590730179870379,122.81948634262207,-3.1835086617065445,-20.256413224221443,0.0,0.0,0.0,0.9819014923592839,0.11062996384331164,-9.47041847107576,-163.9528077764909,0.21162709203513594,-1.4444444444444444,-3.508106730733481,0.0,-8.50761091780599,0.9729839744503609,-1.437722857054739,-1.2578222603274092,-0.8158152136958121,0.0,-18.56733104837088,Railroads,Industrials,KIQ
2007Q2,2007,Q2,2007-05-31,2007-05-31,-136923.79616700002,12269.284712,-147544.647032,-0.018,3712.0149600000004,0.3025453437,54558.204769,-267296.867695,52629.266012,321855.072464,321855.072464,0.0,-8195798.036466,3187796.2199999997,3232068.3097619996,-0.03521702037525473,0.16351852282174817,0.8114652956314908,-0.16562891343910852,0.6366629597112505,-0.03521702037525473,0.5122536502120084,259.81923924890003,-5.820383872705339,-11.92605153771366,0.0,0.0,0.0,0.22488431875550666,0.05487124662910311,-2.5096829477204534,-19.768597551926383,0.30254534368816594,0.33085501858736066,-1.8493230281544961,0.0,-3.9922665307285023,0.8980899555314447,0.3300944249075549,0.2670205126445702,-2.028531487904089,0.0,-6.481457079084746,Railroads,Industrials,KIQ
2007Q1,2007,Q1,2007-02-28,2007-02-28,-204392.680488,4992.097057,-201294.37395900002,-0.0269,1955.658081,0.3917508131,28849.587764999975,-237667.563758,26936.648298,266517.151523,266517.151523,0.0,-7359079.841087,2124508.12,2134502.5665800003,-0.03132344716679172,0.101069098720558,0.34643290786030434,-0.042052211172478864,0.8902832659051012,-0.03132344716679172,0.8599940069908679,425.5742818583585,-2.5985618894566174,-8.938990606910231,0.0,0.0,0.0,0.17303876567194354,0.050903204092023424,-7.084769534764969,-15.775847893155891,0.39175081306917786,-1.2796610169491527,-2.078039417314548,0.0,-2.457735788788364,-0.9318792926838158,-1.2810434161627555,-1.1331197641588107,-2.264323596323162,0.0,-2.7417594917969286,Railroads,Industrials,KIQ
