Quarters,Year,Quarter,FillingDate,Date,NetIncome,Revenue,OperatingIncome,EPSDiluted,GrossProfit,GrossProfitRatio,TotalAssets,CommonStockEquity,CurrentAssets,CurrentLiability,TotalLiability,Inventory,RetainedEarnings,MarketCap,EnterpriseValue,bookValuePerShare,currentRatio,debtToAssets,debtToEquity,roic,shareholdersEquityPerShare,roe,priceToSalesRatio,peRatio,pbRatio,payoutRatio,inventoryTurnover,dividendYield,assetTurnover,quickRatio,returnOnAssets,priceToFreeCashFlowsRatio,grossProfitMargin,epsdilutedGrowth,fiveYNetIncomeGrowthPerShare,fiveYRevenueGrowthPerShare,fiveYShareholdersEquityGrowthPerShare,grossProfitGrowth,netIncomeGrowth,operatingIncomeGrowth,threeYNetIncomeGrowthPerShare,threeYRevenueGrowthPerShare,threeYShareholdersEquityGrowthPerShare,Industry,Sector,Symbol
2023Q1,2023,Q1,2023-05-15,2023-03-31,-1598884.0,0.0,-1628409.0,-0.18,0.0,0.0,4714123.0,-4334728.0,723318.0,2648851.0,9048851.0,0.0,-8031909.0,902384.28,589357.28,-0.48420677541058227,0.27306858709682047,0.047046926862111996,-0.0511646866885304,0.48034201367726664,-0.48420677541058227,0.36885451636181094,0.0,-0.14109595818083112,-0.2081755256615871,0.0,0.0,0.0,0.0,0.20190339131948154,-0.3391689185878264,-4.445965501781078,0.0,-1.4390243902439024,0.0,0.0,0.0,0.0,-1.6807310193611564,-3.7614855144504613,0.0,0.0,0.0,,,CCAIW
2022Q4,2022,Q4,2023-03-31,2022-12-31,2348775.0,0.0,-341996.0,0.41,0.0,0.0,152392570.0,145974867.0,619839.0,820918.0,6417703.0,0.0,-5380173.0,159000.0,51424.0,9.7316578,0.7550559251959392,0.0014553531054696434,0.0015193368869450656,-0.0021543530987614325,9.7316578,0.016090269840766492,0.0,0.01692371555385254,0.0010892285998794573,0.0,0.0,0.0,0.0,0.4012105959425911,0.015412660866602618,-1.019145840410735,0.0,8.11111111111111,0.0,0.0,14.378450332750019,0.0,2.449712937001826,-0.17948771007715045,0.0,0.0,14.378450332750019,,,CCAIW
2022Q3,2022,Q3,2022-11-14,2022-09-30,680861.0,0.0,-289953.0,0.045,0.0,0.0,151181375.0,143626092.0,410307.0,535283.0,7555283.0,0.0,-6907942.0,2100000.0,2152143.0,9.5750728,0.7665235025210964,0.00046301999832982073,0.00048737662513298767,-0.0016370294225868116,9.5750728,0.004740510519495302,0.0,0.7710824970148092,0.014621298753989632,0.0,0.0,0.0,0.0,0.033359923629183066,0.004503603701183429,-13.009701520276549,0.0,-0.859375,1.8520955693248047,0.0,0.053117354348231414,0.0,-0.8587473665320585,-0.1408734999016329,1.8520955693248047,0.0,0.053117354348231414,,,CCAIW
2022Q2,2022,Q2,2022-08-15,2022-06-30,4820165.0,0.0,-254150.0,0.32,0.0,0.0,150695574.0,142945231.0,603697.0,350343.0,7750343.0,0.0,-7055144.0,2710500.0,2601225.0,9.529682066666666,1.723159874751315,0.0,0.0,-0.004100426173444716,9.529682066666666,0.03372036245126639,0.0,0.14058128715510776,0.018961807826943174,0.0,0.0,0.0,0.0,0.3119086152713198,0.03198610862983939,-22.156373891363877,0.0,0.23076923076923075,0.0,0.0,6352.1213777777775,0.0,0.2479730840579485,0.22894424673784106,0.0,0.0,6352.1213777777775,,,CCAIW
2022Q1,2022,Q1,2022-05-16,2022-03-31,3862395.0,0.0,-329613.0,0.26,0.0,0.0,150850697.0,140855197.0,828004.0,320500.0,9995500.0,0.0,-9145178.0,5550000.0,5318390.0,9.390346466666667,2.583475819032761,0.0,0.0,-0.005116833667153917,9.390346466666667,0.027421032963377275,0.0,0.3592330665299639,0.039402167035412966,0.0,0.0,0.0,0.0,0.7226521060842434,0.025604091176323833,-13.25218064035492,0.0,0.0,0.0,0.0,0.0,0.0,0.0,0.30201045248945435,0.0,0.0,0.0,,,CCAIW
2021Q4,2021,Q4,2022-03-31,2021-12-31,0.0,0.0,-472232.0,0.0,0.0,0.0,151350464.0,-10911194.0,1348775.0,511658.0,12261658.0,0.0,-10911569.0,8100000.000000001,7449591.000000001,-0.7274129333333333,2.636086995610349,0.0,0.0,,-0.7274129333333333,0.0,0.0,0.0,-0.7423568859650007,0.0,0.0,0.0002085185185185185,0.0,1.2711791860969632,0.0,-8.049569447411965,0.0,1.0,0.0,0.0,0.0,0.0,1.0,-3.8521140508605187,0.0,0.0,0.0,,,CCAIW
2021Q3,2021,Q3,2021-11-15,2021-09-30,-799043.0,0.0,-97325.0,-0.05327,0.0,0.0,151607683.0,136381849.0,1607683.0,300834.0,15225834.0,0.0,-13618582.0,7125000.0,6299105.0,9.092123266666666,5.344086772106876,0.0,0.0,-0.0007136213558741237,9.092123266666666,-0.005858866160408194,0.0,-2.2292292154489806,0.052243022456749354,,0.0,,0.0,2.74535125683932,-0.005270465085862436,0.0,0.0,0.0,0.0,0.0,0.0,0.0,0.0,0.0,0.0,0.0,0.0,,,CCAIW
2021Q2,2021,Q2,2021-06-30,2021-06-30,0.0,0.0,0.0,0.0,0.0,0.0,363600.0,22500.0,25000.0,341100.0,341100.0,0.0,-2500.0,7125000.0,7163600.0,0.0015,0.0732922896511287,0.17491749174917492,2.8266666666666667,,0.0015,0.0,0.0,0.0,316.66666666666663,0.0,0.0,,0.0,0.0732922896511287,0.0,0.0,0.0,0.0,0.0,0.0,0.0,0.0,0.0,0.0,0.0,0.0,0.0,,,CCAIW
2021Q1,2021,Q1,2021-02-28,2021-02-28,,,,,,,63000.0,22500.0,25000.0,40500.0,40500.0,0.0,-2500.0,0.0,-25000.0,0.0,0.6172839506172839,0.0,0.0,,0.0,,0.0,0.0,0.0,0.0,0.0,,,0.6172839506172839,,0.0,0.0,0.0,0.0,0.0,0.0,0.0,0.0,0.0,0.0,0.0,0.0,,,CCAIW
