Year,Date,FillingDate,NetIncome,Revenue,OperatingIncome,EPSDiluted,GrossProfit,GrossProfitRatio,TotalAssets,CommonStockEquity,CurrentAssets,CurrentLiability,TotalLiability,Inventory,RetainedEarnings,EnterpriseValue,bookValuePerShare,currentRatio,debtToAssets,debtToEquity,roic,shareholdersEquityPerShare,roe,priceToSalesRatio,peRatio,pbRatio,payoutRatio,inventoryTurnover,dividendYield,assetTurnover,quickRatio,returnOnAssets,priceToFreeCashFlowsRatio,grossProfitMargin,epsdilutedGrowth,fiveYNetIncomeGrowthPerShare,fiveYRevenueGrowthPerShare,fiveYShareholdersEquityGrowthPerShare,grossProfitGrowth,netIncomeGrowth,operatingIncomeGrowth,threeYNetIncomeGrowthPerShare,threeYRevenueGrowthPerShare,threeYShareholdersEquityGrowthPerShare,Industry,Sector,Price,MarketCap,AvgVolume,Symbol
2022,2022-12-31,2023-03-15,41804000.0,169979000.0,64273000.0,2.91,169979000.0,1.0,2123655000.0,224015000.0,321697000.0,11031000.0,1899640000.0,0.0,182435000.0,399474036.92,15.973006855526268,29.162995195358533,0.06077352488987147,0.5761310626520546,0.140315402344438,15.973006855526268,0.18661250362698925,1.9422342578789145,7.897307361018084,1.4737362985514364,0.07379676585972635,0.0,0.009344547766241785,0.08004077875172756,29.162995195358533,0.01968492999098253,6.623977466292136,1.0,0.024647887323943764,4.51860400084594,1.487125746211986,1.6239280119513546,0.0158370635096128,0.0456751213167242,0.06366464766822229,1.4229183787536024,0.8086102557059972,0.6452242585058263,Banks—Regional,Financial Services,17.92,251516160,20208,CBNK
2021,2021-12-31,2022-03-15,39978000.0,167329000.0,60426000.0,2.84,167329000.0,1.0,2055300000.0,197903000.0,372094000.0,10473000.0,1857397000.0,0.0,144533000.0,215847844.0,14.342231324581734,35.528883796428914,0.021438232861382765,0.22264442681515692,0.18530921465312317,14.342231324581734,0.20200805445091788,2.1605570104405096,9.043069788383612,1.8267729342152468,0.03456901295712642,0.0,0.0038227077492570586,0.08141341896560113,35.528883796428914,0.019451175010947307,2.737738496955745,1.0,0.5187165775401068,3.039006534778806,1.5240602498529965,1.6681211747750186,0.1529594156962723,0.5481547457692755,0.25056396034686146,1.7495132388927233,0.9777717041042082,0.5167982501364503,Banks—Regional,Financial Services,17.92,251516160,20208,CBNK
2020,2020-12-31,2021-03-15,25823000.0,145130000.0,48319000.0,1.87,145130000.0,1.0,1878659000.0,159311000.0,252458000.0,11134000.0,1719348000.0,0.0,106854000.0,83615490.0,11.550134126005945,22.674510508352792,0.02449406731077859,0.28884383375912526,0.17294734225680874,11.550134126005945,0.1620917576312998,1.3238923034520775,7.440517755489292,1.206046600674153,0.0,0.0,0.0,0.07725191213519857,22.674510508352792,0.013745442893042324,37.0205183044316,1.0,0.5454545454545456,2.289033384295394,1.8473967154345559,1.548167392547552,0.5769857655112464,0.5284403669724771,0.25321610125531696,2.4661693125319673,1.1591924546945265,0.8973710303352743,Banks—Regional,Financial Services,17.92,251516160,20208,CBNK
2019,2019-12-31,2020-03-16,16895000.0,92030000.0,38556000.0,1.21,92030000.0,1.0,1428495000.0,133331000.0,178575000.0,1801000.0,1295164000.0,0.0,81618000.0,139154320.59,9.708710999698466,99.15324819544698,0.03335328440071544,0.35734375351568654,0.15846580501501073,9.708710999698466,0.1267147175075564,2.2219528478756927,12.103363160106541,1.5336742437242652,0.0,0.0,0.0,0.06442444670789887,99.15324819544698,0.01182713275160221,-7.673320597020526,1.0,0.18627450980392152,1.1612696554654156,0.8134658427178936,1.1419163209020076,0.23882726685332759,0.3233335944231221,0.0,0.7150539270223507,0.3948387878726362,0.8061357965736244,Banks—Regional,Financial Services,17.92,251516160,20208,CBNK
2018,2018-12-31,2019-04-01,12767000.0,74288000.0,0.0,1.02,74288000.0,1.0,1105058000.0,114564000.0,0.0,1396000.0,990494000.0,0.0,65701000.0,123198560.0,9.455595906239683,0.0,0.0157394453503798,0.15181907056317867,0.0,9.455595906239683,0.11143989385845467,1.860913741115658,10.828194564110598,1.2066928529031808,0.0,0.0,0.0,0.06722543070137495,60.051575931232094,0.01155323973945259,5.203581887303798,1.0,0.8888888888888888,0.8511853997955774,0.6592389052050909,1.0860745773623304,0.1582715703094371,0.7959304247522454,0.0,0.8511853997955774,0.6592389052050909,1.0860745773623304,Banks—Regional,Financial Services,17.92,251516160,20208,CBNK
2017,2017-12-31,2017-12-31,7108850.0,64136945.0,0.0,0.54,64136945.0,1.0,1026008747.0,80119075.0,0.0,2882763.0,945889672.0,0.0,53199657.0,139281763.60000002,6.087440959802671,0.0,0.018870434639676616,0.24165569809686394,0.0,6.087440959802671,0.08872855808682265,2.6266539761131438,23.69800482497169,2.102689797654304,0.0,0.0,0.0,0.06251110937166308,36.923080391971176,0.006928644634644621,5.00857642381611,1.0,-0.24719475489915888,-0.051104234174636796,0.31873224605047706,0.3429989979857967,0.014311295134633781,-0.2470132519566523,0.0,-0.051104234174636796,0.31873224605047706,0.3429989979857967,Banks—Regional,Financial Services,17.92,251516160,20208,CBNK
2016,2016-12-31,2016-12-31,9440870.0,63232013.0,0.0,0.717317,63232013.0,1.0,905600334.0,70747702.0,0.0,2541186.0,834852632.0,0.0,46050383.0,157819943.60000002,5.37540478302718,0.0,0.02575842689563319,0.32971869531536163,0.0,5.37540478302718,0.13344419300007793,2.6642447963818583,17.844283588270997,2.3812160231013584,0.0,0.0,0.0,0.06982331015792227,33.51579105189467,0.010424985112693212,24.53895734577827,1.0,0.2601775415086284,0.26017591716067934,0.30012576255047657,0.1859110067833127,0.30012576255047646,0.2601759171606795,0.0,0.26017591716067934,0.30012576255047657,0.1859110067833127,Banks—Regional,Financial Services,17.92,251516160,20208,CBNK
2015,2015-12-31,2015-12-31,7491708.0,48635305.0,0.0,0.569219,48635305.0,1.0,743428739.0,59656839.0,701666085.0,8678886.0,683771900.0,0.0,36609513.0,183184992.60000002,4.53272189252002,80.84748261470423,0.046580288309247084,0.5804720059002791,0.0,4.53272189252002,0.12558003617992566,3.4638532975171024,22.486936436924662,2.823910291324688,0.0,0.0,0.0,0.06542026484666205,7.130661124019834,0.010077237544081545,11.449559924193178,1.0,0.0,0.0,0.0,0.0,0.0,0.0,0.0,0.0,0.0,0.0,Banks—Regional,Financial Services,17.92,251516160,20208,CBNK
TTM,,,,,,,,,,,,,,,,155653160.0,16.563104739035243,205.195751138088,0.01962422604514525,0.18788403399327128,0.19671702049136103,16.563104739035243,0.18789047715925275,1.4898481222603956,6.13925524450144,1.081922760396901,0.0782743352125626,0.0,0.01339285714285714,0.07518863966550364,205.195751138088,0.01840700917388698,5.155710068875042,1.0,,,,,,,,,,,Banks—Regional,Financial Services,17.92,251516160,20208,CBNK
