Quarters,Year,Quarter,FillingDate,Date,NetIncome,Revenue,OperatingIncome,EPSDiluted,GrossProfit,GrossProfitRatio,TotalAssets,CommonStockEquity,CurrentAssets,CurrentLiability,TotalLiability,Inventory,RetainedEarnings,MarketCap,EnterpriseValue,bookValuePerShare,currentRatio,debtToAssets,debtToEquity,roic,shareholdersEquityPerShare,roe,priceToSalesRatio,peRatio,pbRatio,payoutRatio,inventoryTurnover,dividendYield,assetTurnover,quickRatio,returnOnAssets,priceToFreeCashFlowsRatio,grossProfitMargin,epsdilutedGrowth,fiveYNetIncomeGrowthPerShare,fiveYRevenueGrowthPerShare,fiveYShareholdersEquityGrowthPerShare,grossProfitGrowth,netIncomeGrowth,operatingIncomeGrowth,threeYNetIncomeGrowthPerShare,threeYRevenueGrowthPerShare,threeYShareholdersEquityGrowthPerShare,Industry,Sector,Symbol
2023Q1,2023,Q1,2023-05-10,2023-03-31,9735000.0,40513000.0,21240000.0,0.68,40513000.0,1.0,2245286000.0,234517000.0,405672000.0,1977000.0,2010769000.0,0.0,191058000.0,235605760.0,139742760.0,16.563104739035243,205.195751138088,0.01962422604514525,0.18788403399327128,0.05867479320907644,16.563104739035243,0.041510849959704416,5.815559450053069,6.05048176682075,1.0046425632256937,0.08731381612737545,0.0,0.003607721644835848,0.018043581084993182,205.195751138088,0.004335750545810199,29.318785465405675,1.0,0.09677419354838718,2.026448932938172,1.0396737984035713,0.0,-0.0060598626104023555,0.08274941608274941,0.19392917369308602,2.2516781727130284,0.6361680966016253,0.688930345082694,Banks—Regional,Financial Services,CBNK
2022Q4,2022,Q4,2023-03-15,2022-12-31,8991000.0,40760000.0,17790000.0,0.62,40760000.0,1.0,2123655000.0,224015000.0,321697000.0,11031000.0,1899640000.0,0.0,182435000.0,331231340.0,400566340.0,15.920332598962405,29.162995195358533,0.06077352488987147,0.5761310626520546,0.03891230191981966,15.920332598962405,0.04013570519831261,8.126382237487734,9.210080636191746,1.4786123250675178,0.09376042709376042,0.0,0.0025450490282712982,0.019193324716114436,29.162995195358533,0.004233738530976076,60.13640885984023,1.0,-0.19480519480519484,14.055610591042724,1.4429822117318076,1.6152750727423029,-0.06908758707319858,-0.1896349707075259,0.09322190130891661,0.7372729434120382,0.5769616923906723,0.646589214358938,Banks—Regional,Financial Services,CBNK
2022Q3,2022,Q3,2022-11-09,2022-09-30,11095000.0,43785000.0,16273000.0,0.77,43785000.0,1.0,2009358000.0,214005000.0,294946000.0,481000.0,1795353000.0,0.0,174916000.0,324102424.8,322523424.8,15.252942038463885,613.1933471933472,0.016951683074892577,0.1591645055022079,0.05043470788718232,15.252942038463885,0.05184458307048901,7.402133717026379,7.302893753943218,1.514461927525058,0.07589004055881028,0.0,0.002597944154597389,0.021790542053730596,651.04158004158,0.005521664133519263,20.794458154754267,1.0,-0.03750000000000003,2.4281230594027243,1.2924027692434719,0.0,0.0005255701293359536,-0.035888077858880776,0.0568255617612677,1.42264250608268,0.6863321694250762,0.6380663879403907,Banks—Regional,Financial Services,CBNK
2022Q2,2022,Q2,2022-08-09,2022-06-30,11508000.0,43762000.0,15398000.0,0.8,43762000.0,1.0,2154846000.0,207316000.0,483384000.0,300000.0,1947530000.0,0.0,164750000.0,303957108.0,88420108.0,14.800631673334648,1611.28,0.015807162089541433,0.16429990931717764,0.05029245962989717,14.800631673334648,0.05550946381369504,6.945685937571409,6.603169708029197,1.4661536398541355,0.06082725060827251,0.0,0.0023029565079294018,0.020308643865965363,1611.28,0.005340520853926453,15.465406940063092,1.0,0.1267605633802818,2.4381735737306576,1.2273606046033714,1.2391936087953255,0.05149090559600183,0.12701988052100677,0.05206340530199508,1.8016875925979268,0.9085167263560003,0.6492297302301698,Banks—Regional,Financial Services,CBNK
2022Q1,2022,Q1,2022-05-10,2022-03-31,10211000.0,41619000.0,14636000.0,0.71,41619000.0,1.0,2122453000.0,201492000.0,493680000.0,480000.0,1920961000.0,0.0,153949000.0,319778230.14,40384230.139999986,14.404067212403517,1028.5,0.016048411908296673,0.1690488952414984,0.04677140276228009,14.404067212403517,0.050676949953348024,7.683467410077128,7.829258401233963,1.5870517446846524,0.06855352071295662,0.0,0.0021890170562690824,0.019608914779267198,1028.5,0.004810942810041023,35.17138474923009,1.0,0.0,2.2131099265190644,1.120888646594567,0.0,-0.03855571982997597,0.003932749975420312,-0.01174881836596894,2.0135077902618512,1.1642840255121687,0.6648209948912104,Banks—Regional,Financial Services,CBNK
2021Q4,2021,Q4,2022-03-15,2021-12-31,10171000.0,43288000.0,14810000.0,0.71,43288000.0,1.0,2055300000.0,197903000.0,372094000.0,473000.0,1857397000.0,0.0,144533000.0,363577400.0,217901400.0,14.261223607407942,786.6680761099366,0.016572763100277332,0.17211462180967443,0.04742394117839263,14.261223607407942,0.051393864671076234,8.399034374422472,8.936618818208633,1.8371495126400306,0.1358765116507718,0.0,0.0038011163510163174,0.021061645501873207,786.6680761099366,0.004948669294020338,0.0,1.0,-0.10126582278481021,15.975530615277858,1.6307708742739528,1.3427288579190149,-0.030634181297026157,-0.0900062628612329,0.0,1.8505769225400988,1.2692374298848936,0.6872370445760208,Banks—Regional,Financial Services,CBNK
2021Q3,2021,Q3,2021-11-09,2021-09-30,11177000.0,44656000.0,0.0,0.79,44656000.0,1.0,2169556000.0,189080000.0,0.0,0.0,1980476000.0,0.0,135906000.0,331859580.0,43238580.0,13.708402813021097,0.0,0.015699986541024984,0.18014596995980536,0.0,13.708402813021097,0.05911254495451661,7.431466768183447,7.422823208374339,1.7551278823778296,0.0,0.0,0.0,0.020583013298573535,0.0,0.005151745334068353,12.372663485198718,1.0,0.16176470588235292,2.5129010095342514,1.378246978579191,0.0,0.08940987045936913,0.15847844112769485,0.0,2.0178481502259187,1.0256506397425997,0.5063472718022002,Banks—Regional,Financial Services,CBNK
2021Q2,2021,Q2,2021-08-06,2021-06-30,9648000.0,40991000.0,0.0,0.68,40991000.0,1.0,2151850000.0,177204000.0,0.0,0.0,1974646000.0,0.0,125431000.0,281514700.0,9147700.0,12.872584628795583,0.0,0.015829170248855638,0.19221913726552448,0.0,12.872584628795583,0.05444572357283131,6.867719743358299,7.294638785240464,1.5886475474594253,0.0,0.0,0.0,0.01904919023166113,0.0,0.00448358389292934,13.502551681135786,1.0,0.04615384615384619,1.9329863664007567,1.1228860843820716,0.9474985842264254,0.06761297043885922,0.07414829659318638,0.0,1.9329863664007567,1.1228860843820716,0.9474985842264254,Banks—Regional,Financial Services,CBNK
2021Q1,2021,Q1,2021-05-10,2021-03-31,8982000.0,38395000.0,0.0,0.65,38395000.0,1.0,2091851000.0,167003000.0,0.0,0.0,1924848000.0,0.0,115805000.0,265372530.0,-18020470.0,12.139492621937922,0.0,0.01628318651758658,0.20396040789686412,0.0,12.139492621937922,0.05378346496769519,6.911642922255502,7.3862316299265185,1.5890285204457404,0.0,0.0,0.0,0.018354557757698804,0.0,0.004293804864686826,4.858256229061018,1.0,-0.08450704225352106,1.8739505386251525,0.9895269634530639,0.0,-0.14968773530584223,-0.0729693466818041,0.0,1.8739505386251525,0.9895269634530639,0.0,Banks—Regional,Financial Services,CBNK
2020Q4,2020,Q4,2021-03-15,2020-12-31,9689000.0,45154000.0,0.0,0.71,45154000.0,1.0,1876593000.0,159311000.0,0.0,11134000.0,1717282000.0,0.0,106854000.0,190645980.0,82124980.0,11.640435481513956,0.0,0.019192227616750143,0.2260735291348369,0.0,11.640435481513956,0.06081814815047298,4.222128272135359,4.91913458561255,1.1966906239995982,0.0,0.0,0.0,0.024061690521066634,22.674510508352792,0.0051630801138019804,4.6040856839258115,1.0,0.16393442622950816,15.464937901471385,1.7824718890931979,0.9122050724400437,0.045594535139516036,0.14825788101445841,0.0,15.464937901471385,1.7824718890931979,0.9122050724400437,Banks—Regional,Financial Services,CBNK
2020Q3,2020,Q3,2020-11-09,2020-09-30,8438000.0,43185000.0,0.0,0.61,43185000.0,1.0,1879029000.0,149377000.0,0.0,0.0,1729652000.0,0.0,97580000.0,130500700.00000001,-29688299.999999985,10.828343602754622,0.0,0.02114815684058096,0.2660248900433132,0.0,10.828343602754622,0.05648794660489902,3.021898807456293,3.8664582839535435,0.873633156376149,0.0,0.0,0.0,0.02298261495698044,0.0,0.004490617228366353,-14.725874520424286,1.0,0.7941176470588234,1.65165619037659,1.299572412462986,0.0,0.3278295360206623,0.7723167401806343,0.0,1.65165619037659,1.299572412462986,0.0,Banks—Regional,Financial Services,CBNK
2020Q2,2020,Q2,2020-08-10,2020-06-30,4761000.0,32523000.0,0.0,0.34,32523000.0,1.0,1822365000.0,142108000.0,0.0,0.0,1680257000.0,0.0,89151000.0,147841900.0,-5225100.0,10.285011218064703,0.0,0.023567177815640664,0.30222084611703776,0.0,10.285011218064703,0.0335026880963774,4.545764535866925,7.763174753203107,1.0403488895769415,0.0,0.0,0.0,0.017846589459301513,0.0,0.0026125392004346,-4.871232289950576,1.0,0.6190476190476192,0.4419989313411178,0.6781191123948852,0.5560235464389418,0.340270337097173,0.6226993865030674,0.0,0.4419989313411178,0.6781191123948852,0.5560235464389418,Banks—Regional,Financial Services,CBNK
2020Q1,2020,Q1,2020-05-11,2020-03-31,2934000.0,24266000.0,0.0,0.21,24266000.0,1.0,1507847000.0,136080000.0,0.0,0.0,1371767000.0,0.0,84389000.0,173727520.0,44155520.0,9.806860766791583,0.0,0.029392239398294388,0.32568342151675483,0.0,9.806860766791583,0.02156084656084656,7.1592977829061235,14.802958418541241,1.2766572604350381,0.0,0.0,0.0,0.016093144728875013,0.0,0.0019458207629819205,58.025223780895125,1.0,-0.4166666666666667,-0.06926553853481052,0.2466162875562973,0.0,-0.04204334609766689,-0.42152996845425866,0.0,-0.06926553853481052,0.2466162875562973,0.0,Banks—Regional,Financial Services,CBNK
2019Q4,2019,Q4,2020-03-16,2019-12-31,5072000.0,25331000.0,0.0,0.36,25331000.0,1.0,1428495000.0,133331000.0,0.0,0.0,1295164000.0,0.0,81618000.0,205333100.0,140001100.0,9.668672951414068,0.0,0.03335328440071544,0.35734375351568654,0.0,9.668672951414068,0.038040665711649956,8.106000552682485,10.120913840694007,1.5400252004410078,0.0,0.0,0.0,0.017732648696705273,0.0,0.003550589956562676,26.0575,1.0,0.12499999999999993,8.515002544966393,0.5491702959684767,0.5882984352964444,-0.002912812438496359,0.13189020307966973,0.0,8.515002544966393,0.5491702959684767,0.5882984352964444,Banks—Regional,Financial Services,CBNK
2019Q3,2019,Q3,2019-11-13,2019-09-30,4481000.0,25405000.0,0.0,0.32,25405000.0,1.0,1311406000.0,127829000.0,0.0,0.0,1183577000.0,0.0,77095000.0,186975360.0,186333360.0,9.311553030303031,0.0,0.03886820709986076,0.39875145702461884,0.0,9.311553030303031,0.03505464331255036,7.35978586892344,10.431564382950233,1.4626990745448996,0.0,0.0,0.0,0.019372337780977057,0.0,0.0034169433417263607,-12.60621359223301,1.0,0.10344827586206906,0.4150346370938021,0.3594016711577199,0.0,0.13122272686793124,0.11384538901317424,0.0,0.4150346370938021,0.3594016711577199,0.0,Banks—Regional,Financial Services,CBNK
2019Q2,2019,Q2,2019-08-12,2019-06-30,4023000.0,22458000.0,0.0,0.29,22458000.0,1.0,1234157000.0,123118000.0,0.0,0.0,1111039000.0,0.0,72940000.0,168743700.0,145504700.0,8.974269261607988,0.0,0.04399602319640046,0.4410240582205689,0.0,8.974269261607988,0.032675969395214347,7.51374565856265,10.486185682326623,1.3705851297129585,0.0,0.0,0.0,0.01819703651966484,0.0,0.0032597149309204583,-7.853658196034627,1.0,0.2083333333333333,0.2271794981047602,0.1670637065131471,0.3577208606849569,0.19229135697600339,0.2121120819523953,0.0,0.2271794981047602,0.1670637065131471,0.3577208606849569,Banks—Regional,Financial Services,CBNK
2019Q1,2019,Q1,2019-05-14,2019-03-31,3319000.0,18836000.0,0.0,0.24,18836000.0,1.0,1123752000.0,118550000.0,0.0,0.0,1005202000.0,0.0,68918000.0,163053800.0,141028800.0,8.652021602685739,0.0,0.013704981170222612,0.12991142977646564,0.0,8.652021602685739,0.02799662589624631,8.656498194945849,12.281846941849956,1.37540109658372,0.0,0.0,0.0,0.016761705429667755,0.0,0.002953498636709879,91.14242593627725,1.0,-0.040000000000000036,0.06623581226576788,-0.020050685772322486,0.0,0.010948905109489052,-0.04763271162123386,0.0,0.06623581226576788,-0.020050685772322486,0.0,Banks—Regional,Financial Services,CBNK
2018Q4,2018,Q4,2019-04-01,2018-12-31,3485000.0,18632000.0,0.0,0.25,18632000.0,1.0,1105058000.0,114564000.0,0.0,1396000.0,990494000.0,0.0,65701000.0,154651140.0,139606140.0,8.452412571934484,0.0,0.0157394453503798,0.15181907056317867,0.0,8.452412571934484,0.030419678083865788,8.300297337913268,11.094055954088953,1.3499104430711217,0.0,0.0,0.0,0.01686065346796277,60.051575931232094,0.0031536806212886562,15.91224817368042,1.0,-0.03846153846153849,6.253508683404841,0.15931935531637953,0.3885001312946575,-0.005338458253256459,0.10740387670797585,0.0,6.253508683404841,0.15931935531637953,0.3885001312946575,Banks—Regional,Financial Services,CBNK
2018Q3,2018,Q3,2018-11-15,2018-09-30,3147000.0,18732000.0,0.0,0.26,18732000.0,1.0,1072905000.0,106657000.0,0.0,0.0,966248000.0,0.0,62482000.0,149898800.0,142808800.0,9.100426621160409,0.0,0.030185337937655245,0.30364626794303234,0.0,9.100426621160409,0.029505798963031026,8.002284860132393,11.908071178900538,1.4054286169684127,0.0,0.0,0.0,0.017459141303284076,0.0,0.002933158108127001,59.75365670193051,1.0,0.08806186887180541,0.1640416729619987,0.17406572086951574,0.0,0.014679594821515627,0.0006359300476947536,0.0,0.1640416729619987,0.17406572086951574,0.0,Banks—Regional,Financial Services,CBNK
2018Q2,2018,Q2,2018-06-30,2018-06-30,3145000.0,18461000.0,0.0,0.238957,18461000.0,1.0,1067786156.0,86994094.0,0.0,0.0,980792062.0,0.0,59334951.0,168465561.60000002,118120485.60000002,6.60980435778276,0.0,0.01627437563444117,0.19975554892266595,0.0,6.60980435778276,0.03615187945977114,9.125484079952333,13.391539077901433,1.9365172261004293,0.0,0.0,0.0,0.017289042282732123,0.0,0.0029453462964732424,90.74916038519987,1.0,0.0518399506998856,0.0,0.0,0.0,-0.00010832475762335481,0.051839464882943144,0.0,0.0,0.0,0.0,Banks—Regional,Financial Services,CBNK
2018Q1,2018,Q1,2018-03-31,2018-03-31,2990000.0,18463000.0,0.0,0.22718,18463000.0,1.0,,,,,,,,168465561.60000002,,,0.0,0.0,0.0,0.0,,0.0,9.124495564101176,14.085749297658865,0.0,0.0,0.0,0.0,0.0,0.0,0.0,13.495598942561886,1.0,5.641776746037414,0.0,0.0,0.0,0.18307478335980296,5.641775983854692,0.0,0.0,0.0,0.0,Banks—Regional,Financial Services,CBNK
2017Q4,2017,Q4,2017-12-31,2017-12-31,-644150.0,15605945.0,0.0,-0.04894246587665784,15605945.0,1.0,1026008747.0,80119075.0,0.0,2882763.0,945889672.0,0.0,53199657.0,168465561.60000002,139281763.60000002,6.087440959802671,0.0,0.018870434639676616,0.24165569809686394,0.0,6.087440959802671,-0.008039908099288465,10.794960612766483,-65.38289280447101,2.102689797654304,0.0,0.0,0.0,0.01521034303618856,36.923080391971176,-0.0006278211583317037,26.436677819942137,1.0,-1.2121706551497033,0.0,0.0,0.0,-0.12898671652620416,-1.2121706192358366,0.0,0.0,0.0,0.0,Banks—Regional,Financial Services,CBNK
2017Q3,2017,Q3,2017-09-30,2017-09-30,3036000.0,17917000.0,0.0,0.230675,17917000.0,1.0,,,,,,,,168465561.60000002,,,0.0,0.0,0.0,0.0,,0.0,9.402554088296034,13.872328853754942,0.0,0.0,0.0,0.0,0.0,0.0,0.0,38.24373425954303,1.0,0.0,0.0,0.0,0.0,0.0,0.0,0.0,0.0,0.0,0.0,Banks—Regional,Financial Services,CBNK
