Quarters,Year,Quarter,FillingDate,Date,NetIncome,Revenue,OperatingIncome,EPSDiluted,GrossProfit,GrossProfitRatio,TotalAssets,CommonStockEquity,CurrentAssets,CurrentLiability,TotalLiability,Inventory,RetainedEarnings,MarketCap,EnterpriseValue,bookValuePerShare,currentRatio,debtToAssets,debtToEquity,roic,shareholdersEquityPerShare,roe,priceToSalesRatio,peRatio,pbRatio,payoutRatio,inventoryTurnover,dividendYield,assetTurnover,quickRatio,returnOnAssets,priceToFreeCashFlowsRatio,grossProfitMargin,epsdilutedGrowth,fiveYNetIncomeGrowthPerShare,fiveYRevenueGrowthPerShare,fiveYShareholdersEquityGrowthPerShare,grossProfitGrowth,netIncomeGrowth,operatingIncomeGrowth,threeYNetIncomeGrowthPerShare,threeYRevenueGrowthPerShare,threeYShareholdersEquityGrowthPerShare,Industry,Sector,Symbol
2023Q1,2023,Q1,2023-05-08,2023-03-31,8126000.0,553606000.0,30645000.0,0.14,121614000.0,0.2196760873,3805351000.0,1103443000.0,371364000.0,788381000.0,2701908000.0,0.0,559728000.0,4434921643.34,6309222643.34,19.155710833713833,0.47104635956472823,0.50427148507457,1.7390386272784366,0.003580485976196654,19.155710833713833,0.007364222710189833,8.010971057647497,136.4423345846665,4.019166955918883,0.0,0.0,0.0,0.14548092935448004,0.34932095014973724,0.0021354140524750542,92.43271453397249,0.21967608732564314,-0.5483870967741935,-0.7799131413926796,0.20616523212447696,0.5121015738974233,0.09306129786086643,-0.5496064737833943,-0.22515802781289507,-0.734083855623997,0.09959269028142544,0.18365290544729346,Personal Services,Consumer Cyclical,BFAM
2022Q4,2022,Q4,2023-02-28,2022-12-31,18042000.0,529522000.0,39550000.0,0.31,111260000.0,0.2101140274,3798869000.0,1080453000.0,347710000.0,786294000.0,2718416000.0,73269000.0,551602000.0,3628666586.2000003,5558518586.200001,18.78832972951523,0.44221372667221165,0.5175424580315878,1.8196774871280843,0.006749189450534243,18.78832972951523,0.01669855144092339,6.852721107338317,50.28082510530984,3.358467778052354,0.0,5.708580709440555,0.0,0.1393893814185222,0.34477561828018527,0.004749308280964677,102.92337718969821,0.21011402736807913,0.0,-0.6440047735456614,0.22192627906170279,0.4641430120809621,-0.1362404800906769,-0.011288908373520385,0.012830034059771057,-0.6197336755375776,0.023910783984421976,0.11985446213678849,Personal Services,Consumer Cyclical,BFAM
2022Q3,2022,Q3,2022-11-08,2022-09-30,18248000.0,540215000.0,39049000.0,0.31,128809000.0,0.2384402506,3716130000.0,993756000.0,302844000.0,690016000.0,2722374000.0,0.0,533560000.0,3324381196.75,5281327196.75,17.233292456354945,0.4388941705699578,0.5353822390497641,2.0020508052278427,0.006719284842207093,17.233292456354945,0.018362656426728494,6.153811346871153,45.54445962228738,3.3452690567402863,0.0,0.0,0.0,0.14537031804592412,0.32899816815841953,0.0049104848323390194,-249.61564775116383,0.2384402506409485,-0.26190476190476186,-0.4016769573731245,0.27148890717954216,0.30858432653475076,0.0022096868313557674,-0.2684706353978753,-0.18345113127849108,-0.5555943228336103,0.06091374468388511,0.11617486066152811,Personal Services,Consumer Cyclical,BFAM
2022Q2,2022,Q2,2022-08-05,2022-06-30,24945000.0,490341000.0,47822000.0,0.42,128525000.0,0.2621135088,3525393000.0,1118986000.0,516909000.0,599358000.0,2406407000.0,0.0,515312000.0,4996234478.88,6484899478.88,18.929595302180683,0.8624378084550469,0.4989769934869673,1.5720393284634482,0.00961730481879119,18.929595302180683,0.022292504106396327,10.189305970498083,50.07250429825616,4.464966030745693,0.0,0.0,0.0,0.1390883229188916,0.7366865879824745,0.007075806867489667,83.88432831685164,0.2621135087622695,0.2727272727272726,-0.2457703830120986,0.09942541452734609,0.548193759182336,0.16778273471501648,0.28542718746779344,0.5345270183545117,-0.5051186900792363,-0.09130699681678703,0.24667531734101245,Personal Services,Consumer Cyclical,BFAM
2022Q1,2022,Q1,2022-05-06,2022-03-31,19406000.0,460409000.0,31164000.0,0.33,110059000.0,0.2390461524,3594123000.0,1172506000.0,521073000.0,598609000.0,2421617000.0,0.0,490367000.0,7841278927.559999,9352524927.56,19.84112828752699,0.8704730466798862,0.4920457647108905,1.5082848190115872,0.006739323041252789,19.84112828752699,0.016550874792964812,17.03111565490683,101.0161667468824,6.687623711571625,0.0,0.0,0.0,0.12810051297632274,0.7432764960099163,0.005399370027124837,166.96716409854565,0.2390461524427194,0.13793103448275876,-0.5296885193443823,0.09355258575661829,0.6192913996342984,0.024700668491518165,0.09681795060193296,-0.04804960747777744,-0.5494717984760074,-0.10439023252779699,0.3672650475531163,Personal Services,Consumer Cyclical,BFAM
2021Q4,2021,Q4,2022-02-25,2021-12-31,17693000.0,462656000.0,32737000.0,0.29,107406000.0,0.2321508853,3640047000.0,1179276000.0,540271000.0,622175000.0,2460771000.0,-3333000.0,470961000.0,7538474226.599999,9061142226.599998,19.69195070750446,0.8683585807851488,0.4900068598015355,1.5124941065535125,0.006326555884584842,19.69195070750446,0.015003273194739824,16.293907842111633,106.5177503334652,6.3924596333682695,0.0,-106.58565856585659,0.0,0.1271016555555464,0.7639072608189015,0.004860651524554491,237.851777200732,0.23215088532300457,-0.34090909090909094,0.017083993231802666,0.1424801251797884,0.6872136778693103,-0.10692221344530828,-0.3402811439650994,-0.2881713415959991,-0.6344629602594187,-0.06748008270906787,0.45834030449190744,Personal Services,Consumer Cyclical,BFAM
2021Q3,2021,Q3,2021-11-05,2021-09-30,26819000.0,460333000.0,45990000.0,0.44,120265000.0,0.26125652516765036,3711866000.0,1259229000.0,648627000.0,563338000.0,2452637000.0,0.0,453268000.0,8395606107.799999,9798743107.8,20.91114148588904,1.151399337520281,0.48911760284449923,1.4417862040979044,0.008659768947048301,20.91114148588904,0.02129795295375186,18.238114816448093,78.26173708751257,6.66725917827496,0.0,0.0,0.0,0.12401659973716724,1.0166507496387605,0.007225206944431723,232.40432132318338,0.26125652516765036,0.41935483870967744,0.16590658723463567,0.17332375222586155,0.7655102018906811,0.13476816817950218,0.42540526175923465,0.352169822415618,-0.23493097830794227,-0.0643585763422135,0.5469947829084034,Personal Services,Consumer Cyclical,BFAM
2021Q2,2021,Q2,2021-08-06,2021-06-30,18815000.0,441478000.0,34012000.0,0.31,105982000.0,0.24006179243359804,3740883000.0,1271144000.0,654464000.0,564520000.0,2469739000.0,0.0,426449000.0,8907735284.08,10315613284.08,20.99276503806807,1.1593282788918018,0.4882579861492594,1.436907226875948,0.0067194901008173534,20.99276503806807,0.014801627510337145,20.177076284843185,118.35949088599524,7.007652385630583,0.0,0.0,0.0,0.11801438323518805,0.9918001133706512,0.005029561202528922,173.3393388483917,0.24006179243359804,1.5833333333333335,-0.3947639516674508,0.07389733164919768,0.8336298498668682,0.30266230733302196,1.6381099270891755,1.481178873650423,-0.5571635842424968,-0.14221247624202157,0.6147305203667962,Personal Services,Consumer Cyclical,BFAM
2021Q1,2021,Q1,2021-05-10,2021-03-31,7132000.0,390840000.0,13708000.0,0.12,81358000.0,0.20816190768600962,3789665000.0,1310625000.0,686154000.0,562779000.0,2479040000.0,0.0,407634000.0,10389003663.15,11787762663.15,21.62927875817764,1.2192245979327587,0.4857640451068894,1.4045840724845016,0.00525665468027237,21.62927875817764,0.005441678588459705,26.581219074685293,364.1686645804122,7.9267552985407725,0.0,0.0,0.0,0.10313312654284745,1.081714136454985,0.0018819605426864908,206.2005768443721,0.20816190768600962,1.9999999999999996,-0.7152011473409275,0.0015520598963275772,0.7774804556416653,0.08069550894624285,1.7913894324853228,0.7426900584795322,-0.816369908931426,-0.19049368052817703,0.7073585384753728,Personal Services,Consumer Cyclical,BFAM
2020Q4,2020,Q4,2021-03-01,2020-12-31,2555000.0,377078000.0,7866000.0,0.04,75283000.0,0.19964834861752742,3726648000.0,1283797000.0,624185000.0,530814000.0,2442851000.0,0.0,400502000.0,10443974399.16,11177698399.16,21.264322808744346,1.1759015398990984,0.3000197496516977,0.8709071605557577,-0.00482148794749764,21.264322808744346,0.001990190037833084,27.697119426643823,1021.9153032446184,8.13522262410646,0.0,0.0,0.0,0.1011842277564181,1.1130565508822299,0.0006856027185824902,1102.4991448495725,0.19964834861752742,1.3636363636363635,-0.8938274244755884,0.0085709945486357,0.7536592109355155,0.3645393413206213,1.3839795611662158,2.3271469546144763,-0.9519798727012531,-0.17117069519261785,0.6570929984344148,Personal Services,Consumer Cyclical,BFAM
2020Q3,2020,Q3,2020-11-09,2020-09-30,-6654000.0,337920000.0,-5927000.0,-0.11,55171000.0,0.16326645359848485,3673521000.0,1227113000.0,615497000.0,504827000.0,2446408000.0,0.0,397947000.0,9152320711.8,9914690711.8,20.38502215940234,1.2192236152186788,0.30697252036942213,0.9189618234017568,-0.000821408883976831,20.38502215940234,-0.0054224835039641825,27.084282409446022,-343.8653708972047,7.4584172050984705,0.0,0.0,0.0,0.09198804090135868,1.0209418275963844,-0.0018113412173225633,94.8692454033771,0.16326645359848485,-19.465936545961004,-1.324175295029691,-0.0751373404095074,0.7193489159960231,-0.15428597706787664,-19.534818941504177,-1.7304658614739956,-1.2089976435221845,-0.23810000695168637,0.547906214753561,Personal Services,Consumer Cyclical,BFAM
2020Q2,2020,Q2,2020-08-10,2020-06-30,359000.0,293772000.0,8114000.0,0.005956914220202926,65236000.0,0.22206336887109732,3611596000.0,1198275000.0,576921000.0,491547000.0,2413321000.0,0.0,404601000.0,6988803361.6,7846369361.6,20.094688995205683,1.1736843068923215,0.3123295075085918,0.9413598714819219,-0.000913068033626614,20.094688995205683,0.0002995973378398114,23.789889307354002,4866.854708635097,5.832386857440905,0.0,0.0,0.0,0.08134132389115505,1.0008686860056109,9.940203721567971e-05,-248.68531336867952,0.22206336887109732,-0.988544395730379,-0.9862764401683857,-0.1839918994982568,0.6612866212765895,-0.40072938388190227,-0.9883183652219185,-0.8125274369815855,-0.9892397431867826,-0.3470407513880818,0.6434832123169315,Personal Services,Consumer Cyclical,BFAM
2020Q1,2020,Q1,2020-05-11,2020-03-31,30732000.0,506323000.0,43281000.0,0.52,108859000.0,0.21499912111438746,3350994000.0,937528000.0,284165000.0,497181000.0,2413466000.0,0.0,404242000.0,5908952718.0,6982568718.0,16.183554102353202,0.5715524125016845,0.3350784871593324,1.1976666296899932,0.014015971244828623,16.183554102353202,0.032779820976013514,11.670322537194636,48.06840360210855,6.302694658719526,0.0,0.0,0.0,0.15109636125877873,0.44409581218912225,0.009171010154002067,125.75182953457193,0.21499912111438746,-0.3580246913580247,0.452265342115577,0.5383985980624099,0.3041325768566569,-0.16995303016439442,-0.3565730795804284,-0.35829614363870893,-0.24023594428687695,0.22676644560099107,0.32078627755917943,Personal Services,Consumer Cyclical,BFAM
2019Q4,2019,Q4,2020-02-27,2019-12-31,47763000.0,520615000.0,67447000.0,0.81,131148000.0,0.2519097605716316,3330420000.0,971268000.0,228888000.0,483290000.0,2359152000.0,0.0,373510000.0,8700467245.68,9794517245.68,16.777474542241244,0.47360384034430675,0.3368710252760913,1.1551106388761907,0.019773953368847214,16.777474542241244,0.04917592260838409,16.711902741334768,45.53978626593807,8.957844020064494,0.0,0.0,0.0,0.15632112466295542,0.40096008607668276,0.014341434413677554,422.96875282839085,0.2519097605716316,0.17391304347826103,1.8463385440651603,0.7354697271740608,0.45626939257444943,0.04734068040249161,0.15777863964706454,0.07692921809385428,1.8402800753220048,0.32990726982403845,0.4375002734993597,Personal Services,Consumer Cyclical,BFAM
2019Q3,2019,Q3,2019-11-06,2019-09-30,41254000.0,511584000.0,62629000.0,0.69,125220000.0,0.24476918746481516,3211226000.0,894495000.0,228129000.0,469991000.0,2316731000.0,0.0,325747000.0,8835105495.0,9908485495.0,15.439599173682533,0.4853901457687488,0.34937092562155386,1.2542373070838853,0.018245502082301402,15.439599173682533,0.04611987769635381,17.270097374038283,53.54090206404227,9.877199419784347,0.0,0.0,0.0,0.1593111166887662,0.35341527816490104,0.012846806795909101,159.25421779804608,0.24476918746481516,-0.16867469879518074,2.0599428708000898,0.742122187612425,0.07127519914223773,-0.10314350993045458,-0.16366290266993735,-0.16308313177341546,0.8641133665555798,0.35533853661600356,0.30355245659993346,Personal Services,Consumer Cyclical,BFAM
2019Q2,2019,Q2,2019-08-07,2019-06-30,49327000.0,528060000.0,74833000.0,0.83,139621000.0,0.26440366625004735,3193479000.0,878362000.0,187140000.0,453325000.0,2315117000.0,0.0,284493000.0,8896387017.699999,9997663017.699999,15.18406199182231,0.4128164120663983,0.3519459498559408,1.2795772130397263,0.021370111381243513,15.18406199182231,0.05615793943727074,16.847303370260953,45.08883075040038,10.128383306313342,0.0,0.0,0.0,0.16535571394081502,0.2960017647383224,0.015446163885843621,149.16312359914153,0.26440366625004735,0.16901408450704225,1.5828843203205363,0.7248023465893019,0.04935099503367265,0.09983693982528141,0.17327910185053041,0.1895247178508981,0.660905042566645,0.3445485986407527,0.3262640371549934,Personal Services,Consumer Cyclical,BFAM
2019Q1,2019,Q1,2019-05-09,2019-03-31,42042000.0,501758000.0,62910000.0,0.71,126947000.0,0.2530044364016119,3196536000.0,837012000.0,187635000.0,514256000.0,2359524000.0,0.0,235166000.0,7253139405.75,8408191405.75,14.511545016845893,0.36486691453283965,0.3676420350028906,1.4040192972143768,0.019019985831343962,14.511545016845893,0.05022867055669453,14.455453437214754,43.13031852522478,8.665514240835257,0.0,0.0,0.0,0.15696929426103756,0.2925138452443919,0.013152362432333,87.57926303158733,0.2530044364016119,-0.10126582278481021,1.970806063672697,0.7130315459904284,0.037413435928607894,0.052331846743040936,-0.09891334633602675,-0.012820311641847255,0.7637159714689321,0.35078804543367453,0.19254959617437706,Personal Services,Consumer Cyclical,BFAM
2018Q4,2018,Q4,2019-02-27,2018-12-31,46657000.0,478241000.0,63727000.0,0.79,120634000.0,0.25224520691450547,2524306000.0,779477000.0,193891000.0,483785000.0,1744829000.0,0.0,193124000.0,6433592011.35,7583962011.35,13.502987366426266,0.4007792717839536,0.46183782790200556,1.4956438740334865,0.02957662876115833,13.502987366426266,0.059856801419413276,13.452614918733442,34.472812286205716,8.253729117536501,0.0,0.0,0.0,0.1894544480740449,0.30308504811021425,0.018483099909440456,256.22653277111795,0.25224520691450547,0.38596491228070196,1.2191686799597061,0.6920933304900854,-0.009980569792538122,0.0671797593772116,0.38860119047619046,0.1490623873061666,1.0277276114375913,0.33780692975953097,0.11358534119608761,Personal Services,Consumer Cyclical,BFAM
2018Q3,2018,Q3,2018-11-06,2018-09-30,33600000.0,471585000.0,55460000.0,0.57,113040000.0,0.23970228060688953,2497414000.0,780213000.0,174458000.0,452517000.0,1717201000.0,0.0,146467000.0,6764752356.0,7887272356.0,13.517266972662554,0.38552805750944164,0.4580033586742126,1.4660406837619984,0.0221805473324333,13.517266972662554,0.04306516297472613,14.34471485734279,50.332978839285715,8.670391746869123,0.0,0.0,0.0,0.18882932505383568,0.27903703065299207,0.013453916731467029,245.05532896214453,0.23970228060688953,-0.16176470588235306,1.5119277653523238,0.7183301232891243,0.03240713622252264,-0.10312051223053548,-0.16885172908524218,-0.14180490220351571,0.7072042132188131,0.34608476861319004,0.14009678944384324,Personal Services,Consumer Cyclical,BFAM
2018Q2,2018,Q2,2018-08-07,2018-06-30,40426000.0,489699000.0,64624000.0,0.68,126037000.0,0.257376470035675,2481754000.0,749022000.0,160257000.0,469224000.0,1732732000.0,0.0,112867000.0,5906545861.92,7047963861.92,13.000785439603527,0.3415362385555726,0.46915608879848686,1.5544670250006007,0.026025951223328302,13.000785439603527,0.05397171244636339,12.061584487450455,36.526900150398255,7.885677405897289,0.0,0.0,0.0,0.19731971823154107,0.24271350144067652,0.016289285722920162,104.43158227549992,0.257376470035675,0.09677419354838718,0.8479724920220938,0.7702270882832378,0.035797730251518466,0.11002783062072853,0.08386508659981769,0.16894580710512988,0.5994966315018879,0.4078731092414917,0.07481289817691728,Personal Services,Consumer Cyclical,BFAM
2018Q1,2018,Q1,2018-05-07,2018-03-31,37298000.0,463657000.0,55284000.0,0.62,113544000.0,0.24488792361594885,2514480000.0,737177000.0,196346000.0,511723000.0,1777303000.0,0.0,72441000.0,5802788470.68,6966402470.68,12.668269886354409,0.3836958667091376,0.4708480481053737,1.606043053432215,0.02451579396999867,12.668269886354409,0.05059571853164165,12.515261218271267,38.89476963027508,7.871635266265768,0.0,0.0,0.0,0.18439478540294613,0.24934583749411302,0.014833285609748337,62.40698268156545,0.24488792361594885,-0.27906976744186046,1.704812451243219,0.587128955425186,-0.09632435903554883,0.049962548894498846,-0.27497861752585334,0.057743083457697165,0.7546745081917681,0.4024710778548151,0.020857553706616214,Personal Services,Consumer Cyclical,BFAM
2017Q4,2017,Q4,2018-02-28,2017-12-31,51444000.0,439879000.0,52266000.0,0.86,108141000.0,0.24584260671684713,2468644000.0,749060000.0,192461000.0,460655000.0,1719584000.0,0.0,35143000.0,5487060966.0,6647694966.0,12.832305023818465,0.417798569428314,0.4795592236061579,1.5804621792646785,0.0343645067112393,12.832305023818465,0.06867807652257496,12.474023460997229,26.665213465127128,7.325262283395189,0.0,0.0,0.0,0.1781864861843182,0.30470742746741053,0.020838970706185258,548.2127051653512,0.24584260671684713,0.6862745098039215,12.625676787253997,0.7785628554130104,4.261759533589206,0.047938833653119364,0.6538820125381771,0.16242243622534083,2.040396656740593,0.4542335322361074,0.11383229909343691,Personal Services,Consumer Cyclical,BFAM
2017Q3,2017,Q3,2017-11-07,2017-09-30,31105000.0,433316000.0,44963000.0,0.51,103194000.0,0.23814952598103925,2463150000.0,774513000.0,195786000.0,398441000.0,1688637000.0,0.0,-16301000.0,5070138380.48,6152766380.48,13.16941683230324,0.4913801541508028,0.45668879280595986,1.452387500274366,0.021568348133576783,13.16941683230324,0.04016072034943248,11.700787371064072,40.75018791576917,6.546227604288114,0.0,0.0,0.0,0.17591945273328868,0.34727851802399856,0.012628138765402025,398.00128585289264,0.23814952598103925,-0.0555555555555556,0.3109166668273121,-0.8332792803474401,0.0,-0.09748908965288042,-0.05856537530266344,-0.20848149843326408,1.272778894855985,0.4536040096933354,-0.08624119830386477,Personal Services,Consumer Cyclical,BFAM
2017Q2,2017,Q2,2017-08-07,2017-06-30,33040000.0,445546000.0,56806000.0,0.54,114341000.0,0.2566311895965849,2418372000.0,722037000.0,167906000.0,397126000.0,1696335000.0,0.0,-47406000.0,4559497572.0,5653799572.0,12.226890329397898,0.4228028383938599,0.46669370965260926,1.5631318062647759,0.021974212964672783,12.226890329397898,0.04575942784095552,10.233505792892316,34.49983029661017,6.314769979931776,0.0,0.0,0.0,0.18423385649519594,0.2924562985047567,0.013662083418101103,118.05135727416307,0.2566311895965849,-0.2058823529411765,2.7244703918944135,-0.831499199575046,0.0,0.08964682562372539,-0.2014308502924542,0.10508909812465957,0.6947374473555479,0.42557721834499374,-0.15501533514343543,Personal Services,Consumer Cyclical,BFAM
2017Q1,2017,Q1,2017-05-09,2017-03-31,41374000.0,422164000.0,51404000.0,0.68,104934000.0,0.24856217015188412,2376458000.0,726051000.0,166465000.0,356112000.0,1650407000.0,0.0,-80446000.0,4295402561.45,5351319561.45,12.252969596459241,0.46745125129172843,0.453368416357453,1.483932946859105,0.029024891623292623,12.252969596459241,0.05698497763931184,10.174724897077912,25.954721331331267,5.91611685880193,0.0,0.0,0.0,0.17764420831338068,0.3358437794851058,0.017409943706137455,49.49817999112688,0.24856217015188412,1.4285714285714286,0.20306899718355462,-0.8331206620973609,0.0,0.0576318335752298,1.4167056074766355,0.08566359719523528,1.845841464633711,0.40295748422151345,-0.1240494878639469,Personal Services,Consumer Cyclical,BFAM
2016Q4,2016,Q4,2017-03-01,2016-12-31,17120000.0,398537000.0,47348000.0,0.28,99216000.0,0.24895053658756902,2359017000.0,687867000.0,154399000.0,387580000.0,1671150000.0,0.0,-121820000.0,4126747804.02,5252873804.02,11.671284417497342,0.39836678879199133,0.48357387844174077,1.6584005338241259,0.017876453635127416,11.671284417497342,0.024888532230794617,10.354741978837598,60.26208825963784,5.999339703779945,0.0,0.0,0.0,0.16894197879879627,0.28857268176892514,0.0072572601214828045,175.78581547197138,0.24895053658756902,-0.24324324324324317,3.491105149587606,0.5959921312977943,3.966647312960697,0.08465978660136435,-0.2394491337183474,0.0588840433858884,-0.20243720739334542,0.3811275118233165,-0.14427837076040545,Personal Services,Consumer Cyclical,BFAM
2016Q3,2016,Q3,2016-11-07,2016-09-30,22510000.0,383929000.0,44715000.0,0.37,91472000.0,0.23825238520663977,2128697000.0,697961000.0,146146000.0,309125000.0,1430736000.0,0.0,-138940000.0,3941711578.96,4862135578.96,11.844248457751954,0.47277315002021836,0.44154146879523015,1.3466483084298406,0.017962153755627167,11.844248457751954,0.032251085662379414,10.266772186940814,43.777338726788095,5.647466805394571,0.0,0.0,0.0,0.1803586889068759,0.33209543065103114,0.010574543958111464,-772.581650129361,0.23825238520663977,-0.26,-0.05319859238764592,-0.8525739298209659,0.0,-0.1236887232595346,-0.25961253823635827,-0.20967513874650925,0.648329410812791,0.3702448619303245,-0.09537285490432934,Personal Services,Consumer Cyclical,BFAM
2016Q2,2016,Q2,2016-08-05,2016-06-30,30403000.0,402053000.0,56578000.0,0.5,104383000.0,0.259624974816753,2107835000.0,677985000.0,150563000.0,320334000.0,1429850000.0,0.0,-161450000.0,3926821306.02,4822732306.02,11.44874743372675,0.4700187928849264,0.44639974191528276,1.3878433888655353,0.022961542721338095,11.44874743372675,0.044843174996496975,9.766924524925818,32.289751883202314,5.7918999771676365,0.0,0.0,0.0,0.19074215960926733,0.3650065244401156,0.014423804519803496,88.38419289248013,0.259624974816753,0.24999999999999994,2.582389777230016,-0.8483738695546618,0.0,0.08986593718676913,0.2295466494115744,0.16422824454184415,0.35211628097849174,0.41398871735329473,-0.08785614060263237,Personal Services,Consumer Cyclical,BFAM
2016Q1,2016,Q1,2016-05-06,2016-03-31,24727000.0,385322000.0,48597000.0,0.4,95776000.0,0.2485609438339882,2143991000.0,728068000.0,159659000.0,301681000.0,1415923000.0,0.0,-191853000.0,3875927843.04,4748540843.04,12.16850440719447,0.5292312077989665,0.42573173114999086,1.2536809748539972,0.019316496344816855,12.16850440719447,0.03396248702044315,10.05893212180981,39.18720268370607,5.323579450051369,0.0,0.0,0.0,0.1797218365189033,0.41256824261388686,0.011533164085110431,51.56902398935604,0.2485609438339882,0.025641025641025664,-0.287925413464691,-0.8491531623468144,0.0,0.06532596242617043,0.033823898319257466,0.08277260371641193,1.4544427528399815,0.28279993689633287,-0.1319745222988237,Personal Services,Consumer Cyclical,BFAM
2015Q4,2015,Q4,2016-02-29,2015-12-31,23918000.0,371596000.0,44882000.0,0.39,89903000.0,0.24193748048956393,2150541000.0,727608000.0,152713000.0,305343000.0,1422933000.0,0.0,-216580000.0,4008367867.6,4936039867.6,12.125687064022307,0.5001359127276538,0.4367324315137447,1.2908200569537442,0.01885896752316487,12.125687064022307,0.03287209596376071,10.786897242166223,41.89697996906095,5.508966184538927,0.0,0.0,0.0,0.1727918695807241,0.3564319470235113,0.01112185259430069,350.9032537512037,0.24193748048956393,0.1818181818181818,5.1626717692750725,0.46159766935188423,4.082148944323098,0.05292560667103907,0.16344002334857477,0.07524975443808246,5.1626717692750725,0.46159766935188423,4.082148944323098,Personal Services,Consumer Cyclical,BFAM
2015Q3,2015,Q3,2015-11-09,2015-09-30,20558000.0,365944000.0,41741000.0,0.33,85384000.0,0.2333253175349234,2153941000.0,714823000.0,167141000.0,315612000.0,1439118000.0,0.0,-240498000.0,3873083690.08,4794877690.08,11.856245099380102,0.5295774558635287,0.43788896724654947,1.3194692951961535,0.016476873318973254,11.856245099380102,0.028759567053662234,10.583815256104758,47.0994708882187,5.4182415648069515,0.0,0.0,0.0,0.16989508997693065,0.3001280052722964,0.009544365421336982,507.6790785266745,0.2333253175349234,-0.23255813953488366,-0.15484462134669694,-0.8626558075114216,0.0,-0.10928437304402254,-0.23630149708384413,-0.19941309601442325,-0.15484462134669694,-0.8626558075114216,0.0,Personal Services,Consumer Cyclical,BFAM
2015Q2,2015,Q2,2015-08-07,2015-06-30,26919000.0,370465000.0,52138000.0,0.43,95860000.0,0.25875588787064907,2148670000.0,742238000.0,205013000.0,288463000.0,1406432000.0,0.0,-261056000.0,3546780417.3999996,4388023417.4,12.09585915991079,0.7107081324121292,0.42731689836038106,1.2370196621568823,0.020229255395821086,12.09585915991079,0.03626734281995802,9.573861005493095,32.93937755302946,4.778494791966996,0.0,0.0,0.0,0.1724159596401495,0.5014854591403404,0.012528215128428284,82.73724963609219,0.25875588787064907,0.22857142857142862,2.3521086737879533,-0.8651678139367321,0.0,0.106826159246259,0.19470086987395704,0.2170117410891436,2.3521086737879533,-0.8651678139367321,0.0,Personal Services,Consumer Cyclical,BFAM
2015Q1,2015,Q1,2015-05-08,2015-03-31,22532000.0,350440000.0,42841000.0,0.35,86608000.0,0.247140737358749,2153514000.0,765451000.0,254149000.0,272476000.0,1388063000.0,0.0,-287975000.0,3162485564.28,3958463564.28,12.409439338874831,0.9327390302265154,0.4270411058391076,1.201434187165475,0.01745942796363138,12.409439338874831,0.029436240856697556,9.02432817109919,35.08882438620629,4.131532344042924,0.0,0.0,0.0,0.1627293809095274,0.7280274225986876,0.010462899242818947,104.1970796441633,0.247140737358749,0.2499999999999998,-0.3706049754851523,-0.8669252738133593,0.0,0.07616988493749845,0.19254789880385306,0.14769074153450493,-0.3706049754851523,-0.8669252738133593,0.0,Personal Services,Consumer Cyclical,BFAM
2014Q4,2014,Q4,2015-03-02,2014-12-31,18894000.0,337768000.0,37328000.0,0.28,80478000.0,0.23826413396177257,2141076000.0,750959000.0,223158000.0,279423000.0,1390117000.0,0.0,-310507000.0,3064231769.52,3897522769.52,11.520859140341729,0.7986386231627318,0.4302402156672626,1.2266675011551895,0.014821175859029031,11.520859140341729,0.025159828965362955,9.072001401909002,40.54503770403302,4.080424856110652,0.0,0.0,0.0,0.15775619361479928,0.6118036095811726,0.00882453495345331,88.19202099640236,0.23826413396177257,0.21739130434782614,3.481545773656119,0.22302423647060096,3.928411697383885,0.1045415242722444,0.22855842382469602,0.12957695333777158,3.481545773656119,0.22302423647060096,3.928411697383885,Personal Services,Consumer Cyclical,BFAM
2014Q3,2014,Q3,2014-11-07,2014-09-30,15379000.0,334976000.0,33046000.0,0.23,72861000.0,0.2175111052732136,2153838000.0,952472000.0,230437000.0,237777000.0,1201366000.0,0.0,-329401000.0,2779626959.04,3431175959.04,14.412355654312643,0.9691307401472808,0.35311708680040005,0.7985085125861967,0.012035045555834952,14.412355654312643,0.016146406403547822,8.297988390332442,45.18543076662982,2.918329314709514,0.0,0.0,0.0,0.15552516020239218,0.730381828351775,0.00714027703104876,-8966.538577548386,0.2175111052732136,-0.28125,-0.4232097676574128,-0.8853052698391134,0.0,-0.12336068532377217,-0.2917472598323662,-0.2230868696367697,-0.4232097676574128,-0.8853052698391134,0.0,Personal Services,Consumer Cyclical,BFAM
2014Q2,2014,Q2,2014-08-08,2014-06-30,21714000.0,348100000.0,42535000.0,0.32,83114000.0,0.23876472278081012,2166482000.0,951728000.0,224681000.0,250055000.0,1214754000.0,0.0,-344780000.0,2824279652.12,3473775652.12,14.46995529968985,0.8985263242086741,0.35162027655895595,0.8004167157002842,0.015890286984536615,14.46995529968985,0.02281534219861137,8.113414685779947,32.516805426452976,2.9675281720407507,0.0,0.0,0.0,0.16067523293523786,0.6813181100157966,0.0100227003963107,77.46666443908059,0.23876472278081012,0.3333333333333334,2.0175442777789923,-0.8818017023163621,0.0,0.07731791727695758,0.3530658025922233,0.250624797859516,2.0175442777789923,-0.8818017023163621,0.0,Personal Services,Consumer Cyclical,BFAM
2014Q1,2014,Q1,2014-05-09,2014-03-31,16048000.0,332155000.0,34011000.0,0.24,77149000.0,0.2322680676190333,2121512000.0,914938000.0,189001000.0,241510000.0,1206574000.0,0.0,-366494000.0,2558101052.61,3245368052.61,13.988198450366456,0.7825804314521138,0.35964962724698235,0.8339373815493509,0.012865254060478533,13.988198450366456,0.01753998631601267,7.701528059520405,39.85077661717971,2.795928306191239,0.0,0.0,0.0,0.15656522329357553,0.5593764233365078,0.007564416321943972,68.74767676995431,0.2322680676190333,-0.3142857142857143,-0.5772536832657325,-0.8810517497647202,0.0,0.08330993035272972,-0.32409552289095733,0.11837821840781296,-0.5772536832657325,-0.8810517497647202,0.0,Personal Services,Consumer Cyclical,BFAM
2013Q4,2013,Q4,2014-03-25,2013-12-31,23743000.0,319177000.0,30411000.0,0.35,71216000.0,0.22312384664308518,2102670000.0,889137000.0,165170000.0,255088000.0,1213533000.0,0.0,-382542000.0,2395089197.1600003,3129727197.1600003,13.639113490526817,0.6475020385121997,0.36345360898286466,0.8595109640021729,0.02048658799803247,13.639113490526817,0.026703421407499633,7.5039529701701575,25.21889817167165,2.6937234612438803,0.0,0.0,0.0,0.15179604978432185,0.4244652825691526,0.011291833716179905,100.00790000250534,0.22312384664308518,0.5217391304347825,4.631036441543918,0.1555718915415862,4.466836891334508,0.039573753740602874,0.5782371709651688,0.09435388103206305,4.631036441543918,0.1555718915415862,4.466836891334508,Personal Services,Consumer Cyclical,BFAM
2013Q3,2013,Q3,2013-11-07,2013-09-30,15044000.0,308663000.0,27789000.0,0.23,68505000.0,0.22194108137353682,2087767000.0,849950000.0,147672000.0,260431000.0,1237817000.0,0.0,-406285000.0,2325960273.14,3076994273.14,13.092961583083317,0.5670292707089402,0.37649986804083024,0.9248120477675157,0.013649826074675488,13.092961583083317,0.017699864697923406,7.535597960040562,38.65262352333156,2.7365848263309607,0.0,0.0,0.0,0.14784360515325704,0.3472244087685414,0.007205784936729051,311.9163568646909,0.22194108137353682,-0.37837837837837834,-0.42559939694002885,-0.8924089596867025,0.0,-0.0917467683128936,-0.3879327881524879,-0.2149334689380456,-0.42559939694002885,-0.8924089596867025,0.0,Personal Services,Consumer Cyclical,BFAM
2013Q2,2013,Q2,2013-08-09,2013-06-30,24579000.0,310813000.0,35397000.0,0.37,75425000.0,0.24267002988935468,2032751000.0,812491000.0,173210000.0,245345000.0,1220260000.0,0.0,-421329000.0,2167899127.7000003,2871566127.7000003,12.551471257275878,0.7059854490615256,0.3771568677127695,0.9435993752546182,0.020750479519748736,12.551471257275878,0.03025141201564079,6.974930674392642,22.050318642947232,2.668213097375848,0.0,0.0,0.0,0.15290264277326637,0.48773359962501783,0.012091495711968657,75.57342005507914,0.24267002988935468,1.4065934065934065,2.1703059858763636,-0.892767086056279,0.0,0.14645082839337284,1.4843820822576512,1.2929973440435318,2.1703059858763636,-0.892767086056279,0.0,Personal Services,Consumer Cyclical,BFAM
2013Q1,2013,Q1,2013-05-10,2013-03-31,-50743000.0,280123000.0,15437000.0,-0.91,65790000.0,0.2348611145818087,1975350000.0,782210000.0,206953000.0,226290000.0,1193140000.0,0.0,-445908000.0,1864769160.0,2535921160.0,14.018602817305279,0.9145477042732777,0.3887346546181689,0.9816890604824792,0.008221259735896762,14.018602817305279,-0.06487132611447054,6.656965547277446,-9.187322192223558,2.3839750962017874,0.0,0.0,0.0,0.14180929961778926,0.6817358257103716,-0.02568810590528261,61.99777777777778,0.2348611145818087,-15.069481593716663,-4.620172802072659,-0.34322777485258893,0.3101938252118073,0.04254813406227716,-13.156923814087207,-0.44757371886630404,-2.5669181257381504,-0.8824081344919991,0.0,Personal Services,Consumer Cyclical,BFAM
2012Q4,2012,Q4,2012-12-31,2012-12-31,4174000.0,273426000.0,27944000.0,0.064679,63105000.0,0.2307937065238858,1913616000.0,-253887000.0,136017000.0,201893000.0,2167519000.0,0.0,-395165000.0,1827599283.3600001,2700133283.36,-3.9341664802916756,0.6737083504628689,0.4737852317288317,-3.571049325093447,0.03049456243150571,-3.9341664802916756,-0.01644038489564255,6.684072777863115,109.4633015908002,-7.198475240402226,0.0,0.0,0.0,0.14288446584894776,0.47957581491185924,0.0021812108594409744,-262.5106698305085,0.2307937065238858,-0.839686408480785,-0.6742111871569778,-0.42788209927705734,-1.3800125632398084,0.05013978566198496,0.7064595257563369,0.10211003746795504,0.0,0.0,0.0,Personal Services,Consumer Cyclical,BFAM
2012Q3,2012,Q3,2012-09-30,2012-09-30,2446000.0,267927000.0,25355000.0,0.4034530034981322,60092000.0,0.22428497314567028,,,,,,,,171694644.48,,,0.0,0.0,0.0,0.0,,0.0,0.6408262119159323,17.548512313982013,0.0,0.0,0.0,0.0,0.0,0.0,0.0,-9.593487426943062,0.22428497314567028,2.2435180477885104,0.03234057183748871,5.076676197852311,0.0,-0.06910600591761808,2.2435180477885104,0.5786688251042899,0.0,0.0,0.0,Personal Services,Consumer Cyclical,BFAM
2012Q2,2012,Q2,2012-06-30,2012-06-30,-1967000.0,271463000.0,16061000.0,-0.32444483151301146,64553000.0,0.2377966794738141,,,,,,,,171694644.48,,,0.0,0.0,0.0,0.0,,0.0,0.6324789915384417,-21.821891774275546,0.0,0.0,0.0,0.0,0.0,0.0,0.0,4.571209916932907,0.2377966794738141,-1.5590229752745033,-1.6724282739386307,4.779724599291904,0.0,0.11259910375732506,-1.5605585636933599,-0.3847303095311063,0.0,0.0,0.0,Personal Services,Consumer Cyclical,BFAM
2012Q1,2012,Q1,2012-03-31,2012-03-31,3509000.0,258122000.0,26104000.0,0.5803783491254464,58020000.0,0.22477743082728321,,,,,,,,171224305.92,,,0.0,0.0,0.0,0.0,,0.0,0.6633464250238259,12.198938865773725,0.0,0.0,0.0,0.0,0.0,0.0,0.0,6.7959637197856715,0.22477743082728321,0.0,0.3463163237826199,4.843824926928698,0.0,0.0,0.0,0.0,0.0,0.0,0.0,Personal Services,Consumer Cyclical,BFAM
2008Q1,2008,Q1,2008-03-31,2008-03-31,6567000.0,199827000.0,15314000.0,0.24,41709000.0,0.20872554759867284,470856000.0,279710000.0,93663000.0,153617000.0,191146000.0,0.0,201128000.0,740341440.0,729105440.0,10.699640425369138,0.6097176744761322,0.00017627469969587305,0.0002967359050445104,0.023520070479610317,10.699640425369138,0.023477887812377106,3.704911948835743,28.184157149383278,2.646817918558507,0.0,0.0,0.0,0.4243908965798461,0.38529589824042915,0.01394693919159998,34.47617770326907,0.20872554759867284,0.26315789473684204,-0.3092418448927885,-0.1533064839529833,0.16273236049671072,0.020753285528988523,0.2653179190751445,0.11683197199533256,-0.19178058044386007,0.3636106712804912,0.4651683296157679,Personal Services,Consumer Cyclical,BFAM
2007Q4,2007,Q4,2007-12-31,2007-12-31,5190000.0,193600000.0,13712000.0,0.19,40861000.0,0.21105888429752065,454513000.0,270641000.0,91146000.0,145942000.0,183872000.0,0.0,194561000.0,740341440.0,731532440.0,10.35272741182771,0.6245357744857546,0.00031902277822636537,0.0005357650910246415,0.019312907251476205,10.35272741182771,0.019176695327019926,3.8240776859504133,35.66191907514451,2.7355110275235464,0.0,0.0,0.0,0.42595041285947816,0.3835496293047923,0.011418815303412664,330.21473684210525,0.21105888429752065,-0.5,-0.3650370618072928,-0.14397484631384694,0.17582173191519263,0.12298686307920628,-0.49042709867452133,-0.2309159234954288,-0.29449056729202017,0.3767892873235125,0.4949542053096712,Personal Services,Consumer Cyclical,BFAM
2007Q3,2007,Q3,2007-09-30,2007-09-30,10185000.0,189530000.0,17829000.0,0.38,36386000.0,0.19198016145201288,444091000.0,265450000.0,82376000.0,140178000.0,178641000.0,0.0,189371000.0,738047520.0,732562520.0,10.185718122865584,0.5876528413873789,0.0009029680853698904,0.0015106423055189302,0.03874117376126063,10.185718122865584,0.0383688076850631,3.8940933889094076,18.116041237113404,2.780363608965907,0.0,0.0,0.0,0.42678189830462676,0.3435845853129592,0.02293448865210058,179.79233130328868,0.19198016145201288,-0.1914893617021276,0.2948250073240052,-0.14283456816619722,0.21718655407932705,-0.11557813373520333,-0.18799330303755082,-0.18301791687668972,-0.23324615205582866,-0.30390666699125907,-0.21318853362772816,Personal Services,Consumer Cyclical,BFAM
2007Q2,2007,Q2,2007-06-30,2007-06-30,12543000.0,201394000.0,21823000.0,0.47,41141000.0,0.20428116031262103,434477000.0,250864000.0,84802000.0,145562000.0,183613000.0,0.0,179186000.0,736206720.0,730898720.0,9.650100015386982,0.58258336653797,0.0012843027363934108,0.002224312775049429,0.05034268787634961,9.650100015386982,0.049999202755277763,3.6555543859300674,14.67365701985171,2.934684609987882,0.0,0.0,0.0,0.46353201665450644,0.3345309902309669,0.028869192155165865,190.03787299948374,0.20428116031262103,0.11904761904761903,0.5092818018012838,-0.040155757384664065,0.2012789983268739,0.07065528548378702,0.11831312410841655,0.11666581384639,-0.07155396018829652,-0.25048928186432645,-0.21881491856797977,Personal Services,Consumer Cyclical,BFAM
2007Q1,2007,Q1,2007-03-31,2007-03-31,11216000.0,190077000.0,19543000.0,0.42,38426000.0,0.20216017719134877,417916000.0,234678000.0,86072000.0,146659000.0,183238000.0,0.0,166643000.0,736829760.0,731826760.0,9.019832423706665,0.5868852235457762,0.010286756190239187,0.01831871756193593,0.04759335720674866,9.019832423706665,0.04779314635372724,3.8764803737432723,16.423630527817405,3.1397479099020784,0.0,0.0,0.0,0.4548210645201428,0.35597542598817666,0.026837929153226966,28.820689978878196,0.20216017719134877,0.024390243902439046,0.42590041214070734,-0.049025983799215786,0.1844983250762918,0.04515041070554317,0.02345104480335797,0.047320471596998925,-0.07291397741290717,-0.2699799070356533,-0.23110950541245331,Personal Services,Consumer Cyclical,BFAM
