Quarters,Year,Quarter,FillingDate,Date,NetIncome,Revenue,OperatingIncome,EPSDiluted,GrossProfit,GrossProfitRatio,TotalAssets,CommonStockEquity,CurrentAssets,CurrentLiability,TotalLiability,Inventory,RetainedEarnings,MarketCap,EnterpriseValue,bookValuePerShare,currentRatio,debtToAssets,debtToEquity,roic,shareholdersEquityPerShare,roe,priceToSalesRatio,peRatio,pbRatio,payoutRatio,inventoryTurnover,dividendYield,assetTurnover,quickRatio,returnOnAssets,priceToFreeCashFlowsRatio,grossProfitMargin,epsdilutedGrowth,fiveYNetIncomeGrowthPerShare,fiveYRevenueGrowthPerShare,fiveYShareholdersEquityGrowthPerShare,grossProfitGrowth,netIncomeGrowth,operatingIncomeGrowth,threeYNetIncomeGrowthPerShare,threeYRevenueGrowthPerShare,threeYShareholdersEquityGrowthPerShare,Industry,Sector,Symbol
2023Q1,2023,Q1,2023-05-08,2023-03-31,1603000000.0,5116000000.0,3356000000.0,0.83,2921000000.0,0.5709538702,535552000000.0,36347000000.0,143386000000.0,7071000000.0,499205000000.0,0.0,32144000000.0,96064920000.0,119589920000.0,19.818429661941114,20.278037052750673,0.13572351517686423,1.9998074118909401,0.023370723295541383,19.818429661941114,0.04410267697471593,18.77734949179046,14.982052401746726,2.642994469970011,0.3543356207111666,0.0,0.0059126682247796596,0.00955276051625239,35.8765379719983,0.0029931733986615677,9.988034934497817,0.5709538702111024,-0.1443298969072165,0.5036266853850427,0.5669300935075849,0.3810359417814113,-0.4686192468619247,-0.18546747967479674,-0.015835777126099706,0.4149647126602334,0.37184810831285575,-0.029070461556215663,Capital Markets,Financial Services,SCHW
2022Q4,2022,Q4,2023-02-24,2022-12-31,1968000000.0,5497000000.0,3410000000.0,0.97,5497000000.0,1.0,551772000000.0,36608000000.0,259307000000.0,114488000000.0,515164000000.0,0.0,31066000000.0,155196640000.0,152879640000.0,19.63948497854077,2.264927328628328,0.06864791979295796,1.0346918706293706,0.034647298444371984,19.63948497854077,0.053758741258741256,28.23297071129707,19.715020325203252,4.239418706293707,0.27997967479674796,0.0,0.0035503345948726724,0.009962448257613651,2.264927328628328,0.003566690589591353,-67.21378951927241,1.0,-0.02020202020202022,1.3750943558996702,0.7665268115914287,0.4237964008734281,0.5850634371395617,-0.02574257425742574,0.14737550471063257,0.5911261560780996,0.4530161495920608,0.1596734289467165,Capital Markets,Financial Services,SCHW
2022Q3,2022,Q3,2022-11-08,2022-09-30,2020000000.0,5500000000.0,2972000000.0,0.99,3468000000.0,0.6305454545,577563000000.0,37041000000.0,117977000000.0,500000000.0,540522000000.0,0.0,29651000000.0,135618690000.00002,110476690000.00002,19.629570747217805,235.954,0.03695527587466649,0.5762263437812154,0.03836061520140783,19.629570747217805,0.05453416484436165,24.65794363636364,16.784491336633664,3.6613128695229613,0.26683168316831685,0.0,0.003974378457718475,0.009522770676099404,713.724,0.003497453957403781,15.372782815688055,0.6305454545454545,0.13793103448275862,1.3193782017311428,0.8026585204957708,0.4580349048940278,0.11332263242375602,0.12660345789180144,0.2180327868852459,0.4633300957294277,0.3976699376052774,0.19501929246900573,Capital Markets,Financial Services,SCHW
2022Q2,2022,Q2,2022-08-08,2022-06-30,1793000000.0,5093000000.0,2440000000.0,0.87,3115000000.0,0.6116237974,637557000000.0,44513000000.0,129596000000.0,1350000000.0,593044000000.0,0.0,28174000000.0,119789280000.0,77701280000.0,23.477320675105485,95.99703703703703,0.03523135970587728,0.5046166288499989,0.02868947379237829,23.477320675105485,0.04028036753308022,23.520376988022775,16.702353597322922,2.6911077662705276,0.2849972113775795,0.0,0.004265824120488912,0.007988305359363948,300.7088888888889,0.002812297567119489,-14.637008797653959,0.6116237973689378,0.17567567567567569,1.2005448541552008,0.6873759434242587,0.7961378617011344,-0.3332619863013699,0.2788873038516405,0.23544303797468355,0.34029513349454443,0.33056655917481503,0.46237719777392516,Capital Markets,Financial Services,SCHW
2022Q1,2022,Q1,2022-05-09,2022-03-31,1402000000.0,4672000000.0,1975000000.0,0.74,4672000000.0,1.0,680950000000.0,48098000000.0,138515000000.0,4234000000.0,632852000000.0,0.0,26895000000.0,159683140000.0,94664140000.0,25.39493136219641,32.71492678318375,0.03833908510169616,0.542787641897792,0.020265995963532086,25.39493136219641,0.029148821156804856,34.17875428082192,28.474169044222542,3.3199538442346874,0.3630527817403709,0.0,0.003187562569223025,0.006861003010500037,105.63179026924894,0.002058888317791321,57.91916575988393,1.0,-0.10843373493975901,0.75345810210669,0.5836428246309573,0.9978582204625134,-0.0076465590484282074,-0.11265822784810127,-0.08182240818224082,0.0235784986000779,0.2075506819183917,0.5653846707888005,Capital Markets,Financial Services,SCHW
2021Q4,2021,Q4,2022-02-24,2021-12-31,1580000000.0,4708000000.0,2151000000.0,0.83,4708000000.0,1.0,667270000000.0,56261000000.0,144514000000.0,4855000000.0,611009000000.0,0.0,25992000000.0,159117200000.0,119911200000.0,29.736257928118395,29.766014418125643,0.03562126275720473,0.42247738220081404,0.02099175735446217,29.736257928118395,0.02808339702458186,33.797196261682245,25.17677215189873,2.828197152556833,0.28670886075949364,0.0,0.0028469580912685744,0.007055614668724804,42.73717816683831,0.0023678570893341526,29.875553886594066,1.0,0.12162162162162159,1.1261330222837842,0.6770012736449833,1.4066431268783475,0.0,0.035386631716906945,0.0,0.19950028829521424,0.25211079840023704,0.9320655247925981,Capital Markets,Financial Services,SCHW
2021Q3,2021,Q3,2021-11-08,2021-09-30,1526000000.0,4570000000.0,0.0,0.74,0.0,1.0,607548000000.0,57442000000.0,205932000000.0,116052000000.0,550106000000.0,0.0,24880000000.0,137521920000.0,125728920000.0,30.42478813559322,1.7744804053355392,0.037083489699579295,0.3922217192994673,0.0,30.42478813559322,0.026565927370216916,30.092323851203503,22.529803407601573,2.3941004839664357,0.3073394495412844,0.0,0.003410365416655032,0.007522039410877823,4.289835590941991,0.0025117356982493565,84.00850335980452,0.0,0.25423728813559326,1.1275145735754963,0.6787895872361962,1.603905590919549,0.0,0.20632411067193676,0.0,0.18305842224140145,0.26799697360033126,0.9729235274640705,Capital Markets,Financial Services,SCHW
2021Q2,2021,Q2,2021-08-06,2021-06-30,1265000000.0,4527000000.0,0.0,0.59,0.0,1.0,574532000000.0,57450000000.0,190136000000.0,108512000000.0,517082000000.0,0.0,23809000000.0,137319660000.0,129190660000.0,30.461293743372217,1.752211736950752,0.03865406974720294,0.386562228024369,0.0,30.461293743372217,0.022019147084421237,30.33347912524851,27.138272727272728,2.3902464751958226,0.35968379446640314,0.0,0.0033134366921677492,0.007879456670820772,4.351629312887054,0.002201792067282588,-164.8495318127251,0.0,-0.19178082191780824,0.9617418519317937,0.737798780197431,1.6864463194621795,0.0,-0.14757412398921832,0.0,0.04559792711091098,0.30347123104656476,1.0462131936882366,Capital Markets,Financial Services,SCHW
2021Q1,2021,Q1,2021-05-07,2021-03-31,1484000000.0,4715000000.0,0.0,0.73,0.0,1.0,139978000000.0,55594000000.0,115134000000.0,2500000000.0,507863000000.0,0.0,23029000000.0,122668760000.00002,94684760000.00002,29.539851222104144,46.0536,0.14429410335909928,0.363312587689319,0.0,29.539851222104144,0.02669352807856963,26.01670413573701,20.665222371967655,2.206510774544016,0.2998652291105121,0.0,0.0036276554845748824,0.03368386460729543,185.9596,0.010601665976081956,-24.89219967532468,0.0,0.280701754385965,1.5282492287692293,0.874019891611897,1.6887716849996262,0.0,0.307488986784141,0.0,0.35650099144547465,0.40727993306501437,1.0584676459479712,Capital Markets,Financial Services,SCHW
2020Q4,2020,Q4,2021-02-24,2020-12-31,1135000000.0,4176000000.0,0.0,0.57,0.0,1.0,549009000000.0,56060000000.0,184140000000.0,0.0,492949000000.0,0.0,21975000000.0,98017920000.0,71301920000.0,30.335497835497836,0.0,0.024830194040534853,0.24316803424901892,0.0,30.335497835497836,0.020246164823403495,23.471724137931034,21.589850220264317,1.7484466642882626,0.35770925110132157,0.0,0.004142099730335025,0.007606432681431452,0.0,0.002067361372946527,7.4874280039721945,0.0,0.18749999999999994,0.9473560293872795,0.7626241292710839,1.9855634714984067,0.0,0.6260744985673352,0.0,0.38164215739592616,0.35362674791755977,1.1992212465896677,Capital Markets,Financial Services,SCHW
2020Q3,2020,Q3,2020-11-09,2020-09-30,698000000.0,2448000000.0,0.0,0.48,0.0,1.0,419355000000.0,31331000000.0,110256000000.0,0.0,388024000000.0,0.0,21261000000.0,46700469999.99999,27071469999.999992,24.30643910007758,0.0,0.01866914666571282,0.24988031023586862,0.0,24.30643910007758,0.02227825476365261,19.076989379084964,16.726529369627507,1.4905515304331172,0.4684813753581662,0.0,0.007002070857102723,0.005837536216332225,0.0,0.0016644608982842699,-222.38319047619044,0.0,0.0,0.8952676493405741,0.5698975872379742,1.4240128717567517,0.0,0.040238450074515646,0.0,0.17326092578226007,0.17457613453327767,0.805420866200914,Capital Markets,Financial Services,SCHW
2020Q2,2020,Q2,2020-08-07,2020-06-30,671000000.0,2450000000.0,0.0,0.48,0.0,1.0,400484000000.0,30815000000.0,395159000000.0,361143000000.0,369669000000.0,0.0,20876000000.0,43457120000.0,299625120000.0,23.924689440993788,1.0941898361590838,0.021289240019576314,0.2766834333928282,0.0,23.924689440993788,0.021775109524582184,17.7376,16.19117734724292,1.4102586402725947,0.39642324888226527,0.0,0.006120976263498363,0.0061175977067748025,0.9309636349036254,0.0016754726780595479,-2.61443388280592,0.0,-0.17241379310344826,0.93922105114986,0.5981179806516179,1.5305515515950927,0.0,-0.1559748427672956,-1.0,0.21225762894950045,0.19488671157379062,0.8303639128623529,Capital Markets,Financial Services,SCHW
2020Q1,2020,Q1,2020-05-08,2020-03-31,795000000.0,2617000000.0,5151.0,0.58,0.0,1.0,370779000000.0,26270000000.0,367261000000.0,335987000000.0,344509000000.0,0.0,20487000000.0,43268940000.0,204564940000.0,20.41181041181041,1.0930809822999104,0.022984041706784905,0.324400456794823,1.1241715811229536e-07,20.41181041181041,0.030262657023220403,16.533794421092853,13.606584905660377,1.6470856490293109,0.3534591194968553,0.0,0.006494265863688827,0.00705811278416523,0.9187587614997009,0.002144134376542361,4.343398915880345,0.0,-0.06451612903225812,1.6835857299433454,0.7528484072505097,1.2026891972606726,0.0,-0.06690140845070422,0.0,0.4632412504752929,0.3054479291865165,0.6058284483676073,Capital Markets,Financial Services,SCHW
2019Q4,2019,Q4,2020-02-26,2019-12-31,852000000.0,2606000000.0,0.0,0.62,0.0,1.0,294005000000.0,21745000000.0,91555000000.0,264830000000.0,272260000000.0,0.0,19960000000.0,61067040000.0,100574040000.0,16.935358255451714,0.34571234376770005,0.02527167905307733,0.34168774430903653,0.0,16.935358255451714,0.039181421016325595,23.433246354566386,17.9187323943662,2.8083255920901355,0.29577464788732394,0.0,0.004126612326387524,0.0088637948334212,0.43013631386172263,0.0028979098994915053,14.854546339090245,0.0,-0.11428571428571424,1.4949532710280373,0.7187561393168868,0.8882429436731724,0.0,-0.10410094637223975,0.0,0.6893866151036631,0.3678153020795814,0.37062853184917643,Capital Markets,Financial Services,SCHW
2019Q3,2019,Q3,2019-11-07,2019-09-30,951000000.0,2711000000.0,0.0,0.7,0.0,1.0,278987000000.0,21354000000.0,76735000000.0,250206000000.0,257633000000.0,0.0,19374000000.0,54379000000.0,98037000000.0,16.426153846153845,0.3066872896733092,0.026621312104148222,0.34780369017514284,0.0,16.426153846153845,0.04453498173644282,20.058649944669863,14.29521556256572,2.5465486559895103,0.28496319663512093,0.0,0.0049835414406296545,0.009717298655492907,0.39615756616547965,0.0034087609816944877,10.46353665576294,0.0,0.06060606060606049,1.971732566498922,0.7544138957816376,0.8669663222683354,0.0,0.014941302027748132,0.0,0.9255604832543205,0.44633275577225284,0.4058324300134254,Capital Markets,Financial Services,SCHW
2019Q2,2019,Q2,2019-08-07,2019-06-30,937000000.0,2681000000.0,0.0,0.66,0.0,1.0,276321000000.0,21320000000.0,78847000000.0,247577000000.0,255001000000.0,0.0,18680000000.0,54129280000.0,92002280000.0,16.05421686746988,0.31847465636953354,0.02686730288324087,0.3482176360225141,0.0,16.05421686746988,0.04394934333958724,20.189958970533382,14.442177161152614,2.5388968105065666,0.27854855923159016,0.0,0.004821789611833004,0.009702483705545361,0.40689563246989824,0.0033909836747840374,26.4949975526187,0.0,-0.0434782608695651,1.8353553101294064,0.7868868403593983,0.8713151621706162,0.0,-0.028008298755186723,0.0,1.0636428457191598,0.4616029836762165,0.4158555502865364,Capital Markets,Financial Services,SCHW
2019Q1,2019,Q1,2019-05-08,2019-03-31,964000000.0,2723000000.0,0.0,0.69,0.0,1.0,282815000000.0,21625000000.0,92563000000.0,254361000000.0,261190000000.0,0.0,18017000000.0,58825290000.0,93101290000.0,16.222805701425358,0.363904057618896,0.02414652688153033,0.31579190751445085,0.0,16.222805701425358,0.04457803468208092,21.603117884686007,15.255521265560166,2.7202446242774565,0.2863070539419087,0.0,0.004691859572642991,0.009628202181638174,0.44703393995148627,0.0034085886533599704,-21.51619970738844,0.0,0.06153846153846142,1.8816314508074874,0.7941488414700022,0.9485367180907575,0.0,0.031016042780748664,0.0,1.3187423069359574,0.5280220111653053,0.476629665236884,Capital Markets,Financial Services,SCHW
2018Q4,2018,Q4,2019-02-22,2018-12-31,935000000.0,2669000000.0,0.0,0.65,0.0,1.0,296482000000.0,20670000000.0,94926000000.0,268986000000.0,275812000000.0,0.0,17329000000.0,55774790000.0,101240790000.0,15.390915860014893,0.3529031250697062,0.02302332013410595,0.3302370585389453,0.0,15.390915860014893,0.045234639574262214,20.897261146496817,14.913045454545454,2.698344944363812,0.22245989304812835,0.0,0.0037292834271540954,0.00900223285056091,0.4376287241715182,0.0031536484508334402,7.308975232603853,0.0,0.0,1.818211147970319,0.7908325689754168,0.9144934562893162,0.0,0.013001083423618635,0.0,1.2074306231742944,0.5501500872077791,0.5147454125772007,Capital Markets,Financial Services,SCHW
2018Q3,2018,Q3,2018-11-07,2018-09-30,923000000.0,2579000000.0,0.0,0.65,0.0,1.0,272102000000.0,20834000000.0,79388000000.0,245533000000.0,251268000000.0,0.0,16615000000.0,66942049999.99999,108405050000.0,15.421169504071058,0.3233292469851303,0.02107665507787521,0.2752711913218777,0.0,15.421169504071058,0.04430258231736584,25.956591702210154,18.13164951245937,3.21311558030143,0.2437703141928494,0.0,0.003361116069794696,0.009478063373293839,0.4178542191884594,0.003392110311574336,59.34578900709219,0.0,0.08333333333333341,2.031983971004875,0.794614167251053,0.9742410376742716,0.0,0.06581986143187067,0.0,1.3911917098445599,0.5780066133777697,0.5379099020428548,Capital Markets,Financial Services,SCHW
2018Q2,2018,Q2,2018-08-08,2018-06-30,866000000.0,2486000000.0,0.0,0.6,0.0,1.0,261882000000.0,20097000000.0,68772000000.0,236053000000.0,241785000000.0,0.0,15903000000.0,68985000000.0,116989000000.0,14.886666666666667,0.2913413513066981,0.021887720423702278,0.28521669900980245,0.0,14.886666666666667,0.043091008608249985,27.749396621078038,19.91483833718245,3.432601880877743,0.19630484988452657,0.0,0.0024643038341668477,0.00949282501279202,0.3903699592888038,0.003306832848382096,22.987337554148617,0.0,0.09090909090909079,2.212418981481481,0.7670503437569307,0.9634471879286693,0.0,0.10600255427841634,0.0,1.3878375826251177,0.5471270247229326,0.5745858488287853,Capital Markets,Financial Services,SCHW
2018Q1,2018,Q1,2018-05-09,2018-03-31,783000000.0,2398000000.0,0.0,0.55,0.0,1.0,248320000000.0,19330000000.0,65972000000.0,224921000000.0,228990000000.0,0.0,15222000000.0,70340340000.0,112091340000.0,14.35040831477357,0.29331187394685243,0.01638611469072165,0.21050181065700982,0.0,14.35040831477357,0.0405069839627522,29.332919099249374,22.458601532567048,3.6389208484221416,0.23499361430395913,0.0,0.002615853150553438,0.009656894329896908,0.3913329569048688,0.003153189432989691,558.2566666666667,0.0,0.34146341463414653,2.6090881570696474,0.7569003363670528,0.8774726099217878,0.0,0.31155778894472363,0.0,1.5253469815189011,0.5346196882740347,0.5485882307108836,Capital Markets,Financial Services,SCHW
2017Q4,2017,Q4,2018-02-22,2017-12-31,597000000.0,2242000000.0,0.0,0.41,0.0,1.0,243274000000.0,18525000000.0,64673000000.0,220057000000.0,224749000000.0,0.0,14408000000.0,68989910000.0,74525910000.0,13.793745346239762,0.29389203706312456,0.0811965109300624,1.066288798920378,0.0,13.793745346239762,0.03222672064777328,30.771592328278324,28.890247068676715,3.7241516869095816,0.22780569514237856,0.0,0.001971302760070277,0.009215945805963646,0.39222110634971846,0.0024540230357539237,-98.83941260744986,0.0,-0.023809523809523832,1.654522484499229,0.7690833133457788,0.8125059063783607,0.0,-0.03398058252427184,0.0,0.6714221891288161,0.4137234777592185,0.5379622871855905,Capital Markets,Financial Services,SCHW
2017Q3,2017,Q3,2017-11-07,2017-09-30,618000000.0,2165000000.0,0.0,0.42,0.0,1.0,230714000000.0,18027000000.0,60315000000.0,209482000000.0,212687000000.0,0.0,13963000000.0,58567860000.0,54519860000.0,13.463032113517551,0.2879244994796689,0.03556351153376041,0.45515060742220004,0.0,13.463032113517551,0.03428191046763188,27.05212933025404,23.6925,3.248896655017474,0.26375404530744334,0.0,0.002783096394507158,0.009383912549736903,0.3792259000773336,0.0026786410881004187,48.164358552631576,0.0,0.07692307692307684,1.3805668016194335,0.7038072064692797,0.8121397688981892,0.0,0.07478260869565218,0.0,0.8749101365923797,0.36026403912404553,0.5301833762770753,Capital Markets,Financial Services,SCHW
2017Q2,2017,Q2,2017-08-07,2017-06-30,575000000.0,2130000000.0,0.0,0.39,0.0,1.0,220601000000.0,17489000000.0,55209000000.0,199658000000.0,203112000000.0,0.0,13495000000.0,57480480000.0,51659480000.0,13.07100149476831,0.2765178455158321,0.017017148607667235,0.2146492080736463,0.0,13.07100149476831,0.03287780890845674,26.986140845070423,24.991513043478264,3.28666476070673,0.23478260869565218,0.0,0.002348623393541599,0.009655441271798406,0.37119474301054806,0.0026065158362836073,75.73185770750987,0.0,0.0,0.9893327897812202,0.5660932485912904,0.8264966962502809,0.0,0.01950354609929078,0.0,0.726941814759453,0.4090350665939097,0.5235849548960018,Capital Markets,Financial Services,SCHW
2017Q1,2017,Q1,2017-05-08,2017-03-31,564000000.0,2081000000.0,0.0,0.39,0.0,1.0,227061000000.0,16982000000.0,60063000000.0,206627000000.0,210079000000.0,0.0,13069000000.0,54522160000.0,49099160000.0,12.711077844311378,0.2906832117777444,0.017845424797741576,0.23860558238134497,0.0,12.711077844311378,0.03321163584972324,26.19998077847189,24.167624113475178,3.210585325638912,0.2801418439716312,0.0,0.002897904264981431,0.009164938056293244,0.37513490492530016,0.002483914014295718,-131.696038647343,0.0,0.08333333333333341,1.753754030400737,0.6415172968065526,0.9393656012911207,0.0,0.08045977011494253,0.0,0.682147973990669,0.36806458077759285,0.526739724434626,Capital Markets,Financial Services,SCHW
2016Q4,2016,Q4,2017-02-23,2016-12-31,522000000.0,1972000000.0,0.0,0.36,0.0,1.0,223383000000.0,16421000000.0,88644000000.0,204154000000.0,206962000000.0,0.0,12649000000.0,52455630000.0,121800630000.0,12.355906696764485,0.4342016321012569,0.012570338835094882,0.17100054807867973,0.0,12.355906696764485,0.031788563424882774,26.600218052738338,25.12242816091954,3.1944236039218072,0.23180076628352492,0.0,0.0023067114054296936,0.00882788752948971,0.523389206187486,0.0023367937578060998,32.500390334572494,0.0,0.0285714285714286,2.0675123599551304,0.6760478654117451,1.0390289376434003,0.0,0.03777335984095427,0.0,0.5899499462343525,0.33710142799548637,0.5369652288810614,Capital Markets,Financial Services,SCHW
2016Q3,2016,Q3,2016-11-07,2016-09-30,503000000.0,1909000000.0,0.0,0.35,0.0,1.0,209337000000.0,15470000000.0,86222000000.0,191061000000.0,193867000000.0,0.0,12261000000.0,41798680000.0,37174680000.0,11.68429003021148,0.45127995770984136,0.027739959968854047,0.375371687136393,0.0,11.68429003021148,0.032514544279250164,21.895589313776846,20.774691848906564,2.701918552036199,0.268389662027833,0.0,0.0032297670644144743,0.009119267019208262,0.5419682719131587,0.002402824154353984,-66.77105431309904,0.0,0.16666666666666663,1.1205850041197472,0.47303084989267624,0.8743707586021812,0.0,0.11283185840707964,0.0,0.6860115637045523,0.3554797755214184,0.49584017396619673,Capital Markets,Financial Services,SCHW
2016Q2,2016,Q2,2016-08-05,2016-06-30,452000000.0,1826000000.0,0.0,0.3,0.0,1.0,198052000000.0,14990000000.0,87204000000.0,180258000000.0,183062000000.0,0.0,11882000000.0,33459820000.0,28287820000.0,11.338880484114977,0.4837732583297274,0.03940379294326742,0.5206137424949967,0.0,11.338880484114977,0.030153435623749166,18.324107338444687,18.506537610619468,2.2321427618412275,0.26548672566371684,0.0,0.0035863910804062905,0.009219800860380102,0.5826870374685174,0.0022822289095793024,19.08717626925271,0.0,0.03448275862068969,0.7339528852388159,0.3974495702997693,1.0323773009098274,0.0,0.0970873786407767,0.0,0.7122021558245083,0.3254119597416363,0.4955190103534362,Capital Markets,Financial Services,SCHW
2016Q1,2016,Q1,2016-05-06,2016-03-31,412000000.0,1766000000.0,0.0,0.29,0.0,1.0,190998000000.0,14513000000.0,81973000000.0,173682000000.0,176485000000.0,0.0,11567000000.0,37014420000.0,30160420000.0,10.986373959121877,0.4719717644891238,0.018864071875098167,0.24826018052780266,0.0,10.986373959121877,0.02838834148694274,20.95946772366931,22.460206310679613,2.5504320264590365,0.2669902912621359,0.0,0.002971814768406475,0.009246170116964575,0.5702318029502194,0.0021570906501638763,-87.09275294117647,0.0,0.035714285714285546,0.5440229530565135,0.3204021434724404,1.0373990862993092,0.0,-0.009615384615384616,0.0,0.9364118092354276,0.31932995953308874,0.43735395803159594,Capital Markets,Financial Services,SCHW
2015Q4,2015,Q4,2016-02-24,2015-12-31,416000000.0,1691000000.0,0.0,0.28,0.0,1.0,183718000000.0,13402000000.0,78012000000.0,167501000000.0,170316000000.0,0.0,11253000000.0,43434670000.0,99917670000.0,10.160727824109173,0.4657405030417729,0.015322396281257145,0.21004327712281748,0.0,10.160727824109173,0.03104014326219967,25.68578947368421,26.10256610576923,3.2409095657364575,0.23798076923076922,0.0,0.0022792851885371753,0.009204324018332445,0.5740144834956209,0.0022643399122568284,52.330927710843376,0.0,0.0,2.2201629704194037,0.6025398028809703,0.9828596701401616,0.0,0.10638297872340426,0.0,0.8833742351127704,0.3585871499613273,0.3351253580537657,Capital Markets,Financial Services,SCHW
2015Q3,2015,Q3,2015-11-05,2015-09-30,376000000.0,1592000000.0,0.0,0.28,0.0,1.0,170402000000.0,13196000000.0,76720000000.0,154390000000.0,157206000000.0,0.0,10952000000.0,37584960000.0,96388960000.0,10.027355623100304,0.4969233758663126,0.01652562763347848,0.21339799939375567,0.0,10.027355623100304,0.02849348287359806,23.608643216080402,24.990000000000002,2.848208548044862,0.26595744680851063,0.0,0.002660638723574536,0.009342613349608573,0.6113867478463632,0.0022065468715155925,37.139288537549405,0.0,0.1200000000000001,1.746543778801843,0.35271474762912236,0.9805481197573425,0.0,0.06515580736543909,0.0,0.47368421052631576,0.2747654998856096,0.3496937204257567,Capital Markets,Financial Services,SCHW
2015Q2,2015,Q2,2015-08-06,2015-06-30,353000000.0,1564000000.0,0.0,0.25,0.0,1.0,163627000000.0,12423000000.0,72432000000.0,148389000000.0,151204000000.0,0.0,10664000000.0,42902100000.0,100115100000.0,9.454337899543379,0.4881224349513778,0.01720376221528232,0.2265958303147388,0.0,9.454337899543379,0.02841503662561378,27.431010230179027,30.383923512747874,3.4534411977783144,0.24929178470254956,0.0,0.0020511816437889987,0.009558324726359342,0.6062915714776702,0.00215734567033558,86.14879518072289,0.0,0.13636363636363635,0.560764004900323,0.302939497716895,0.9153115220881382,0.0,0.16887417218543047,0.0,0.2435837830358379,0.1709423424822209,0.3211165912314732,Capital Markets,Financial Services,SCHW
2015Q1,2015,Q1,2015-05-07,2015-03-31,302000000.0,1522000000.0,0.0,0.22,0.0,1.0,160169000000.0,12158000000.0,70377000000.0,145197000000.0,148011000000.0,0.0,10412000000.0,39937280000.0,95106280000.0,9.266768292682928,0.4847000971094444,0.0175689428041631,0.2314525415364369,0.0,9.266768292682928,0.024839611778253,26.24,33.06066225165563,3.2848560618522784,0.33112582781456956,0.0,0.0025039261562129415,0.0095024630234315,0.5981321928139011,0.0018855084317189969,-29.36564705882353,0.0,-0.12,44.57621951219512,0.3977205263939049,0.9412662196627258,0.0,-0.13714285714285715,0.0,0.501500938086304,0.222533190534888,0.4138574149325518,Capital Markets,Financial Services,SCHW
2014Q4,2014,Q4,2015-02-23,2014-12-31,350000000.0,1554000000.0,0.0,0.25,0.0,1.0,154642000000.0,11803000000.0,66505000000.0,141023000000.0,142839000000.0,0.0,10198000000.0,39730040000.0,84966040000.0,8.968844984802432,0.4715897406805982,0.01174325215659394,0.15385918834194695,0.0,8.968844984802432,0.02965347792934,25.566306306306306,28.378600000000002,3.366096755062272,0.24857142857142858,0.0,0.002189778817237536,0.0100490164379664,0.5873013621891464,0.002263291990532973,51.597454545454546,0.0,0.041666666666666706,0.9298131811105343,0.3434156462308288,1.1038686244657785,0.0,0.09034267912772585,0.0,1.0770787103511292,0.33382733296834005,0.48008033000434225,Capital Markets,Financial Services,SCHW
2014Q3,2014,Q3,2014-11-06,2014-09-30,321000000.0,1550000000.0,0.0,0.24,0.0,1.0,147444000000.0,11473000000.0,60789000000.0,134155000000.0,135971000000.0,0.0,9949000000.0,38324560000.0,83837560000.0,8.798312883435583,0.4531251164697551,0.012886248338352188,0.16560620587466224,0.0,8.798312883435583,0.027978732676719253,24.725522580645162,29.84778816199377,3.3404131439030764,0.3115264797507788,0.0,0.002609292839891704,0.010512465749708363,0.5714509336215572,0.0021770977455847643,45.516104513064136,0.0,0.04347826086956513,0.42406825153374234,0.3456638012798193,1.0762080371476586,0.0,-0.009259259259259259,0.0,0.37405186837702176,0.21436154466482235,0.41140799749952917,Capital Markets,Financial Services,SCHW
2014Q2,2014,Q2,2014-08-07,2014-06-30,324000000.0,1471000000.0,0.0,0.23,0.0,1.0,143401000000.0,11170000000.0,60035000000.0,130415000000.0,132231000000.0,0.0,9715000000.0,35062860000.0,83334860000.0,8.57910906298003,0.4603381512862784,0.013256532381224678,0.1701880035810206,0.0,8.57910906298003,0.02900626678603402,23.836070700203944,27.054675925925924,3.1390205908683972,0.2654320987654321,0.0,0.002452737740161527,0.010257947991994478,0.5768278188858643,0.002259398470024616,109.5714375,0.0,-0.04166666666666659,0.4032595256828145,0.1894801048687881,1.1494256776777017,0.0,-0.006134969325153374,0.0,0.26201448321264,0.14305865114344687,0.5377167566107659,Capital Markets,Financial Services,SCHW
2014Q1,2014,Q1,2014-05-07,2014-03-31,326000000.0,1479000000.0,0.0,0.24,0.0,1.0,144066000000.0,10815000000.0,60253000000.0,131436000000.0,133251000000.0,0.0,9492000000.0,35501670000.0,83310670000.0,8.325635103926096,0.45842082838796067,0.013202282287284994,0.17586685159500692,0.0,8.325635103926096,0.030143319463707813,24.003833671399594,27.22520705521472,3.282632454923717,0.3067484662576687,0.0,0.0028167689012939395,0.010266128024655366,0.5729480507623482,0.0022628517485041577,2218.854375,0.0,0.04347826086956513,0.32733718951063273,0.16690582499358486,1.2319128748725388,0.0,0.0219435736677116,0.0,0.2424181944325645,0.12454635433850218,0.54397086943473,Capital Markets,Financial Services,SCHW
2013Q4,2013,Q4,2014-02-24,2013-12-31,319000000.0,1433000000.0,0.0,0.23,0.0,1.0,143642000000.0,10381000000.0,59674000000.0,131447000000.0,133261000000.0,0.0,9253000000.0,33573913048.0,79277913048.0,8.039158248075534,0.4539776487862028,0.012628618370671531,0.17474231769579038,0.0,8.039158248075534,0.030729216838454868,23.42910889602233,26.311844081504702,3.2341694488006936,0.2664576802507837,0.0,0.002531727531386558,0.009976190807702482,0.5652848676652947,0.002220798930674872,44.29276127704485,0.0,0.0454545454545455,-0.07521524783979791,-0.003489542494468991,1.2824795518421794,0.0,0.1,0.0,1.5222689072233258,0.3871632994764762,0.5688366963398288,Capital Markets,Financial Services,SCHW
2013Q3,2013,Q3,2013-11-06,2013-09-30,290000000.0,1369000000.0,0.0,0.22,0.0,1.0,140211000000.0,10053000000.0,59227000000.0,128344000000.0,130158000000.0,0.0,9034000000.0,27207180000.0,73524180000.0,7.811188811188811,0.4614707348999564,0.012937643979431,0.18044364866209092,0.0,7.811188811188811,0.02884711031532876,19.873761869978086,23.454465517241378,2.706374216651746,0.3413793103448276,0.0,0.0036387453605996652,0.009763855902889217,0.5677086579816742,0.0020683113307800385,45.64963087248322,0.0,0.22222222222222227,-0.1490819122398069,-0.023865911156079087,1.2070501489649899,0.0,0.1328125,0.0,1.1660776499486178,0.18944386861835263,0.5428230427401926,Capital Markets,Financial Services,SCHW
2013Q2,2013,Q2,2013-08-06,2013-06-30,256000000.0,1336000000.0,0.0,0.18,0.0,1.0,135907000000.0,9720000000.0,54648000000.0,124557000000.0,126187000000.0,0.0,8830000000.0,27409160000.0,71219160000.0,7.581903276131046,0.438738890628387,0.011993495552105484,0.16769547325102882,0.0,7.581903276131046,0.02633744855967078,20.515838323353293,26.766757812499996,2.819872427983539,0.3359375,0.0,0.0031376371986591343,0.009830251569087685,0.5448750371315944,0.0018836410192263828,58.31736170212766,0.0,0.2,-0.2249398450514291,-0.0877451611825942,1.231117772081739,0.0,0.24271844660194175,0.0,0.16013850310109962,0.14077842525465714,0.5359834668943826,Capital Markets,Financial Services,SCHW
2013Q1,2013,Q1,2013-05-07,2013-03-31,206000000.0,1296000000.0,0.0,0.15,0.0,1.0,133324000000.0,9776000000.0,55740000000.0,121917000000.0,123548000000.0,0.0,8674000000.0,22229020000.0,65738020000.0,7.6434714620797495,0.45719628927877165,0.012233356334943445,0.16683715220949263,0.0,7.6434714620797495,0.02107201309328969,17.152021604938273,26.97696601941747,2.2738359247135844,0.47572815533980584,0.0,0.004408651393538717,0.009720680447631334,0.5631782278107237,0.00154510815757103,-53.307002398081536,0.0,0.0,-0.39324010817877686,-0.10920268739983721,1.4655667349605928,0.0,-0.023696682464454975,0.0,30.890539483971853,0.22088282078893384,0.6012068589227196,Capital Markets,Financial Services,SCHW
2012Q4,2012,Q4,2013-02-22,2012-12-31,211000000.0,1189000000.0,0.0,0.15,0.0,1.0,133637000000.0,9589000000.0,59203000000.0,122416000000.0,124048000000.0,0.0,8554000000.0,18093600000.0,53090600000.0,7.61031746031746,0.4836214220363351,0.011501305776094943,0.16028782980498488,0.0,7.61031746031746,0.02200438001877151,15.217493692178302,21.437914691943128,1.8869120867660862,0.4028436018957346,0.0,0.00469779369500818,0.00889723654377156,0.5975035943013985,0.001578904046035155,21.23661971830986,0.0,-0.21052631578947373,-0.3752860235003092,-0.1938626305540804,1.3430478997601185,0.0,-0.145748987854251,0.0,0.21510840108401066,0.07356065434459315,0.7851917559191361,Capital Markets,Financial Services,SCHW
2012Q3,2012,Q3,2012-11-06,2012-09-30,247000000.0,1209000000.0,0.0,0.19,0.0,1.0,117658000000.0,9465000000.0,50971000000.0,106417000000.0,108193000000.0,0.0,8442000000.0,16409120000.000002,-15378879999.999998,7.429356357927786,0.478974224043151,0.015094596202553162,0.18763866877971475,0.0,7.429356357927786,0.026096143687268886,13.572473118279571,16.60842105263158,1.7336629688325411,0.3967611336032389,0.0,0.005972288580984233,0.010275544374373183,0.4330605072497815,0.002099304764656887,28.587317073170734,0.0,-0.050000000000000044,-0.8482092967565121,-0.1171770024818602,1.6289502020834628,0.0,-0.10181818181818182,0.0,0.12158163265306123,0.07433403889931713,0.7531644515852435,Capital Markets,Financial Services,SCHW
2012Q2,2012,Q2,2012-08-06,2012-06-30,275000000.0,1294000000.0,0.0,0.2,0.0,1.0,111816000000.0,9110000000.0,48138000000.0,100707000000.0,102706000000.0,0.0,8280000000.0,16459890000.0,-12353110000.0,7.156323644933229,0.47800053620900235,0.017877584603276812,0.2194291986827662,0.0,7.156323644933229,0.030186608122941824,12.72016228748068,14.963536363636363,1.806793633369923,0.28,0.0,0.004678038553113053,0.01157258353008514,0.42781534550726363,0.0024593975817414323,-45.21947802197802,0.0,0.3333333333333335,-0.07005617191619405,0.06036187266332681,0.7728614153884646,0.0,0.41025641025641024,0.0,0.21817101910217848,0.07019117813291904,0.7929584164592138,Capital Markets,Financial Services,SCHW
2012Q1,2012,Q1,2012-05-07,2012-03-31,195000000.0,1207000000.0,0.0,0.15,0.0,1.0,111482000000.0,8337000000.0,44612000000.0,101145000000.0,103145000000.0,0.0,8097000000.0,18278640000.0,-13420360000.0,6.554245283018868,0.441069751347076,0.01794011589314867,0.23989444644356483,0.0,6.554245283018868,0.023389708528247573,15.143860811930406,23.434153846153844,2.192472112270601,0.39487179487179486,0.0,0.004212567236949795,0.010826859941515223,0.44978990558109644,0.0017491612995819952,326.4042857142857,0.0,0.17147239263803687,-0.28908355795148255,0.04189644733181698,0.6813930148534724,0.0,0.19631901840490798,0.0,-0.1891877271940454,-0.02748357791754013,0.7570436668962461,Capital Markets,Financial Services,SCHW
2011Q4,2011,Q4,2012-02-24,2011-12-31,163000000.0,1127000000.0,0.0,0.12804399057344854,0.0,1.0,108553000000.0,7714000000.0,42974000000.0,98838000000.0,100839000000.0,0.0,7978000000.0,14333980000.0,7655980000.0,6.059701492537314,0.43479228636759143,0.018433391983639327,0.2593984962406015,0.0,6.059701492537314,0.02113041223749028,12.718704525288377,21.984631901840494,1.8581773399014778,0.4723926380368098,0.0,0.005371850665342075,0.010382025370095714,0.20215908860964407,0.0015015706613359372,35.04640586797066,0.0,-0.28864449681417476,-0.6528828863683387,1.612594004581436,0.5318654332173002,0.0,-0.2590909090909091,0.0,-0.5206664898338113,-0.2050134228023678,0.7204717608706039,Capital Markets,Financial Services,SCHW
2011Q3,2011,Q3,2011-11-07,2011-09-30,220000000.0,1202000000.0,0.0,0.18,0.0,1.0,102906000000.0,7655000000.0,35338000000.0,93249000000.0,95251000000.0,0.0,7892000000.0,13839560000.0,-17543440000.0,6.23371335504886,0.3789638494782786,0.019454647931121605,0.26152841280209016,0.0,6.23371335504886,0.028739386022207707,11.51377703826955,15.726772727272728,1.8079111691704766,0.33181818181818185,0.0,0.005274734167849267,0.011680562843760326,0.48287917296700233,0.0021378733990243524,407.0458823529412,0.0,-0.10000000000000009,-0.1399304450050207,-0.031036790142160896,0.7178359849800161,0.0,-0.07563025210084033,0.0,-0.323461340648037,-0.10176354030781888,0.7613347111976597,Capital Markets,Financial Services,SCHW
2011Q2,2011,Q2,2011-08-05,2011-06-30,238000000.0,1193000000.0,0.0,0.2,0.0,1.0,97572000000.0,6734000000.0,33674000000.0,88834000000.0,90838000000.0,0.0,7745000000.0,19855150000.0,-8448850000.0,5.579121789560895,0.3790665736092037,0.020538679129258393,0.2975942975942976,0.0,5.579121789560895,0.035343035343035345,16.643042749371332,20.85625,2.9484927234927234,0.3067226890756303,0.0,0.0036766279781316183,0.012226868363874882,0.4773847851048022,0.002439224367646456,34.47074652777778,0.0,0.0,0.016553504292688363,-0.024415799774642834,0.5687491516062141,0.0,-0.0205761316872428,0.0,-0.2346622105514443,-0.13477130094834167,0.6417616163061486,Capital Markets,Financial Services,SCHW
2011Q1,2011,Q1,2011-05-06,2011-03-31,243000000.0,1218000000.0,0.0,0.2,0.0,1.0,94883000000.0,6487000000.0,31594000000.0,86391000000.0,88396000000.0,0.0,7580000000.0,21690090000.0,-4923910000.0,5.392352452202826,0.36570939102452804,0.02113128800733535,0.309079697857253,0.0,5.392352452202826,0.03745953445352243,17.80795566502463,22.31490740740741,3.343624171419763,0.2962962962962963,0.0,0.003319488300878419,0.012836862240865065,0.46793068722436365,0.0025610488707144587,17.146316205533598,0.0,1.0420168067226891,0.07730673316708225,0.025926193117674932,0.5087411006163348,0.0,1.0420168067226891,0.0,-0.23904173991251376,-0.10992602655564604,0.7394196989278627,Capital Markets,Financial Services,SCHW
2010Q4,2010,Q4,2011-02-25,2010-12-31,119000000.0,972000000.0,0.0,0.09794238683127572,0.0,1.0,92568000000.0,6226000000.0,29244000000.0,84336000000.0,86342000000.0,0.0,7409000000.0,20788650000.0,-4885350000.0,5.124279835390946,0.34675583380762665,0.02167055569959381,0.3221972373915837,0.0,5.124279835390946,0.01911339543848378,21.3875,43.67363445378151,3.339005782203662,0.6134453781512605,0.0,0.0035115315328316174,0.010500388903292714,0.46634889015367104,0.0012855414398064125,-41.744277108433735,0.0,-0.020576131687242843,-0.3212121212121212,-0.12135593220338983,0.4923745318352059,0.0,-0.04032258064516129,0.0,-0.6346240179573513,-0.3165799256505576,0.5776520715070197,Capital Markets,Financial Services,SCHW
2010Q3,2010,Q3,2010-11-08,2010-09-30,124000000.0,1066000000.0,0.0,0.1,0.0,1.0,87298000000.0,6035000000.0,31718000000.0,79255000000.0,81263000000.0,0.0,7363000000.0,16568800000.0,-7190200000.0,5.0629194630872485,0.4002018800075705,0.02300167243235813,0.3327257663628832,0.0,5.0629194630872485,0.020546810273405137,15.54296435272045,33.40483870967742,2.7454515327257663,0.5806451612903226,0.0,0.004345516875090532,0.012211047217576577,0.45573149958993125,0.001420422002795024,120.06376811594203,0.0,-0.411764705882353,-0.3426709464059916,0.027889503544426132,0.5227175575346336,0.0,-0.3951219512195122,0.0,-0.9185552531872632,-0.16804906450958884,0.7915634281578626,Capital Markets,Financial Services,SCHW
2010Q2,2010,Q2,2010-08-05,2010-06-30,205000000.0,1088000000.0,0.0,0.17,0.0,1.0,82295000000.0,5879000000.0,33213000000.0,75108000000.0,76416000000.0,0.0,7310000000.0,16888380000.0,-10186620000.0,4.936188077246012,0.44220322735261225,0.015894039735099338,0.222486817485967,0.0,4.936188077246012,0.03486987582922266,15.522408088235293,20.595585365853655,2.872662017349889,0.3463414634146341,0.0,0.004204074043810005,0.013220730299532172,0.5160968205783671,0.002491038337687587,20.105214285714286,0.0,32.66,0.21597464857398244,0.10428953118953327,0.5021192990970956,0.0,33.166666666666664,0.0,-0.25904040578309917,-0.04706042204500559,0.22285936403197426,Capital Markets,Financial Services,SCHW
2010Q1,2010,Q1,2010-05-07,2010-03-31,6000000.0,986000000.0,0.0,0.005050505050505051,0.0,1.0,78337000000.0,5671000000.0,29723000000.0,71357000000.0,72666000000.0,0.0,7177000000.0,22203720000.0,-2287280000.0,4.773569023569023,0.4165393724511961,0.01670985613439371,0.23082348792100157,0.0,4.773569023569023,0.0010580144595309468,22.51898580121704,925.155,3.9153094692294133,12.0,0.0,0.003242699871913355,0.012586644880452405,0.5003994001989994,7.659215951593756e-05,-35.92834951456311,0.0,-0.9633530426213353,-0.9538140020898641,0.03922129701166528,0.48064386555614613,0.0,-0.9634146341463414,0.0,-0.9765789765789765,-0.08869265070479287,0.22458731182135427,Capital Markets,Financial Services,SCHW
2009Q4,2009,Q4,2010-02-25,2009-12-31,164000000.0,1046000000.0,0.0,0.13781512605042018,0.0,1.0,75431000000.0,5073000000.0,74262000000.0,68846000000.0,70358000000.0,0.0,7243000000.0,22395800000.0,-2706200000.0,4.263025210084034,1.0786683322197368,0.02004480916334133,0.29804849201655825,0.0,4.263025210084034,0.03232801103883304,21.410898661567877,34.139939024390245,4.414705302582298,0.4268292682926829,0.0,0.0031255860473838842,0.013866977767761265,0.5200156871858932,0.0021741724224788217,31.76709219858156,0.0,-0.18932278793870488,2.4479784366576824,0.09956873315363873,0.28882157514168466,0.0,-0.18,0.0,-0.6263941122487539,1.5939472292413468,0.07767370526485358,Capital Markets,Financial Services,SCHW
2009Q3,2009,Q3,2009-11-05,2009-09-30,200000000.0,1022000000.0,0.0,0.17,0.0,1.0,67984000000.0,4903000000.0,66810000000.0,61565000000.0,63081000000.0,0.0,7149000000.0,22156550000.0,-1882450000.0,4.237683664649957,1.0851945098676197,0.022299364556366205,0.3091984499286151,0.0,4.237683664649957,0.040791352233326535,21.679598825831704,27.6956875,4.518978176626555,0.35,0.0,0.0031593366295745505,0.015032948929159802,0.5523268090635913,0.002941868674982349,-49.79,0.0,-0.055555555555555455,6.750785252018466,0.20484701815038892,0.2689792576471002,0.0,-0.024390243902439025,0.0,-0.17013796375121035,-0.12558273535540318,0.16778637025420695,Capital Markets,Financial Services,SCHW
2009Q2,2009,Q2,2009-08-06,2009-06-30,205000000.0,1098000000.0,0.0,0.18,0.0,1.0,62261000000.0,4614000000.0,61083000000.0,56087000000.0,57647000000.0,0.0,7019000000.0,20276241156.0,-3049758844.0,3.991349480968858,1.089075899941163,0.025055813430558457,0.3381014304291287,0.0,3.991349480968858,0.044429995665366276,18.466522,24.72712336097561,4.394503934980494,0.34146341463414637,0.0,0.0034523164062529458,0.017635437914585373,0.589797992404657,0.003292590867477233,22.28158368791209,0.0,-0.05263157894736847,1.154706494779067,0.17276300067212663,0.1580986554036861,0.0,-0.05963302752293578,0.0,-0.08576765601952052,-0.062489607500019785,0.12229600790389007,Capital Markets,Financial Services,SCHW
2009Q1,2009,Q1,2009-05-07,2009-03-31,218000000.0,1125000000.0,0.0,0.19,0.0,1.0,54898000000.0,4301000000.0,53721000000.0,49781000000.0,50597000000.0,0.0,6883000000.0,17871500000.0,-3766500000.0,3.7302688638334778,1.0791466623812298,0.01486392946919742,0.18972332015810275,0.0,3.7302688638334778,0.05068588700302255,15.885777777777777,20.494839449541285,4.155196465938154,0.3165137614678899,0.0,0.0038608958397448453,0.02049254981966556,0.5946646310841486,0.003971000765055193,140.7204724409449,0.0,-0.2887337662337663,0.6147452231014959,0.1274023920062387,0.10019727322415958,0.0,-0.2922077922077922,0.0,0.008383925990170571,-0.011315621552234484,0.04370216915548086,Capital Markets,Financial Services,SCHW
2008Q4,2008,Q4,2009-02-25,2008-12-31,308000000.0,1284000000.0,0.0,0.26712922810060713,0.0,1.0,51675000000.0,4061000000.0,51145000000.0,46731000000.0,47614000000.0,0.0,6735000000.0,18644010000.000004,14085010000.000004,3.5221162185602775,1.0944555006312726,0.017087566521528787,0.2174341295247476,0.0,3.5221162185602775,0.07584338832799803,14.520257009345798,15.133125,4.590989903964541,0.22077922077922077,0.0,0.003647284033853232,0.024847605224963716,0.28524962016648475,0.005960328979196904,28.50766055045872,0.0,0.027420108079258158,1.481774923231992,0.3696090311189445,0.08561080486894901,0.0,0.013157894736842105,0.0,0.8513341156063468,0.22309083158157775,0.025766880731262817,Capital Markets,Financial Services,SCHW
2008Q3,2008,Q3,2008-11-06,2008-09-30,304000000.0,1251000000.0,0.0,0.26,0.0,1.0,52760000000.0,4063000000.0,51599000000.0,47816000000.0,48697000000.0,0.0,6496000000.0,29848000000.0,25406000000.0,3.539198606271777,1.0791157771457254,0.016698256254738437,0.2168348510952498,0.0,3.539198606271777,0.07482156042333252,23.85931254996003,24.54605263157895,7.346295840511937,0.23026315789473684,0.0,0.002345215759849906,0.023711144806671722,0.3549439518152919,0.005761940864291129,-55.790654205607474,0.0,0.0,1.8482537243820132,0.4163265779728614,0.12118397406476056,0.0,0.030508474576271188,0.0,0.6732818259859618,0.25250913945242887,0.06444510853149792,Capital Markets,Financial Services,SCHW
2008Q2,2008,Q2,2008-08-07,2008-06-30,295000000.0,1308000000.0,0.0,0.26,0.0,1.0,48360000000.0,3891000000.0,47209000000.0,43587000000.0,44469000000.0,0.0,6261000000.0,23518301145.0,19161301145.0,3.3982532751091705,1.0830981714731456,0.01823821339950372,0.2266769468003084,0.0,3.3982532751091705,0.0758159856078129,17.98035255733945,19.93076368220339,6.0442819699306085,0.19322033898305085,0.0,0.002423644448150041,0.027047146401985113,0.4284304953311767,0.006100082712985939,361.82001761538464,0.0,0.0,1.7808969293685448,0.5261365293708875,0.10591635658015601,0.0,-0.03278688524590164,0.0,0.8201155092266517,0.3809185973172427,0.03411412771965025,Capital Markets,Financial Services,SCHW
2008Q1,2008,Q1,2008-05-08,2008-03-31,305000000.0,1307000000.0,0.0,0.26,0.0,1.0,44551000000.0,3562000000.0,43395000000.0,40086000000.0,40989000000.0,0.0,6024000000.0,21635669999.999996,17747669999.999996,3.1000870322019147,1.0825475228259243,0.02026890529954434,0.25350926445816957,0.0,3.1000870322019147,0.08562605277933745,16.553687834736035,17.734155737704917,6.074023020774845,0.1901639344262295,0.0,0.0026807582108619703,0.029337164148952887,0.4233398193883151,0.006846086507598033,-58.47478378378377,0.0,-0.03006493506493499,4.0734257590801555,0.715113625374722,0.03718395036932895,0.0,-0.00974025974025974,0.0,1.4274781669217609,0.4243054065981749,-0.0384291450994763,Capital Markets,Financial Services,SCHW
2007Q4,2007,Q4,2008-02-27,2007-12-31,308000000.0,1345000000.0,0.0,0.268059181897302,0.0,1.0,42286000000.0,3732000000.0,41680000000.0,37655000000.0,38554000000.0,0.0,5776000000.0,29356948851.0,23491948851.0,3.248041775456919,1.1068915150710397,0.02125999148654401,0.24088960342979635,0.0,3.248041775456919,0.08252947481243302,21.826727770260224,23.82869224918831,7.866277827170419,0.18831168831168832,0.0,0.0019756821560161664,0.03180721751880055,0.5259062541495153,0.007283734569361018,55.81168983079848,0.0,-0.7905787641427329,5.6045102510713765,0.5948607310005908,0.09887626260160523,0.0,-0.7992177314211213,0.0,5.706537267845707,0.4643332183851421,-0.018033881838605867,Capital Markets,Financial Services,SCHW
2007Q3,2007,Q3,2007-11-07,2007-09-30,1534000000.0,1291000000.0,0.0,1.28,0.0,1.0,39309000000.0,3394000000.0,38703000000.0,35290000000.0,35915000000.0,0.0,5526000000.0,26914410000.0,22670410000.0,2.825978351373855,1.0967129498441486,0.015899666742985066,0.18414849734826164,0.0,2.825978351373855,0.45197407189157335,20.847722695584817,4.386311929595828,7.929997053624043,0.8585397653194263,0.0,0.048932895055102454,0.03284235162430996,0.47735902521960893,0.039024142053982545,54.48261133603239,0.0,4.565217391304348,434.63280599500416,0.4158731286811589,-0.0736957274521614,0.0,4.2534246575342465,0.0,43.492557015495215,0.4662148209825145,-0.15375752551614966,Capital Markets,Financial Services,SCHW
2007Q2,2007,Q2,2007-08-07,2007-06-30,292000000.0,1205000000.0,0.0,0.23,0.0,1.0,49004000000.0,5074000000.0,48392000000.0,43546000000.0,43930000000.0,0.0,5308000000.0,25793640000.0,22706640000.0,4.03659506762132,1.1112846185642768,0.007836095012652028,0.07567993693338589,0.0,4.03659506762132,0.05754828537642885,21.405510373443985,22.083595890410958,5.083492313756405,0.21232876712328766,0.0,0.0024036933135455096,0.024589829401681494,0.3635695586276581,0.005958697249204147,33.62925684485006,0.0,0.0454545454545455,2.283002938645625,0.2656862276684315,0.28669370970207786,0.0,0.0695970695970696,0.0,1.8225371547651732,0.1836342381941702,0.17122675989942374,Capital Markets,Financial Services,SCHW
2007Q1,2007,Q1,2007-05-08,2007-03-31,273000000.0,1153000000.0,0.0,0.22,0.0,1.0,47278000000.0,4935000000.0,46670000000.0,41956000000.0,42343000000.0,0.0,5078000000.0,23155141266.0,20285141266.0,3.8981042654028437,1.112355801315664,0.008185625449469098,0.07841945288753799,0.0,3.8981042654028437,0.05531914893617021,20.082516275802256,21.204341818681318,4.692024572644377,0.23076923076923078,0.0,0.002720778045630257,0.02438766445281103,0.35158261035370386,0.005774355937222387,-110.79014959808613,0.0,-0.40359743040685225,2.186422305132601,0.19454327385667414,0.2686192185202788,0.0,-0.41541755888650966,0.0,0.8416443437049248,0.052328514344126234,0.1496982764755277,Capital Markets,Financial Services,SCHW
