Quarters,Year,Quarter,FillingDate,Date,NetIncome,Revenue,OperatingIncome,EPSDiluted,GrossProfit,GrossProfitRatio,TotalAssets,CommonStockEquity,CurrentAssets,CurrentLiability,TotalLiability,Inventory,RetainedEarnings,MarketCap,EnterpriseValue,bookValuePerShare,currentRatio,debtToAssets,debtToEquity,roic,shareholdersEquityPerShare,roe,priceToSalesRatio,peRatio,pbRatio,payoutRatio,inventoryTurnover,dividendYield,assetTurnover,quickRatio,returnOnAssets,priceToFreeCashFlowsRatio,grossProfitMargin,epsdilutedGrowth,fiveYNetIncomeGrowthPerShare,fiveYRevenueGrowthPerShare,fiveYShareholdersEquityGrowthPerShare,grossProfitGrowth,netIncomeGrowth,operatingIncomeGrowth,threeYNetIncomeGrowthPerShare,threeYRevenueGrowthPerShare,threeYShareholdersEquityGrowthPerShare,Industry,Sector,Symbol
2023Q1,2023,Q1,2023-05-03,2023-03-31,-6476000.0,93494000.0,-5782000.0,-0.14,69609000.0,0.7445290607,583100000.0,454845000.0,238325000.0,62471000.0,128255000.0,48848000.0,-333095000.0,1911135150.0000002,1909019150.0000002,9.864987962782225,3.8149701461478127,0.12900874635568513,0.16538601061900207,-0.010784461786128914,9.864987962782225,-0.014237817278413525,20.441259866943337,-73.77760770537368,4.201728390990337,0.0,0.4889657713724206,0.0,0.16033956439718744,2.9056842374861938,-0.011106156748413651,-290.4019373955326,0.7445290606883864,-0.5418502202643173,0.5436500065196593,0.4207361688723267,1.1212658690240362,0.06904919140571007,-0.5529976019184653,-0.3979690522243714,0.6689681888810626,0.47328446035165045,0.6778627829523827,Medical Instruments & Supplies,Healthcare,ATRC
2022Q4,2022,Q4,2023-02-22,2022-12-31,-4170000.0,88028000.0,-4136000.0,-0.0908,65113000.0,0.7396851002,585448000.0,456754000.0,215214000.0,58392000.0,128694000.0,45931000.0,-326619000.0,2037574560.0,2048551560.0,9.94846663181739,3.6856761200164407,0.12733496399338626,0.16321258270316188,-0.00783671588907278,9.94846663181739,-0.009129640900791236,23.14689144363157,-122.15674820143886,4.460988978750049,0.0,0.4989005247000936,0.0,0.1503600661373854,2.8052815454171802,-0.007122750440688157,-493.9574690909091,0.7396851001953924,0.6637037037037038,-0.14954645287040527,0.3592151934070935,1.0156684995307013,0.05509374037885049,0.6602020860495437,0.6142870465354845,0.7845028463562588,0.19408447775352808,0.5360529332510163,Medical Instruments & Supplies,Healthcare,ATRC
2022Q3,2022,Q3,2022-11-02,2022-09-30,-12272000.0,83246000.0,-10723000.0,-0.27,61713000.0,0.7413329169,581911000.0,450308000.0,212285000.0,57598000.0,131603000.0,43953000.0,-322449000.0,1791679300.0,1817669300.0,9.827117386465313,3.6856314455363033,0.12856433372113604,0.16613739929115184,-0.019936809217082144,9.827117386465313,-0.0272524583174183,21.522707397352427,-36.4993338494133,3.978786297378683,0.0,0.48990967624508,0.0,0.1430562405591233,2.849230876072086,-0.021089135623832512,-258.5768942127291,0.741332916896908,0.15624999999999997,-0.20401321724631732,0.4040417865545824,1.0144109639595895,-0.028432437538374343,0.17310154302270736,0.21500732064421668,-0.08252334900576422,0.2143114685945298,0.44015310969526245,Medical Instruments & Supplies,Healthcare,ATRC
2022Q2,2022,Q2,2022-08-03,2022-06-30,-14841000.0,84529000.0,-13660000.0,-0.32,63519000.0,0.7514462492,587389000.0,456710000.0,206166000.0,56316000.0,130679000.0,41292000.0,-310177000.0,1866975120.0,1887387120.0,9.995404009454608,3.660877903260175,0.12762922015904282,0.16414792756891683,-0.025062640412088433,9.995404009454608,-0.03249545663550174,22.086800033124728,-31.449617950272895,4.08787878522476,0.0,0.508815266879783,0.0,0.14390633804855044,2.840080971659919,-0.02526605026651844,41488.336,0.7514462492162454,0.030303030303030328,-0.5236540555057709,0.3205976437976824,0.9983257357989757,0.14253080312977787,0.022525192649673977,0.03462897526501767,-1.9569075815096286,0.17249379527566708,0.544903759455588,Medical Instruments & Supplies,Healthcare,ATRC
2022Q1,2022,Q1,2022-05-04,2022-03-31,-15183000.0,74576000.0,-14150000.0,-0.33,55595000.0,0.7454811199,584983000.0,462825000.0,199607000.0,47375000.0,122158000.0,40762000.0,-295336000.0,2989823760.0,3037000760.0,10.165722192936215,4.21334036939314,0.12875245947318129,0.16273537514179226,-0.025653991427127473,10.165722192936215,-0.032805055906660184,40.09096438532504,-49.22979253112033,6.459944385026738,0.0,0.4656542858544723,0.0,0.12748404654494233,3.214248021108179,-0.025954600390096807,-106.72986684753508,0.7454811199313452,-0.10000000000000009,-0.04863561401989349,0.270795894476592,1.0235637930212835,0.010524211138577868,-0.10494141619969434,-0.12257040856802856,-1.188290763120586,0.12232907040078929,0.5708328895492096,Medical Instruments & Supplies,Healthcare,ATRC
2021Q4,2021,Q4,2022-02-17,2021-12-31,-13741000.0,73218000.0,-12605000.0,-0.3,55016000.0,0.751399929,615312000.0,483756000.0,196076000.0,56445000.0,131556000.0,38964000.0,-280153000.0,3151864430.0,3183857430.0,10.67163751075423,3.473753211090442,0.12294088202407884,0.15637428786412985,-0.021994800392374,10.67163751075423,-0.028404815650865313,43.04767174738452,-57.344160359508045,6.515401214661937,0.0,0.4671491633302536,0.0,0.11899329120836259,2.694853397112233,-0.02233176014769743,-1308.3704566210047,0.7513999289792128,-1.1421800947867298,-0.11740112966172483,0.2477397791996372,1.0143078508740102,0.053421667368743535,-1.1415022449231784,-1.127750357255065,-2.223916236985187,0.11398461126240221,0.5610705562665733,Medical Instruments & Supplies,Healthcare,ATRC
2021Q3,2021,Q3,2021-11-04,2021-09-30,97108000.0,70460000.0,98669000.0,2.11,52226000.0,0.7412148736871984,612969000.0,488469000.0,195707000.0,53954000.0,124500000.0,38587000.0,-266412000.0,3147693900.0,3180652900.0,10.792986875248575,3.62729362049153,0.11883961505394237,0.14912921802611834,0.17206258680290656,10.792986875248575,0.19880074272881185,44.67348708487085,8.103590589858713,6.443999312136492,0.0,0.47254256614922124,0.0,0.1149487168192845,2.840271342254513,0.1584223671996463,-1813.1877304147465,0.7412148736871984,6.861111111111111,11.0295001631578,0.28746854555068985,0.9730989417682305,-0.03424682865490588,6.975509199433881,7.544339059494594,10.964908579278696,0.04747158144909636,1.2144445312590213,Medical Instruments & Supplies,Healthcare,ATRC
2021Q2,2021,Q2,2021-08-05,2021-06-30,-16251000.0,71376000.0,-15077000.0,-0.36,54078000.0,0.7576496301277741,701075000.0,385083000.0,235944000.0,67433000.0,315992000.0,37608000.0,-363520000.0,3572626550.0,3579542550.0,8.550749417120018,3.4989396882831847,0.10631530150126592,0.19355567501032245,-0.032073666113027643,8.550749417120018,-0.042201291669588116,50.05361115781215,-54.96010322441696,9.27754938545716,0.0,0.459955328653478,0.0,0.10180936419070713,2.872480832826658,-0.023180116250044576,-408.48691401783674,0.7576496301277741,0.05263157894736847,-0.3884868461908779,0.2614246189241397,0.5253667392404778,0.21414458913336326,0.03936868239049477,0.05086559647466163,-34.500215939870564,0.01735677856517197,0.7805426842390103,Medical Instruments & Supplies,Healthcare,ATRC
2021Q1,2021,Q1,2021-04-28,2021-03-31,-16917000.0,59275000.0,-15885000.0,-0.38,44540000.0,0.7514129059468578,699902000.0,391243000.0,298304000.0,58463000.0,308659000.0,36144000.0,-347269000.0,2924288640.0,2912483640.0,8.765975085140706,5.10244086003113,0.10512185991753131,0.18805448276390888,-0.03339571933909834,8.765975085140706,-0.04323911226526737,49.334266385491354,-43.21523674410356,7.474353892593605,0.0,0.40767485613103144,0.0,0.08469042808850381,4.395019071891624,-0.02417052673088518,-274.78750610787444,0.7514129059468578,0.09523809523809519,-0.22230730281601208,0.15876534205951393,0.5184665642133066,0.04955581214506209,0.08862191574183817,0.09244129577786665,-0.23150186762484,-0.06948843423418204,0.8849454076353185,Medical Instruments & Supplies,Healthcare,ATRC
2020Q4,2020,Q4,2021-02-26,2020-12-31,-18562000.0,57725000.0,-17503000.0,-0.42,42437000.0,0.7351580770896492,714539000.0,412394000.0,306737000.0,49137000.0,302145000.0,35026000.0,-330352000.0,2456383080.0,2476291080.0,9.346251473121203,6.24248529621263,0.0865621050775395,0.14998278345465743,-0.03617615183492929,9.346251473121203,-0.045010354175860946,42.553193243828495,-33.083491541859715,5.956398686692824,0.0,0.43647576086335865,0.0,0.08078635315916975,5.441195026151373,-0.025977588347172093,846.4448931771192,0.7351580770896492,-2.8181818181818183,-0.18078180127316074,0.11749646369895875,0.5336693769054554,0.052139634055635445,-2.7506566983228935,-3.385617639689301,-4.324349736015274,-0.07256674767315412,0.8936531005503626,Medical Instruments & Supplies,Healthcare,ATRC
2020Q3,2020,Q3,2020-11-06,2020-09-30,-4949000.0,54757000.0,-3991000.0,-0.11,40334000.0,0.7365998867724675,707797000.0,417532000.0,296212000.0,44754000.0,290265000.0,34326000.0,-311790000.0,1756078800.0,1784752800.0,9.486776333727166,6.618670956785985,0.08767344309173393,0.14862333904946207,-0.008103870491130843,9.486776333727166,-0.011852983723403236,32.070398305239515,-88.70876944837342,4.205854401578801,0.0,0.42017712521121015,0.0,0.07736257712310168,5.77639987487152,-0.006992117796486846,688.928520988623,0.7365998867724675,0.45,0.4971488878926789,0.08730919144295536,1.0761678913392578,0.45852317928690245,0.39910150558523555,0.45216197666437885,0.49447134697337086,-0.038456980728538495,0.9446461772821132,Medical Instruments & Supplies,Healthcare,ATRC
2020Q2,2020,Q2,2020-07-29,2020-06-30,-8236000.0,40824000.0,-7285000.0,-0.2,27654000.0,0.6773956496178718,704233000.0,416862000.0,292034000.0,38052000.0,287371000.0,32809000.0,-306841000.0,1872122550.0,1845455550.0,10.00893178707772,7.674603174603175,0.08783314613203301,0.1483824383129189,-0.014838317717624915,10.00893178707772,-0.01975713785377415,45.85838109935332,-56.82742077464789,4.4909887444765895,0.0,0.4014142460910116,0.0,0.057969450451768094,6.711605171870072,-0.011694992992376103,-147.87697867298579,0.6773956496178718,0.5238095238095237,-0.10392704196213208,-0.178616104096381,1.1235663217658582,-0.28880773582964714,0.49804973183812773,0.5286010094473923,0.07236925437353042,-0.3002934619884057,1.0010302694173128,Medical Instruments & Supplies,Healthcare,ATRC
2020Q1,2020,Q1,2020-04-30,2020-03-31,-16408000.0,53225000.0,-15454000.0,-0.42,38884000.0,0.7305589478628464,527734000.0,227366000.0,127024000.0,39071000.0,300368000.0,32063000.0,-298605000.0,1298958890.0000002,1339129890.0000002,5.879496263349797,3.251106959125694,0.11736405082863716,0.2724110025245639,-0.05095989709031913,5.879496263349797,-0.0721655832446364,24.405051949271964,-19.791548177718187,5.713074470237416,0.0,0.4472756760128497,0.0,0.10085573413878962,2.320595838345576,-0.031091421056820293,-72.49059043473409,0.7305589478628464,0.0,-1.1810298123634788,0.24662171424540386,0.23796921532226964,-0.13154956001250726,-0.019383697813121274,-0.008351820435860628,-0.3341843082076142,0.06778928253342655,0.17035814415484773,Medical Instruments & Supplies,Healthcare,ATRC
2019Q4,2019,Q4,2020-02-24,2019-12-31,-16096000.0,61321000.0,-15326000.0,-0.42,44774000.0,0.7301576947538364,557880000.0,247343000.0,143160000.0,49916000.0,310537000.0,29414000.0,-282197000.0,1241556900.0,1274925900.0,6.476643100288033,2.8680182706947672,0.11086972108697211,0.25006569824090435,-0.047478388579878336,6.476643100288033,-0.06507562372899173,20.246846920304627,-19.28362481361829,5.019575650008288,0.0,0.5625552458013191,0.0,0.10991790349179036,2.2006370702780673,-0.02885208288520829,-157.4381055034238,0.7301576947538364,-0.6799999999999999,-1.1243146072348627,0.4703058911228589,0.3162140812918422,0.07122520755078116,-0.7192907498397778,-0.7744587240940142,-0.5536542277172489,0.2403979198616391,0.22248839796818928,Medical Instruments & Supplies,Healthcare,ATRC
2019Q3,2019,Q3,2019-10-31,2019-09-30,-9362000.0,56614000.0,-8637000.0,-0.25,41797000.0,0.7382802840286855,560756000.0,258221000.0,137853000.0,44282000.0,302535000.0,27789000.0,-266101000.0,943779480.0,972272480.0,6.823661540087733,3.1130707736777925,0.10998544821633652,0.23884579488112895,-0.026018727107294654,6.823661540087733,-0.03625576541024936,16.670425689758716,-25.20240012817774,3.654929227289802,0.0,0.5331965885782144,0.0,0.10096013239269842,2.4058759766948197,-0.016695318462932183,-158.37883537506292,0.7382802840286855,-1.272727272727273,-13.289039042615181,0.5093531836095077,0.36008331433673746,-0.0477524890073588,-1.282857839551329,-1.249804636624121,-0.15641627096931807,0.23719770562923448,0.24745443678875917,Medical Instruments & Supplies,Healthcare,ATRC
2019Q2,2019,Q2,2019-07-31,2019-06-30,-4101000.0,58906000.0,-3839000.0,-0.11,43893000.0,0.7451363188809289,343120000.0,241548000.0,146525000.0,39432000.0,101572000.0,24432000.0,-256739000.0,1141673720.0,1157267720.0,6.469920179996786,3.715890647190099,0.11902832828165073,0.1690802656200838,-0.013028895713855309,6.469920179996786,-0.01697799195191018,19.38128068448036,-69.59727627407949,4.726487985824764,0.0,0.614481008513425,0.0,0.17167754721380274,3.0126800568066545,-0.011952086733504313,1142.8165365365364,0.7451363188809289,0.26666666666666666,-0.09556539374575487,0.597746492654483,0.294225055228235,0.10087532291640541,0.2722271517302573,0.27838345864661657,0.577334215154918,0.25578205824105216,0.1541679643129859,Medical Instruments & Supplies,Healthcare,ATRC
2019Q1,2019,Q1,2019-04-26,2019-03-31,-5635000.0,53966000.0,-5320000.0,-0.15,39871000.0,0.7388170329466701,338360000.0,239292000.0,155019000.0,35465000.0,99068000.0,24122000.0,-252638000.0,1012033120.0,1032089120.0,6.471549112938122,4.371041872268433,0.1205106986641447,0.1704026879293917,-0.018346508371794717,6.471549112938122,-0.02354863514033064,18.753161620279435,-44.89942857142857,4.229281045751634,0.0,0.5843213663875301,0.0,0.1594928478543563,3.589228817143663,-0.016653859794301926,-66.81409652076319,0.7388170329466701,-0.6666666666666666,0.5104108156049966,0.4547293782387849,0.19373457565394442,0.03319512827157295,-0.6428571428571429,-1.0406597621787494,0.5085521970647775,0.2734168256532174,0.12101972127645949,Medical Instruments & Supplies,Healthcare,ATRC
2018Q4,2018,Q4,2019-03-01,2018-12-31,-3430000.0,52893000.0,-2607000.0,-0.09,38590000.0,0.7295861456147317,356759000.0,249381000.0,174673000.0,40216000.0,107378000.0,22484000.0,-247003000.0,1116288000.0,1124345000.0,6.836101973684211,4.343370797692461,0.1129277747723253,0.16155200275883086,-0.008840615294628386,6.836101973684211,-0.013754055040279732,21.104645227156713,-81.36209912536444,4.476235158251831,0.0,0.6361412560042697,0.0,0.14825974957884736,3.719837875472449,-0.009614333485630356,-11390.69387755102,0.7295861456147317,0.5909090909090909,0.6075720095293454,0.37710385246010075,0.9570323883398478,0.07349504840324914,0.5259156876295784,0.5689484126984127,0.7360880540525769,0.2385126943250412,0.12176740424695132,Medical Instruments & Supplies,Healthcare,ATRC
2018Q3,2018,Q3,2018-11-02,2018-09-30,-7235000.0,49941000.0,-6048000.0,-0.22,35948000.0,0.7198093750625738,271962000.0,163768000.0,88429000.0,33744000.0,108194000.0,22258000.0,-243574000.0,1170994850.0,1193108850.0,4.873902562423737,2.620584400189663,0.14749487060692304,0.2449379610180255,-0.028170474162654772,4.873902562423737,-0.04417834986077866,23.447565126849682,-40.46284899792674,7.150327597577061,0.0,0.6286728367328601,0.0,0.1836322721556688,1.8820827406353722,-0.02660298129885793,329.11603428892636,0.7198093750625738,-21.0,-0.6239181793776759,0.529011462654576,1.7869121425364038,-0.05596260405998057,-20.40532544378698,-7.313152400835073,0.037103965271231505,0.2989413704449468,0.06664684078671922,Medical Instruments & Supplies,Healthcare,ATRC
2018Q2,2018,Q2,2018-08-02,2018-06-30,-338000.0,51802000.0,958000.0,-0.01,38079000.0,0.7350874483610671,270847000.0,159687000.0,86765000.0,27420000.0,111160000.0,21682000.0,-236338000.0,899466600.0,925588600.0,4.802327679538073,3.1642961342086067,0.14764054983071623,0.25041487409745317,0.0052626728814630895,4.802327679538073,-0.002116640678326977,17.363549669896916,-665.2859467455621,5.632685190403728,0.0,0.6329213172216586,0.0,0.191259271839821,2.2597738876732314,-0.0012479370271777056,-387.3671834625323,0.7350874483610671,0.9677419354838709,0.8827897859722446,0.5748665679104537,1.6003584488154246,0.1036431614642205,0.9666469311229524,1.1015906680805938,0.9432550077679211,0.30546118201923417,0.01889607635427133,Medical Instruments & Supplies,Healthcare,ATRC
2018Q1,2018,Q1,2018-04-27,2018-03-31,-10134000.0,46994000.0,-9430000.0,-0.31,34503000.0,0.7342001106524237,269702000.0,153123000.0,84769000.0,26872000.0,116579000.0,22571000.0,-236000000.0,675641520.0,694300520.0,4.650519346413169,3.1545474843703483,0.14789656732245218,0.26049646362728,-0.04607574536090532,4.650519346413169,-0.06618208890891636,14.377186874920202,-16.667690941385434,4.412410415156442,0.0,0.553409241947632,0.0,0.17424416578297527,2.171888955046145,-0.03757480478453997,-58.6494375,0.7342001106524237,-2.8749999999999996,-2.095869028535393,0.4356351798598015,1.354656738505155,0.055686442493039195,-2.927906976744186,-3.4168618266978923,-0.5820976426116279,0.2927300928732366,-0.020800502585909254,Medical Instruments & Supplies,Healthcare,ATRC
2017Q4,2017,Q4,2018-02-28,2017-12-31,-2580000.0,46062000.0,-2135000.0,-0.08,32683000.0,0.7095436585471755,267704000.0,161166000.0,82258000.0,31903000.0,106538000.0,22451000.0,-225866000.0,595608960.0,598460960.0,4.935566852452992,2.578378208945867,0.09212040163762962,0.1530161448444461,-0.010538497537294148,4.935566852452992,-0.016008339227876846,12.93059267943207,-57.714046511627906,3.6956241390864073,0.0,0.5959200035633156,0.0,0.1720631742521591,1.8034040685828918,-0.009637510085766368,2134.7991397849464,0.7095436585471755,0.6363636363636365,0.36119056874144573,0.2545226007936764,5.448614226740982,0.05708648683614723,0.6439414849572178,0.6881846063969622,0.6017701153704106,0.2916787942448644,0.003029268366969139,Medical Instruments & Supplies,Healthcare,ATRC
2017Q3,2017,Q3,2017-11-02,2017-09-30,-7246000.0,42150000.0,-6847000.0,-0.22,30918000.0,0.7335231316725979,268451000.0,158919000.0,82146000.0,36072000.0,109532000.0,22565000.0,-223286000.0,728725120.0,735063120.0,4.878407416502947,2.27727877578177,0.0960398731984608,0.1622335906971476,-0.034773655245424605,4.878407416502947,-0.045595554968254265,17.2888521945433,-25.142324040850124,4.58551287133697,0.0,0.49776202082871707,0.0,0.15701189416318062,1.5792304280328233,-0.026991890512607516,-480.6893931398417,0.7335231316725979,-0.047619047619047665,-0.4105086338390469,0.30504126814068977,4.855815642344589,-0.05025496098789703,-0.05273863141072207,-0.07741935483870968,-11.847216439918379,0.30539197520204203,-0.027642199317385714,Medical Instruments & Supplies,Healthcare,ATRC
2017Q2,2017,Q2,2017-07-28,2017-06-30,-6883000.0,45231000.0,-6355000.0,-0.21,32554000.0,0.7197276204373106,268510000.0,161501000.0,81111000.0,31695000.0,107009000.0,19943000.0,-216040000.0,782984000.0,787683000.0,5.0018892467789895,2.559110269758637,0.09575807232505307,0.15920644454213906,-0.03181215903284082,5.0018892467789895,-0.042618931152129086,17.31078242798081,-28.43905273863141,4.8481681227980005,0.0,0.6356616356616357,0.0,0.16845182674760717,1.8327180943366461,-0.02563405459759413,-277.94959176428824,0.7197276204373106,0.34375000000000006,-1.5934705112509286,0.23706424720758204,4.402415461237189,0.08484404158890962,0.32406952764411273,0.340904376685335,-1.1261293579736311,0.41856064779397734,0.0005641810964766244,Medical Instruments & Supplies,Healthcare,ATRC
2017Q1,2017,Q1,2017-05-05,2017-03-31,-10183000.0,41273000.0,-9642000.0,-0.32,30008000.0,0.7270612749254961,266423000.0,160858000.0,79109000.0,28409000.0,105565000.0,18838000.0,-209157000.0,613183000.0,619672000.0,5.02367270455965,2.784645710866275,0.09624919770440239,0.15941389299879397,-0.04839535950223965,5.02367270455965,-0.06330428079424089,14.856758655779808,-15.054085240106057,3.8119521565604444,0.0,0.5979934175602506,0.0,0.15491530385890107,1.9756415220528705,-0.038221174598289186,-54.3891254213234,0.7270612749254961,-0.18518518518518512,-2.1444819688269914,0.18126107627561036,4.491383340361015,0.03844689760182718,-0.18063768115942028,-0.2530214424951267,-0.02167375932265706,0.2847736429270685,-0.07333905691721253,Medical Instruments & Supplies,Healthcare,ATRC
2016Q4,2016,Q4,2017-03-08,2016-12-31,-8625000.0,41157000.0,-7695000.0,-0.27,28897000.0,0.7021162864154336,276421000.0,168442000.0,85717000.0,28828000.0,107979000.0,17660000.0,-198974000.0,622208580.0,623574580.0,5.2979178461344905,2.973393922575274,0.09251829636677388,0.15182674154901984,-0.03718282640451375,5.2979178461344905,-0.051204568931739115,15.117928420438808,-18.035031304347825,3.6939040144382047,0.0,0.6942242355605889,0.0,0.14889245028416798,2.2583252393506315,-0.031202405027114438,-750.5531724969843,0.7021162864154336,-0.28571428571428586,-1.0893558675590864,0.23674300671391424,4.434031959862635,0.05187099592312172,-0.27156125608137993,-0.2241489023226217,-0.13222990092091327,0.22948111883934064,0.5166825854209876,Medical Instruments & Supplies,Healthcare,ATRC
2016Q3,2016,Q3,2016-10-28,2016-09-30,-6783000.0,38340000.0,-6286000.0,-0.21,27472000.0,0.7165362545644236,279316000.0,173434000.0,84410000.0,26490000.0,105882000.0,18985000.0,-190349000.0,501588920.0,510996920.0,5.470068756702202,3.1864854662136657,0.09134815048189147,0.14711648235063482,-0.029607735501074733,5.470068756702202,-0.039109978435600865,13.082653103808033,-18.486986584107328,2.89210258657472,0.0,0.5724519357387411,0.0,0.13726388749659885,2.3559456398640997,-0.024284323132223003,-732.246598540146,0.7165362545644236,0.19230769230769237,-1.9251965294336326,0.2560176142517258,4.374497675119152,-0.046706919286557014,0.1734097002193517,0.18764538640475575,-0.6134598867818608,0.24398849228237482,2.1278017652821943,Medical Instruments & Supplies,Healthcare,ATRC
2016Q2,2016,Q2,2016-08-05,2016-06-30,-8206000.0,39672000.0,-7738000.0,-0.26,28818000.0,0.7264065335753176,281513000.0,177000000.0,86465000.0,25189000.0,104513000.0,19311000.0,-183566000.0,446154750.0,451679750.0,5.605700712589074,3.4326491722577317,0.09037593290540756,0.14374011299435027,-0.03582894174747546,5.605700712589074,-0.046361581920903956,11.24608666061706,-13.592333353643676,2.520648305084746,0.0,0.562063072860028,0.0,0.14092422019587017,2.5320973440787644,-0.02914963074529418,-58.999570219518645,0.7264065335753176,0.16129032258064513,-3.286437328883086,0.16911667325061724,4.172439069074671,0.11206297754109748,0.15610859728506787,0.17846905191633933,-1.9967787737844673,0.27015213922642006,2.0353678845408902,Medical Instruments & Supplies,Healthcare,ATRC
2016Q1,2016,Q1,2016-04-29,2016-03-31,-9724000.0,35940000.0,-9419000.0,-0.31,25914000.0,0.7210350584307179,261710000.0,181027000.0,65393000.0,26194000.0,80683000.0,19015000.0,-175360000.0,527755139.99999994,521041139.99999994,5.772912813317176,2.49648774528518,0.001765312750754652,0.002552105487026797,-0.04830734752812456,5.772912813317176,-0.0537157440602783,14.684338898163604,-13.568365384615383,2.9153393692653577,0.0,0.5272679463581383,0.0,0.13732757632493983,1.632816675574559,-0.03715563027778839,-38.42410921004732,0.7210350584307179,0.13888888888888887,-2.7503263390634167,0.1284714952838719,4.54303897329234,0.014445096887844979,0.10903426791277258,0.11392285983066792,-2.119157090675685,0.15284354009547632,1.9229483943904373,Medical Instruments & Supplies,Healthcare,ATRC
2015Q4,2015,Q4,2016-02-29,2015-12-31,-10914000.0,35863000.0,-10630000.0,-0.36,25545000.0,0.7122940077517218,273092000.0,186685000.0,74752000.0,31588000.0,86407000.0,17659000.0,-165636000.0,687426960.0,677822960.0,6.094045831429131,2.3664682790933265,0.0016477963470185872,0.0024104775423842303,-0.05288559841679557,6.094045831429131,-0.05846211532795886,19.168138750243983,-15.746448598130842,3.6822827757988055,0.0,0.5842912962228892,0.0,0.13132204531806133,1.7090983917943523,-0.0399645540696908,-64.47448508722566,0.7122940077517218,-0.6363636363636362,-476.16066953788925,0.0997855157470386,4.606249577570722,0.13644452353412226,-0.7772349780166097,-0.7349436918557206,-1.8805024120614058,0.04115405602307389,6.962236521512046,Medical Instruments & Supplies,Healthcare,ATRC
2015Q3,2015,Q3,2015-10-30,2015-09-30,-6141000.0,31423000.0,-6127000.0,-0.22,22478000.0,0.7153359004550807,165642000.0,125484000.0,84113000.0,39065000.0,40158000.0,16567000.0,-154722000.0,601692420.0,586617420.0,4.569368582040638,2.153154998080123,0.0819297038190797,0.10814924611902713,-0.044083236963256396,4.569368582040638,-0.04893851008893564,19.148153263533082,-24.494887640449438,4.7949732236779194,0.0,0.5399287740689322,0.0,0.18970430204899724,1.6656597977729426,-0.037073930524866884,-101.98176610169492,0.7153359004550807,-0.22222222222222227,-2.291087313748601,0.1976562677313199,3.405409392039987,-0.02764199506856426,-0.25557145777959517,-0.2714256069724009,-0.4180191960973548,0.15409060377440076,4.484859654778962,Medical Instruments & Supplies,Healthcare,ATRC
2015Q2,2015,Q2,2015-07-31,2015-06-30,-4891000.0,32583000.0,-4819000.0,-0.18,23117000.0,0.7094804038915999,159309000.0,128691000.0,90739000.0,30141000.0,30618000.0,16073000.0,-148581000.0,672770560.0,652088560.0,4.7132654556109,3.0104840582595136,0.057981658286725794,0.07177658111289834,-0.03497851493105871,4.7132654556109,-0.038005765748964575,20.64790105269619,-34.38819055407892,5.227798058916319,0.0,0.5889379705095502,0.0,0.20452705120238027,2.391062008559769,-0.030701341418250067,-220.5082137004261,0.7094804038915999,0.05263157894736847,-2.5206273467692557,0.26340098703339165,3.4995669579928905,0.06358408097538533,0.07121154576528675,0.06318040435458787,-1.1792952728432986,0.05380924319108332,4.090680123856122,Medical Instruments & Supplies,Healthcare,ATRC
2015Q1,2015,Q1,2015-05-01,2015-03-31,-5266000.0,29886000.0,-5144000.0,-0.19,21735000.0,0.7272636016864084,153406000.0,128559000.0,93415000.0,24629000.0,24847000.0,15106000.0,-143690000.0,554643810.0,537159810.0,4.7493073257231515,3.7928864346908115,0.039085824544020445,0.04664006409508475,-0.038250870364160354,4.7493073257231515,-0.04096173741239431,18.558649869504116,-26.331362039498668,4.314313350290528,0.0,0.5395869191049913,0.0,0.1948163696335215,3.0662633480855903,-0.034327210148234095,-45.36592589563226,0.7272636016864084,0.050000000000000044,-0.451969479063489,0.1867793750455974,3.5011252090356195,0.06439764936336925,0.014595808383233533,-0.07637581083908768,-0.9235493602467028,0.011804866470259823,4.191474178455004,Medical Instruments & Supplies,Healthcare,ATRC
2014Q4,2014,Q4,2015-03-02,2014-12-31,-5344000.0,29415000.0,-4779000.0,-0.2,20420000.0,0.694203637599864,158404000.0,132538000.0,93508000.0,25643000.0,25866000.0,14257000.0,-138424000.0,537622600.0,513293600.0,4.920660850194913,3.6465312170962836,0.0255991010328022,0.030594999170049344,-0.03397725527746137,4.920660850194913,-0.040320511853204365,18.27715791262961,-25.15075785928144,4.056365721528921,0.0,0.6309181454723995,0.0,0.18569606828110402,3.010841165230277,-0.03373652180500492,-78.70335236422193,0.694203637599864,-9.0,-0.2449477734059642,0.18676799603469946,3.3180942889964964,0.08088079610417108,-10.467811158798284,-4.9514321295143215,-0.5280865488489882,0.043356666251147265,4.0470824765834275,Medical Instruments & Supplies,Healthcare,ATRC
2014Q3,2014,Q3,2014-10-31,2014-09-30,-466000.0,26678000.0,-803000.0,-0.02,18892000.0,0.7081490366594198,157140000.0,135035000.0,90721000.0,21892000.0,22105000.0,14563000.0,-133080000.0,396188800.0,363258800.0,5.017090841538176,4.144025214690298,0.01652030036909762,0.019224645462287554,-0.005778275125933717,5.017090841538176,-0.0034509571592550078,14.850768423420046,-212.54763948497853,2.9339711926537566,0.0,0.5346425873789741,0.0,0.16977217767595776,3.408139959802668,-0.002965508463790251,-126.65882352941176,0.7081490366594198,0.7999999999999999,0.9461297119301956,0.09066825279122835,3.008563654502989,0.0059102284223417284,0.8268945022288261,0.7185418857343148,0.7632629561490146,0.029541745071223976,3.9294340278027504,Medical Instruments & Supplies,Healthcare,ATRC
2014Q2,2014,Q2,2014-07-30,2014-06-30,-2692000.0,26514000.0,-2853000.0,-0.1,18781000.0,0.7083427623142491,155933000.0,134220000.0,92765000.0,16880000.0,21713000.0,12666000.0,-132614000.0,493484620.0,451612620.0,4.999068866624455,5.495556872037914,0.0006797791359109361,0.000789748174638653,-0.021278895334321576,4.999068866624455,-0.020056623454030698,18.61222825677001,-45.828809435364036,3.6766846967665026,0.0,0.6105321332701721,0.0,0.17003456612776,4.636196682464455,-0.01726382484785132,-90.88114548802946,0.7083427623142491,0.6774193548387096,-0.0044413119307826,0.036160315484843795,2.267844883022591,0.06365747295690094,0.6507977688416137,0.64,-0.6536944377252479,-0.08110845556017472,3.612693477668836,Medical Instruments & Supplies,Healthcare,ATRC
2014Q1,2014,Q1,2014-04-30,2014-03-31,-7709000.0,24847000.0,-7925000.0,-0.31,17657000.0,0.7106290497846822,158554000.0,134263000.0,107248000.0,16013000.0,24291000.0,11082000.0,-129922000.0,465848459.99999994,397316459.99999994,5.421263021884842,6.697558233934928,0.0006748489473617821,0.0007969433127518378,-0.05918623259998346,5.421263021884842,-0.0574171588598497,18.74868032358031,-15.10729212608639,3.4696711677826353,0.0,0.6487998556217289,0.0,0.1567100167766187,5.874476987447698,-0.04862065920758858,-30.21458425217278,0.7106290497846822,-0.2916666666666667,0.4412805620144698,0.04895951683756809,2.494057832003755,0.12687472078626588,-0.547991967871486,-0.6380735841256717,-2.7645636349184475,-0.01217737755162685,4.20539166042057,Medical Instruments & Supplies,Healthcare,ATRC
2013Q4,2013,Q4,2014-03-11,2013-12-31,-4980000.0,21884000.0,-4838000.0,-0.24,15669000.0,0.716002558947176,111947000.0,72604000.0,52487000.0,26713000.0,39343000.0,10214000.0,-122213000.0,388263800.0,379821800.0,3.4930959826798174,1.9648485755998952,0.05761655068916541,0.08883808054652637,-0.061247869399702934,3.4930959826798174,-0.06859126218941106,17.74190276000731,-19.491154618473896,5.347691587240372,0.0,0.6084785588408067,0.0,0.19548536360956523,1.492269681428518,-0.04448533681116957,-97.11450725362681,0.716002558947176,-0.846153846153846,-0.0706989787061669,0.24747951231428236,0.7150028739888338,0.06700715015321757,-0.8122270742358079,-0.8508033664881408,-320.55054170582196,-0.010896440486877284,2.213492057495768,Medical Instruments & Supplies,Healthcare,ATRC
2013Q3,2013,Q3,2013-11-01,2013-09-30,-2748000.0,20146000.0,-2614000.0,-0.13,14685000.0,0.7289288196167973,57637000.0,36245000.0,48557000.0,16275000.0,21392000.0,7062000.0,-117233000.0,227560500.0,208698500.0,1.748854041013269,2.983533026113671,0.12073841456009161,0.19199889639950338,-0.06059185481961907,1.748854041013269,-0.07581735411780935,11.295567358284522,-20.702374454148472,6.27839702027866,0.0,0.7732936845086378,0.0,0.3495324184117841,2.5017511520737328,-0.047677707028471294,-3500.9307692307693,0.7289288196167973,-0.44444444444444453,-0.0643742535746129,-0.06693069862225202,-0.2036044810596584,-0.0289625074390002,-0.5343383584589615,-0.5948749237339841,-0.9514375567672436,0.017445134798411047,0.6861012368028795,Medical Instruments & Supplies,Healthcare,ATRC
2013Q2,2013,Q2,2013-08-02,2013-06-30,-1791000.0,20429000.0,-1639000.0,-0.09,15123000.0,0.7402711831220324,57481000.0,38140000.0,53466000.0,13403000.0,19341000.0,6028000.0,-114485000.0,196607040.0,172985040.0,1.8467944993220995,3.9891069163620085,0.12912092691498062,0.19459884635553226,-0.0360736680972184,1.8467944993220995,-0.04695857367593078,9.623918938763522,-27.443752093802345,5.154877818563188,0.0,0.8802256138022562,0.0,0.35540439449557243,3.45340595389092,-0.03115812181416468,-197.7938028169014,0.7402711831220324,0.10000000000000009,0.22758462748568378,-0.055638816583158765,-0.1930877643396345,0.0736191963651853,0.0782295419454452,0.08944444444444444,-0.7044416572531652,0.04727662616218445,0.7630612121497172,Medical Instruments & Supplies,Healthcare,ATRC
2013Q1,2013,Q1,2013-05-03,2013-03-31,-1943000.0,19430000.0,-1800000.0,-0.1,14086000.0,0.7249613998970664,58127000.0,38600000.0,54357000.0,12694000.0,19527000.0,5693000.0,-112694000.0,160065360.0,137210360.0,1.9750306999590668,4.282101780368678,0.13640820960999192,0.20541450777202072,-0.038785358869700554,1.9750306999590668,-0.05033678756476684,8.23805249613999,-20.595131240349975,4.146770984455959,0.0,0.9386966450026348,0.0,0.334268068195503,3.715456121002048,-0.03342680681955029,-52.844291845493565,0.7249613998970664,0.1666666666666666,0.6098272087592806,0.039709949588110964,-0.16324782780238262,0.0833717889555453,0.03811881188118812,0.028077753779697623,0.2579926770813272,0.06864573482558387,0.8718225337947378,Medical Instruments & Supplies,Healthcare,ATRC
2012Q4,2012,Q4,2013-03-08,2012-12-31,-2020000.0,18364000.0,-1852000.0,-0.12,13002000.0,0.7080156828577652,32431000.0,12500000.0,28539000.0,12205000.0,19931000.0,5718000.0,-110751000.0,112690800.0,113373800.0,0.7653686015184913,2.338303973781237,0.2601214886990842,0.67488,-0.08979363765714318,0.7653686015184913,-0.1616,6.136506207797866,-13.946881188118812,9.015264,0.0,0.937740468695348,0.0,0.566248342635133,1.7982793936911101,-0.06228608430205668,-140.16268656716417,0.7080156828577652,0.25000000000000006,-0.11801400597317888,0.20977367590074938,-0.7011318202610065,0.12581175859381766,0.2130892091936112,0.26769474100434953,0.22390718747441413,0.22191744747897532,-0.32835570509531864,Medical Instruments & Supplies,Healthcare,ATRC
2012Q3,2012,Q3,2012-11-02,2012-09-30,-2567000.0,16139000.0,-2529000.0,-0.16,11549000.0,0.7155957618191957,33744000.0,13561000.0,30119000.0,11604000.0,20183000.0,6878000.0,-108731000.0,123875580.0,124572580.0,0.8330876028996191,2.5955704929334713,0.26375059269796114,0.656293783644274,-0.11307972943399232,0.8330876028996191,-0.18929282501290465,7.675542474750604,-12.06423646279704,9.134693606666175,0.0,0.6673451584763013,0.0,0.47827761972498817,1.9337297483626337,-0.07607278330962541,-86.02470833333334,0.7155957618191957,-1.0,0.14266256775475425,0.16177862386243105,-0.6880576118270678,-0.09141688301471167,-0.9358974358974359,-0.9159090909090909,0.509337813388738,0.09096135084658069,-0.3343782699026058,Medical Instruments & Supplies,Healthcare,ATRC
2012Q2,2012,Q2,2012-08-03,2012-06-30,-1326000.0,18268000.0,-1320000.0,-0.08,12711000.0,0.695806875410554,36024000.0,14936000.0,31428000.0,11742000.0,21088000.0,6491000.0,-106163000.0,155028520.0,155773520.0,0.9258616414579718,2.676545733265202,0.2610759493670886,0.6296866630958757,-0.05447598701778891,0.9258616414579718,-0.08877878950187466,8.48634333260346,-29.228604826546,10.37952062131762,0.0,0.8561084578647358,0.0,0.5071063735287586,2.030148185998978,-0.03680879413724184,-166.44051383080944,0.695806875410554,0.20000000000000004,0.6182588918218771,0.18664938615278015,-0.6984485873539071,-0.0031997046378229523,0.18137030954821026,0.11763880143263372,0.17655814770474504,0.18818101135045323,-0.39477284507418653,Medical Instruments & Supplies,Healthcare,ATRC
2012Q1,2012,Q1,2012-05-04,2012-03-31,-1619780.0,17476302.0,-1495986.0,-0.1,12751802.0,0.729662488093877,36588080.0,14651777.0,33109631.0,11818436.0,21936303.0,7037280.0,-104836876.0,159357976.14999998,157856256.14999998,0.914828266975327,2.801523907224272,0.2710347195042757,0.6768216578780853,-0.05630293626965657,0.914828266975327,-0.1105517781222032,9.118518102399465,-24.595620416044152,10.876358284049777,0.0,0.6713531364390788,0.0,0.47765015272733635,2.1164049963971543,-0.04427070237082678,-91.29306336343818,0.729662488093877,0.22982131854590268,0.7109041452710141,0.24827049996914777,-0.5849723059830169,0.08611708391091691,0.2210603865988801,0.11721499969609724,0.8184664455791874,0.14087864807964096,-0.41038410085252963,Medical Instruments & Supplies,Healthcare,ATRC
2011Q4,2011,Q4,2012-03-12,2011-12-31,-2079468.0,16763697.0,-1694621.0,-0.12984,11740725.0,0.7003660946627704,33858890.0,15614704.0,31192726.0,10808812.0,18244186.0,6563138.0,-103217096.0,177776234.7,174485954.7,0.9749515433965933,2.8858607217888514,0.19104651688227228,0.41426484933688146,-0.07691563759385397,0.9749515433965933,-0.13317370601453604,10.60483464357534,-21.372802406673244,11.385181217652285,0.0,0.7653308524062727,0.0,0.4951047420633104,2.192337141214039,-0.061415716817651136,-98.91277914742255,0.7003660946627704,-0.8548571428571429,0.6254773479133768,0.21447680349591372,-0.6093612721444254,0.059114420323565633,-0.7983250543094741,-0.4233921940345269,0.41978414620537424,0.24015458199725198,-0.5213287275197473,Medical Instruments & Supplies,Healthcare,ATRC
2011Q3,2011,Q3,2011-11-04,2011-09-30,-1156336.0,15222068.0,-1190551.0,-0.07,11085417.0,0.7282464511392276,34120525.0,16092134.0,31740187.0,9971526.0,18028391.0,6543080.0,-101137628.0,153998925.72,157388193.72,1.0177823282025944,3.183082208279856,0.19990258063145278,0.4238580787358594,-0.05252158582598467,1.0177823282025944,-0.07185721918547286,10.11682024544891,-33.29458862302999,9.569826209500865,0.0,0.6322177017551367,0.0,0.4461264297662477,2.4140420433141325,-0.03388974817943159,-270.45207208124856,0.7282464511392276,-0.16666666666666682,0.718441513612026,0.24984102450017978,-0.6411156398419641,-0.09709331183488987,-0.22150319547879363,-0.5438263208194313,0.41291973192702863,-0.07586688256169205,-0.5365209065888739,Medical Instruments & Supplies,Healthcare,ATRC
2011Q2,2011,Q2,2011-08-05,2011-06-30,-946650.0,16779563.0,-771169.0,-0.06,12277478.0,0.7316923569463638,36136844.0,16921244.0,33046565.0,10602841.0,19215600.0,6009527.0,-99981292.0,201412989.0,204505009.0,1.0837635084200057,3.116765119839107,0.19935169214002196,0.42573353353925986,-0.03227918441230641,1.0837635084200057,-0.05594446838542131,12.003470471787615,-53.190986372999525,11.90296582213459,0.0,0.749157962015979,0.0,0.46433393574712833,2.4342087182105248,-0.02619625554461812,1702.7483070836186,0.7316923569463638,0.25000000000000006,0.7709959047867159,0.3496804589592943,-0.6482507519463429,0.03234510549404497,0.25638979267049267,0.2820958950656073,0.459980908317892,0.025973202472810816,-0.5264757200504385,Medical Instruments & Supplies,Healthcare,ATRC
2011Q1,2011,Q1,2011-05-13,2011-03-31,-1273046.0,15637081.0,-1074195.0,-0.08,11892804.0,0.7605514098187507,36730341.0,16034803.0,33949419.0,11528307.0,20695538.0,6015338.0,-99034639.0,175209973.66000003,175111129.66000003,1.0414707241158545,2.9448746463812943,0.20655680817120647,0.4731521802918315,-0.045636266103572604,1.0414707241158545,-0.07939268103262634,11.204774961516156,-34.407628172901845,10.926855394481617,0.0,0.6224549642929458,0.0,0.4257265403552883,2.162513107952451,-0.034659248058709825,-139.02155160484583,0.7605514098187507,-107.66666666666667,0.6762944089469354,0.42244281944641104,-0.6871346238897811,-0.03357443582261293,-111.27772002772002,-3.517866305527283,0.6754921789843115,0.06216497622222021,-0.5587648887168043,Medical Instruments & Supplies,Healthcare,ATRC
2010Q4,2010,Q4,2011-03-31,2010-12-31,11544.0,16388963.0,-237766.0,0.00075,12305970.0,0.7508693503060566,33715714.0,16735930.0,30648405.0,13035277.0,16979784.0,5680033.0,-97761593.0,158120072.89,156744343.89,1.087009371792859,2.35118939167921,0.08467802283528683,0.1705898626488041,-0.004544267087516026,1.087009371792859,0.0006897734395399598,9.647960819119549,3424.291252815315,9.447940621764074,0.0,0.7188326194583728,0.0,0.48609271629246825,1.6916250418000323,0.0003423922744154254,126.038488184495,0.7508693503060566,1.0107142857142857,1.0022620239407962,0.5043808642119983,-0.6955157090479754,0.10130776364800272,1.0112152801391223,0.7138414397109601,1.0067775854513719,0.14527855795449496,-0.5755345703202203,Medical Instruments & Supplies,Healthcare,ATRC
2010Q3,2010,Q3,2010-11-09,2010-09-30,-1029310.0,14473113.0,-830889.0,-0.07,11173961.0,0.77204959292448,35673450.0,15712619.0,32286991.0,15704363.0,19960831.0,6631463.0,-97773137.0,119221174.05,119068827.05,1.037217696565705,2.0559249044357926,0.09457296673015926,0.21471557351451084,-0.04359428123587815,1.037217696565705,-0.06550849352358126,8.237424391697902,-28.956576262253353,7.5876067541636445,0.0,0.4974998729541279,0.0,0.4057110540191655,1.5902293521870323,-0.028853671287750415,-660.1174603833759,0.77204959292448,-0.4000000000000001,0.8602960344947593,0.08618053147846984,-0.8200983680374438,-0.004869512680922416,-0.34637269033859774,-0.9195328743704662,0.6306020410403976,0.11951803667793082,-0.6116228783194132,Medical Instruments & Supplies,Healthcare,ATRC
2010Q2,2010,Q2,2010-08-10,2010-06-30,-764506.0,14192312.0,-432860.0,-0.05,11228639.0,0.791177575577538,34753534.0,15739131.0,31341304.0,14140872.0,19014403.0,5988966.0,-96743827.0,99919721.30000001,96952237.30000001,1.0474931253636313,2.2163628947352043,0.1118338641474562,0.2469400629551911,-0.02205885930238,1.0474931253636313,-0.04857358389100389,7.040411830010502,-32.674603371327365,6.348490351849795,0.0,0.49485553933684046,0.0,0.40837032573435555,1.3931763189709943,-0.021997935519305747,220.85318107270584,0.791177575577538,0.6153846153846154,0.958995716094365,-0.7693036873384745,1.0628276999059447,0.051452997631649816,0.6195259066235814,0.7439131602580865,0.7636993323743927,-0.01020966075770991,-0.6588334395265987,Medical Instruments & Supplies,Healthcare,ATRC
2010Q1,2010,Q1,2010-05-10,2010-03-31,-2009351.0,13951800.0,-1690286.0,-0.13,10679164.0,0.7654327040238535,32989071.0,15823911.0,29558858.0,11680469.0,17165160.0,5448976.0,-95979321.0,88332383.00999999,89071199.00999999,1.0551377944762186,2.5306225289412607,0.1332053576167695,0.277701321752884,-0.08352765832505152,1.0551377944762186,-0.12698194523465153,6.331253530727217,-10.9901633674256,5.582209291369245,0.0,0.6005965157490142,0.0,0.4229218822197206,1.7586006178347804,-0.0609095963933025,-26.183388154033487,0.7654327040238535,0.18428813452971077,0.893458781296364,-0.7665423926575944,1.0677192904045931,0.028802561186753072,0.15927721348871227,0.20053786657295467,0.6170097550724075,0.06422995975264728,-0.5213184577696909,Medical Instruments & Supplies,Healthcare,ATRC
2009Q4,2009,Q4,2010-03-30,2009-12-31,-2390028.0,13800369.0,-2114279.0,-0.15937,10380188.0,0.7521674239290268,34982336.0,17089760.0,31351228.0,11806550.0,17892576.0,4869708.0,-93969970.0,90581934.36,86573606.36,1.139544558518302,2.655409751366826,0.13998770693872473,0.2865515372948479,-0.09564380753825587,1.139544558518302,-0.13985146660924436,6.563732778449619,-9.47498673237301,5.30036316250199,0.0,0.7023380046606491,0.0,0.39449535331202584,1.9455459046038004,-0.0683209949158341,-342.67077131432507,0.7521674239290268,0.50196875,0.9532549641250242,-0.6978479920951394,1.0784485706283664,0.037681968433046636,0.4911553618609444,0.5229556869874115,0.540299569895133,0.06771708806495066,-0.5434129627371106,Medical Instruments & Supplies,Healthcare,ATRC
2009Q3,2009,Q3,2009-11-09,2009-09-30,-4696970.0,13281336.0,-4432039.0,-0.32,10003246.0,0.7531807041098877,36073984.0,18291054.0,31140526.0,11375354.0,17782930.0,5478423.0,-91579942.0,68979104.24,63702416.239999995,1.2515931575396753,2.73754346458141,0.14683451653135957,0.2895899820753905,-0.18775657010542599,1.2515931575396753,-0.2567905600191219,5.193687159183383,-3.6714682146149538,3.7711935156935183,0.0,0.5983637992174026,0.0,0.36816937103481556,1.9154567849053312,-0.13020380560128872,53.760144837852366,0.7531807041098877,-2.1999999999999997,0.6524795943889611,-0.6318895308229832,0.0,-0.06250043345285074,-2.254850083294758,-3.28863560271637,-0.23733000373556049,0.17979367798819482,-0.5586706537585006,Medical Instruments & Supplies,Healthcare,ATRC
2009Q2,2009,Q2,2009-08-10,2009-06-30,-1443068.0,13777950.0,-1033438.0,-0.1,10670134.0,0.7744355292333039,34788506.0,22115263.0,30593254.0,9026667.0,12673243.0,5932089.0,-86882972.0,50597897.0,42652316.0,1.5297754469914036,3.389208220487141,0.16621771570184704,0.26146946568078344,-0.036762733734294686,1.5297754469914036,-0.06525212926475259,3.672382103288225,-8.765681346963552,2.287917489382785,0.0,0.5238990851283587,0.0,0.39604891339685583,2.558283029605501,-0.04148117197099525,59.085464955374604,0.7744355292333039,0.8214285714285715,0.08677208821015858,-0.664148796654111,0.0,-0.005509334533790588,0.8188220801157877,0.8697147799075152,0.6229717018084896,0.1969286440516058,-0.5034918974577272,Medical Instruments & Supplies,Healthcare,ATRC
2009Q1,2009,Q1,2009-05-07,2009-03-31,-7964922.0,13673903.0,-7932120.0,-0.56,10729245.0,0.7846512440522652,27975824.0,22182144.0,23591967.0,5684178.0,5793680.0,5690728.0,-85439904.0,18299663.36,9753829.36,1.5515664830240898,4.150462388757003,0.0022284240850242694,0.0028104587185080036,-0.3546427839213146,1.5515664830240898,-0.3590690782640307,1.3382911492058998,-0.5743830058850544,0.8249727059746795,0.0,0.5174483827025295,0.0,0.4887757014771039,2.8502490597585086,-0.2847073244384151,-6.499357816118775,0.7846512440522652,-1.5024577710251141,0.5569886007899545,-0.7599831099437205,1.0995803408768043,0.196968099615281,-1.489639528548615,-1.293569572437332,-1.1810773236955276,0.33953805998596537,-0.5338981499614949,Medical Instruments & Supplies,Healthcare,ATRC
2008Q4,2008,Q4,2009-03-16,2008-12-31,-3199227.0,12066363.0,-3458417.0,-0.22378,8963685.0,0.7428655179692506,43368832.0,29119157.0,26103112.0,8106600.0,14249675.0,6361242.0,-77474982.0,31738478.640000004,26360636.640000004,2.0367872472163335,3.219982730121136,0.13997630833129193,0.2084747508315574,,2.0367872472163335,-0.10986674511216105,2.630326854910631,-2.48016775927435,1.0899518361743783,0.0,0.48774720408373085,0.0,0.2782266075323403,2.2154842967458612,-0.07376788473344174,-32.13336556948339,0.7428655179692506,-0.8648333333333335,0.9343629451185276,-0.7228705414368941,1.1402165865510032,-0.21412291097209415,-0.8074953473997982,-0.9021804235443721,0.3248980432329711,0.1927959160588126,-0.42947159713451777,Medical Instruments & Supplies,Healthcare,ATRC
2008Q3,2008,Q3,2008-11-07,2008-09-30,-1769978.0,14802001.0,-1818133.0,-0.12,11405963.0,0.7705689926652485,45642111.0,31200733.0,27734748.0,8268507.0,14441378.0,5358715.0,-74275755.0,140803579.12,134602060.12,2.195961679116726,3.3542631094101996,0.13318238063090465,0.1948263523167869,,2.195961679116726,-0.056728731341023304,9.512469234396079,-19.88775836761813,4.512829205647188,0.0,0.6337411114418289,0.0,0.32430579295510675,2.539313929346616,-0.03877949466447772,124.30473583708019,0.7705689926652485,-0.09090909090909087,0.8653005246154694,-0.5780195351554185,0.0,0.0037274259596821644,-0.11136520039984528,0.003993049278468211,0.7438649382952861,0.18440194702978024,-0.6191184443647715,Medical Instruments & Supplies,Healthcare,ATRC
2008Q2,2008,Q2,2008-08-11,2008-06-30,-1592616.0,14858514.0,-1825422.0,-0.11,11363606.0,0.7647875150906747,40608649.0,32465402.0,28453205.0,7277768.0,8143247.0,5847802.0,-72505779.0,153197708.4,143745653.4,2.288717927062674,3.909605939623247,0.014070573980434563,0.01759987447560329,,2.288717927062674,-0.04905579176256619,10.310432685260452,-24.04812402989798,4.718799058764159,0.0,0.5976447218972188,0.0,0.36589530471698284,2.9373299616036124,-0.03921864034432665,-52.07202103306045,0.7647875150906747,0.56,-0.02716299211487897,-0.630874888687861,0.0,0.10334145203565497,0.5582735509030117,0.5315004048697295,0.9095183600669413,-0.7441626570058045,1.1372752523229515,Medical Instruments & Supplies,Healthcare,ATRC
2008Q1,2008,Q1,2008-05-08,2008-03-31,-3605435.0,13530145.0,-3896315.0,-0.25,10299265.0,0.7612087675335335,43619981.0,33398911.0,31194810.0,9663837.0,10221070.0,6305013.0,-70913165.0,180270528.62,167942704.62,2.360353239086208,3.227994222170759,0.01574404628924529,0.020562197372243664,,2.360353239086208,-0.1079506753977697,13.323621337391433,-12.499915309803116,5.397497200432674,0.0,0.5124303470904819,0.0,0.3101822763288228,2.428760853478799,-0.08265558391692102,-38.68040462927579,0.7612087675335335,-1.2597848684805206,0.7973862702742778,-0.760045119845316,1.1514886939809106,-0.022181914675960715,-1.30323160942927,-1.3948422857093685,0.7973862702742778,-0.760045119845316,1.1514886939809106,Medical Instruments & Supplies,Healthcare,ATRC
2007Q4,2007,Q4,2008-03-17,2007-12-31,-1565381.0,13151615.0,-1626961.0,-0.11063,10532905.0,0.8008830094250782,46071496.0,36236502.0,33862523.0,9238802.0,9834994.0,5266155.0,-67307730.0,185506014.92999998,173612983.92999998,2.560890229889647,3.6652504296552735,0.024041350860410524,0.030566443747798835,,2.560890229889647,-0.043199009661583784,14.105188977171244,-29.62633616512529,5.1193135289383065,0.0,0.49727172861414065,0.0,0.2854609930617404,2.9436938901818657,-0.03397721228761488,-168.27789256689394,0.8008830094250782,0.38538888888888884,0.9675509553816005,-0.6948149744001834,1.176296904381001,0.13329659294595322,0.39750771310334637,0.44067622387238725,0.9675509553816005,-0.6948149744001834,1.176296904381001,Medical Instruments & Supplies,Healthcare,ATRC
2007Q3,2007,Q3,2007-11-14,2007-09-30,-2598176.0,12054459.0,-2908800.0,-0.18,9294041.0,0.7710044059214934,45941964.0,37723485.0,34096886.0,7499825.0,8218479.0,4172069.0,-65742349.0,152552484.0,136119513.0,2.6706457169193,4.546357548342795,0.017353807512452014,0.02113452667482869,,2.6706457169193,-0.06887423046942773,12.65527420185344,-14.678805823777914,4.043965821291431,0.0,0.6616424608509591,0.0,0.26238449448961304,3.8096091575470092,-0.056553437724168695,-50.96006940210832,0.7710044059214934,0.18181818181818185,0.8011108395645458,-0.6543280393824145,0.0,-0.05211856277983618,0.06778180826596916,0.07942171429222473,0.8011108395645458,-0.6543280393824145,0.0,Medical Instruments & Supplies,Healthcare,ATRC
2007Q2,2007,Q2,2007-08-14,2007-06-30,-2787090.0,12352219.0,-3159753.0,-0.22,9805067.0,0.7937899255186457,49777909.0,39741965.0,40948077.0,9213751.0,10035944.0,3976143.0,-63144175.0,110540769.35999998,83696726.35999998,3.070327654357842,4.444235252287586,0.017923734000156576,0.022449971962886082,,3.070327654357842,-0.07012964759039972,8.94906165118996,-9.915428759028233,2.7814620983134577,0.0,0.6406087507416106,0.0,0.24814660254210358,3.905416154614988,-0.05599049972147283,-30.880889645028677,0.7937899255186457,0.3714285714285714,-0.9698954792709177,-0.6637153087412396,0.0,0.148097338785929,0.35220425895094876,0.35147172010943745,-0.9698954792709177,-0.6637153087412396,0.0,Medical Instruments & Supplies,Healthcare,ATRC
2007Q1,2007,Q1,2007-04-02,2007-03-31,-4302421.0,10750770.0,-4872190.0,-0.35,8540275.0,0.7943872857479045,36232319.0,27108904.0,27735656.0,8210315.0,9123415.0,4115658.0,-60357085.0,125566909.04,113369836.04,2.204258366763091,3.3781476106580564,0.02729794910449977,0.036484986630223044,,2.204258366763091,-0.15870877701289585,11.679806101330417,-7.296293705334741,4.631943402802268,0.0,0.5370939470675163,0.0,0.2967176900821612,2.7098135698813017,-0.11874539413279067,-36.034388919834214,0.7943872857479045,-0.009576554747894282,0.7218174088904575,-0.7806323669024814,1.1414704441894088,0.035926446253524036,-0.0091135000873682,-0.09375017538156856,0.7218174088904575,-0.7806323669024814,1.1414704441894088,Medical Instruments & Supplies,Healthcare,ATRC
