Quarters,Year,Quarter,FillingDate,Date,NetIncome,Revenue,OperatingIncome,EPSDiluted,GrossProfit,GrossProfitRatio,TotalAssets,CommonStockEquity,CurrentAssets,CurrentLiability,TotalLiability,Inventory,RetainedEarnings,MarketCap,EnterpriseValue,bookValuePerShare,currentRatio,debtToAssets,debtToEquity,roic,shareholdersEquityPerShare,roe,priceToSalesRatio,peRatio,pbRatio,payoutRatio,inventoryTurnover,dividendYield,assetTurnover,quickRatio,returnOnAssets,priceToFreeCashFlowsRatio,grossProfitMargin,epsdilutedGrowth,fiveYNetIncomeGrowthPerShare,fiveYRevenueGrowthPerShare,fiveYShareholdersEquityGrowthPerShare,grossProfitGrowth,netIncomeGrowth,operatingIncomeGrowth,threeYNetIncomeGrowthPerShare,threeYRevenueGrowthPerShare,threeYShareholdersEquityGrowthPerShare,Industry,Sector,Symbol
2023Q2,2023,Q2,2023-05-10,2023-03-31,17878000.0,229136000.0,25619000.0,0.69,86840000.0,0.3789888974,1682602000.0,1080795000.0,570140000.0,297055000.0,601807000.0,185753000.0,933499000.0,2463113498.75,2613549498.75,41.882715840075335,1.9193078722795442,0.11806535354171693,0.18380636475927442,0.014892667877202987,41.882715840075335,0.016541527301662202,10.74957011883772,34.44335913902562,2.2789830622365943,0.11528135138158631,0.7660495389038131,0.0008367458507478166,0.13617955999101392,1.202615677231489,0.010625210239854702,-483.91227873280945,0.3789888974233643,0.2105263157894737,0.7915578185200968,0.3129790690314116,0.50432627161241,0.09760105159382189,0.2139607523596116,0.24624215595660845,0.010285350819277164,0.2785476909403337,0.17521365803376276,Scientific & Technical Instruments,Technology,ESE
2023Q1,2023,Q1,2023-02-09,2022-12-31,14727000.0,205501000.0,20557000.0,0.57,79118000.0,0.3850005596,1635989000.0,1066398000.0,534771000.0,292760000.0,569591000.0,181743000.0,917682000.0,2264047020.0,2382471020.0,41.232571627421414,1.8266532313157535,0.10412417198404146,0.1597396094141212,0.012563028873550054,41.232571627421414,0.013810040904052709,11.017206826244154,38.43360867793848,2.123078831730742,0.140354451008352,0.6953940454377885,0.0009129669047244433,0.12561270277489642,1.1412009837409482,0.009001894267015243,-136.43768952633482,0.38500055960798246,-0.5210084033613446,-0.5756808352231961,0.18323690017300112,0.5066148845077922,-0.22566185466112063,-0.5255476804123711,-0.5128095745941462,-0.82951277178694,0.20213992959610236,0.17016589922452002,Scientific & Technical Instruments,Technology,ESE
2022Q4,2022,Q4,2022-11-29,2022-09-30,31040000.0,256498000.0,42195000.0,1.19,102175000.0,0.3983461859,1654456000.0,1048157000.0,572622000.0,318129000.0,606299000.0,162403000.0,905022000.0,1898626033.44,1978755033.44,40.54334488426396,1.7999679375347737,0.10749938348315095,0.1696816412045142,0.025899459470290646,40.54334488426396,0.029613884179564703,7.402108528877418,15.291768954896906,1.8113946989239207,0.06601159793814433,0.9502472244970844,0.0010792014666982878,0.15503464582920307,1.2181316384234069,0.018761453915969964,22.650958989274766,0.39834618593517296,0.3370786516853932,0.6176347435546402,0.23815388347484698,0.5587682100358339,0.20757103011393183,0.33948992361800373,0.36850128109493074,0.2549021417942977,0.08922380625054604,0.2749228821128107,Scientific & Technical Instruments,Technology,ESE
2022Q3,2022,Q3,2022-08-09,2022-06-30,23173000.0,219066000.0,30833000.0,0.89,84612000.0,0.3862397634,1652686000.0,1029882000.0,553465000.0,292095000.0,622804000.0,178168000.0,876050000.0,1767774720.0,1932964720.0,39.831451113861384,1.894811619507352,0.13687355008755445,0.2196455516263028,0.018901477764851637,39.831451113861384,0.02250063599519168,8.069598751061324,19.071491822379496,1.7164827815225436,0.08928494368446037,0.7546472991783036,0.0011703980018449409,0.1325514949603252,1.1831048117906846,0.014021417256514547,199.07372972972973,0.3862397633589877,0.390625,0.8296761129071092,0.27764415850823554,0.5952008341816749,0.10527347066738077,0.3973949225110052,0.3590003526093089,0.1603782151670771,0.10192785275240165,0.2747776240330907,Scientific & Technical Instruments,Technology,ESE
2022Q2,2022,Q2,2022-05-10,2022-03-31,16583000.0,204928000.0,22688000.0,0.64,76553000.0,0.37356047,1625786000.0,1021173000.0,513398000.0,277795000.0,604613000.0,175152000.0,854946000.0,1814633760.0,1982611760.0,39.34701190613802,1.8481182166705665,0.13673509305652773,0.2176927905457743,0.013674549607295588,39.34701190613802,0.016239168093946862,8.854982042473454,27.356837725381418,1.7770091453651828,0.12488693240065127,0.7329348223257514,0.0011412771247020115,0.12604856973796058,1.1025180438812794,0.010199989420501838,155.01740645822656,0.37356047001873827,0.4545454545454546,0.47315932326989235,0.26017131631435264,0.5973284103018116,0.1142274943599447,0.4389968760846928,0.4571612074502248,-0.11557131144134025,0.059258649685633075,0.2886961675036987,Scientific & Technical Instruments,Technology,ESE
2022Q1,2022,Q1,2022-02-09,2021-12-31,11524000.0,177010000.0,15570000.0,0.44,68705000.0,0.3881419129,1604216000.0,1015277000.0,484802000.0,265874000.0,588939000.0,165021000.0,840434000.0,2345139400.0,2514133400.0,38.95920951650039,1.8234276386559047,0.14007402993113147,0.22132777557257774,0.009547149190688532,38.95920951650039,0.01135059693068985,13.24862663126377,50.87511714682402,2.309851794140909,0.18040610898993406,0.6563104089782512,0.0008865144647691305,0.11034050277518738,1.099964644906986,0.0071835712896517676,-165.79281724991162,0.3881419128862776,-0.37945015333297466,0.06030132957905046,0.19359227813981872,0.614548969784233,-0.11024631562589034,-0.4341271789835502,-0.40599725316648866,-0.3383360508447707,-0.036146465787246194,0.29953111875251637,Scientific & Technical Instruments,Technology,ESE
2021Q4,2021,Q4,2021-11-29,2021-09-30,20365000.0,205478000.0,26212000.0,0.709048599984741,77218000.0,0.3757969222982509,1577345000.0,1019696000.0,466154000.0,277764000.0,557649000.0,147148000.0,830989000.0,2005465000.0,2131265000.0,39.15131503167594,1.6782376405869732,0.11540404920927254,0.1785159498517205,0.017335933435383866,39.15131503167594,0.01997163860601591,9.759998637323704,24.619015467714217,1.9667283190284164,0.10238153695065062,0.8716394378448908,0.0010396591314233857,0.13026826724654403,1.0668913178093633,0.012910935781328752,54.73729461215132,0.3757969222982509,0.2439449122539317,0.188380076003656,0.27155156910673955,0.6362949266846254,0.13917738699398088,0.36595345093567644,0.3081145822936421,-0.28821797440041547,-0.1157662302248949,0.3352721972589338,Scientific & Technical Instruments,Technology,ESE
2021Q3,2021,Q3,2021-08-09,2021-06-30,14909000.0,181394000.0,20038000.0,0.57,67784000.0,0.373683804315468,1408683000.0,1004854000.0,470865000.0,253392000.0,403829000.0,141113000.0,812709000.0,2443281450.0,2439380450.0,38.58145517373776,1.8582473006251183,0.05285646238365906,0.07409832672209098,0.0142622920268137,38.58145517373776,0.014836981292804726,13.469472253768041,40.969908276879735,2.431479050687961,0.13978134013012275,0.8050994592985763,0.0008529512635558217,0.12876850221093036,1.2173628212413967,0.01058364443952259,225.87422113340114,0.373683804315468,-0.08064516129032265,0.27654902013930144,0.2771612514527957,0.6414370241173047,0.06694369677795092,-0.08612234890278289,0.00855647271995168,-0.22046388809379994,-0.061589261057815085,0.3740174533241591,Scientific & Technical Instruments,Technology,ESE
2021Q2,2021,Q2,2021-05-07,2021-03-31,16314000.0,166644000.0,19868000.0,0.62,63531000.0,0.38123784834737523,1357402000.0,995007000.0,428100000.0,246583000.0,362395000.0,145342000.0,804231000.0,2835246677.46,2826094677.46,38.21406902311009,1.736129416869776,0.026890339044733983,0.03668416403100682,0.014521287523629963,38.21406902311009,0.016395864551706673,17.01379394073594,43.44806113552777,2.849474101649536,0.12768174573985533,0.7094508125662231,0.0007346803424759105,0.1227668737779965,1.0756418731218291,0.01201854719530397,123.64252223889059,0.38123784834737523,0.19230769230769226,0.8728443929862711,0.18559957357744478,0.6466967906995431,-0.009988780153337904,0.19202104340201667,0.0902107111501317,0.6202349379963623,-0.05363254625587914,0.37255731448219026,Scientific & Technical Instruments,Technology,ESE
2021Q1,2021,Q1,2021-02-09,2020-12-31,13686000.0,162949000.0,18224000.0,0.52,64172000.0,0.3938164701839226,1383575000.0,979599000.0,452245000.0,254623000.0,403976000.0,144054000.0,790000000.0,2716671023.82,2730897023.82,37.21989445664275,1.7761356986603725,0.05174132229911642,0.07307888227734001,0.013237086144781423,37.21989445664275,0.013971022836895506,16.671909762072797,49.62500043511618,2.77324805743983,0.15227239514832674,0.68569425354381,0.0007671153340714842,0.11777388287588313,1.1577862172702387,0.009891765896319318,157.3513480347524,0.3938164701839226,1.6353196282737257,0.5207158095227314,0.20345196534620455,0.6257105795619557,-0.18008867083189595,1.64235426640383,-0.4401744846865112,-0.612509909659263,-0.07803344069148135,0.3599939265222563,Scientific & Technical Instruments,Technology,ESE
2020Q4,2020,Q4,2020-11-30,2020-09-30,-21306000.0,208030000.0,32553000.0,-0.8184856517229457,78267000.0,0.3762293899918281,1373523000.0,961595000.0,446630000.0,256029000.0,411928000.0,136189000.0,778398000.0,2097057360.0,2106865360.0,36.94037877914794,1.7444508239301018,0.04540732117336222,0.06485890629630978,0.04143859832250902,36.94037877914794,-0.02215693717209428,10.08055261260395,-24.60641791044776,2.180811422688346,-0.097765887543415,0.9528155724764849,0.0009932966258967757,0.15145723806590788,1.1459170640825844,-0.01551193536620792,56.69408094298305,0.3762293899918281,-2.1367856273929804,-2.854087188129456,0.35680539048458326,0.6491522822685024,0.20449683743978825,-2.1401509070476803,0.4462857650613115,-2.102748783512074,-0.002684609139325685,0.42024512955188303,Scientific & Technical Instruments,Technology,ESE
2020Q3,2020,Q3,2020-08-10,2020-06-30,18687000.0,172665000.0,22508000.0,0.72,64979000.0,0.37632988735412504,1444585000.0,943457000.0,513484000.0,242415000.0,501128000.0,152264000.0,801787000.0,2200400430.0,2261595430.0,36.24359417617456,2.1182022564610277,0.114866207249833,0.17587870989350865,0.01716215451780679,36.24359417617456,0.019806944036665157,12.743754843193468,29.4375826777974,2.332274210695347,0.11152137849842136,0.7072321756948458,0.0009471003420954613,0.11952567692451466,1.420506156797228,0.012935895084055283,288.72856974150375,0.37632988735412504,0.058823529411764594,0.5738211051811718,0.2891328002028817,0.5965289307828371,-0.033769516728624535,0.04853551789922567,0.02086357039187228,0.4655546883533743,0.0002527065052723353,0.4515115579973384,Scientific & Technical Instruments,Technology,ESE
2020Q2,2020,Q2,2020-05-08,2020-03-31,17822000.0,180492000.0,22048000.0,0.68,67250000.0,0.3725926910888017,1441579000.0,926207000.0,511600000.0,251029000.0,515372000.0,141027000.0,785184000.0,1972827191.3899999,2037642191.3899999,35.63838418126356,2.0380115444829086,0.114464763984492,0.17815671874645733,0.017738171952112823,35.63838418126356,0.019241918923091707,10.930274978336989,27.674043196470652,2.130006781842504,0.11654135338345864,0.8029809894559198,0.0010528038183296748,0.12520437658983657,1.4075863744826296,0.012362832699421953,234.8044741002142,0.3725926910888017,-0.7951807228915662,1.156100684938809,0.40135292358429486,0.5933254004536487,0.03459946770049691,-0.7946229991818109,0.29041320379257873,0.581031672859999,0.10836743901605621,0.4467732311104068,Scientific & Technical Instruments,Technology,ESE
2020Q1,2020,Q1,2020-02-07,2019-12-31,86777000.0,171728000.0,17086000.0,3.32,65001000.0,0.3785113668126339,1431569000.0,915491000.0,498298000.0,252030000.0,516078000.0,133977000.0,769439000.0,2403271452.5,2472588452.5,35.23651787729127,1.9771376423441653,0.11596297488978875,0.1813332954665857,0.011661360803636231,35.23651787729127,0.09478738731456672,13.994639502585484,6.9236994033557275,2.6251175079820555,0.023957961210919945,0.7966068802854221,0.0008650708174631389,0.11995789235447261,1.3923104392334247,0.060616707961683995,-202.5854718452331,0.3785113668126339,2.470028126156569,7.07880955441997,0.43607026835362617,0.5864616427161697,-0.28698046356526224,2.490908359481857,-0.5685026643432584,7.008367688786071,0.16148238281818672,0.4602730482370095,Scientific & Technical Instruments,Technology,ESE
2019Q4,2019,Q4,2019-11-29,2019-09-30,24858000.0,236658000.0,39597000.0,0.9567645792189179,91163000.0,0.38520988092521696,1466720000.0,826222000.0,495194000.0,251635000.0,640498000.0,128825000.0,684741000.0,2067073262.28,2291526262.2799997,31.800625318666537,1.9679058954437976,0.19517085742336643,0.3464698349838179,0.02704755337704126,31.800625318666537,0.030086344832260577,8.734432228278783,20.788813081100653,2.5018375960456147,0.08363504706734251,1.129400349311081,0.0010057698669600345,0.1613518599323661,1.3970433365787749,0.01694802007199738,37.453085870522365,0.38520988092521696,0.24255140158301022,1.2173602929163951,0.5765723583733954,0.4364701988099846,0.1748717684357038,0.2387501868739722,0.3422256872648385,0.45412050311642593,0.46809143524289315,0.3290792871767618,Scientific & Technical Instruments,Technology,ESE
2019Q3,2019,Q3,2019-08-09,2019-06-30,20067000.0,199766000.0,29501000.0,0.77,77594000.0,0.38842445661423863,1326095000.0,811807000.0,450206000.0,199736000.0,514288000.0,126816000.0,661003000.0,2178273281.92,2357238281.92,31.24580347421241,2.254005286978812,0.1643328720793005,0.2684394197142917,0.023096005476434228,31.24580347421241,0.0247189294992529,10.904124234954898,27.13750538097374,2.6832403291915443,0.10350326406538098,0.9633800151400455,0.0009535075406926285,0.15064229938277424,1.537679737253174,0.015132400016590063,234.1222358039553,0.38842445661423863,0.0694444444444445,0.7624481727376244,0.5582783686430446,0.41980187777921063,0.0776495423801786,0.06756397297441082,0.14745235316997277,0.722402706921013,0.40996280638283605,0.3293438114220457,Scientific & Technical Instruments,Technology,ESE
2019Q2,2019,Q2,2019-05-09,2019-03-31,18797000.0,193949000.0,25710000.0,0.72,72003000.0,0.37124708041804805,1293963000.0,794396000.0,435959000.0,201945000.0,499567000.0,124493000.0,643018000.0,1781460334.05,1963505334.05,30.532419431615242,2.158800663547005,0.16770185855391537,0.2731635103902839,0.022375348621235556,30.532419431615242,0.0236620023262957,9.185199893013111,23.693412965499814,2.2425343708301653,0.11028355588657765,0.9795410183705108,0.0011636520670023616,0.1498875933855914,1.4628636509940824,0.014526690484967499,-854.8274155710172,0.37124708041804805,0.09090909090909081,1.5683630650253497,0.5829817928825574,0.4035876534177339,0.13054059570726498,0.08546514985274585,0.42485036577255597,1.1595178690834957,0.3809021984822981,0.31568394509173076,Scientific & Technical Instruments,Technology,ESE
2019Q1,2019,Q1,2019-02-11,2018-12-31,17317000.0,182597000.0,18044000.0,0.66,63689000.0,0.348795434755226,1268211000.0,776792000.0,411919000.0,194668000.0,491419000.0,119659000.0,627670000.0,1708819106.6000001,1887462106.6000001,29.979435624365227,2.1160077670700885,0.16974541302669666,0.27713081494145153,0.013542899463982308,29.979435624365227,0.022292969031606918,9.358418301505502,24.66967584743316,2.199841278746434,0.11970895651671767,0.9937238318889511,0.001213118458234355,0.14397998440322626,1.4248875007705426,0.013654667874667544,-601.0619439324657,0.348795434755226,-0.39919865035849844,0.5822955538205545,0.50004732784301,0.29941605985577124,-0.2729566210045662,-0.3913608885139885,-0.5829808870091752,0.9545018536121963,0.3698171627746758,0.3094579223109198,Scientific & Technical Instruments,Technology,ESE
2018Q4,2018,Q4,2018-11-29,2018-09-30,28452000.0,231086000.0,43269000.0,1.0985328185328185,87600000.0,0.37907965000043276,1265122000.0,759410000.0,396023000.0,200530000.0,505712000.0,135416000.0,606837000.0,1753171000.0,1942694000.0,29.32084942084942,1.9748815638557822,0.17389627245435618,0.28969858179376096,0.032800235189186976,29.32084942084942,0.03746592749634585,7.586660377521788,15.40463763531562,2.308596147008862,0.07285955293125264,1.0595941395403792,0.0011824288674635846,0.1826590637108516,1.232987582905301,0.022489530653960647,55.113832128261556,0.37907965000043276,0.5048394774422171,1.899096557179728,0.6314193866130203,0.2883963191975797,0.2619205393413812,0.4959777065040223,0.7375015058426696,1.4884683320885872,0.5148035510819668,0.30898889882905123,Scientific & Technical Instruments,Technology,ESE
2018Q3,2018,Q3,2018-08-08,2018-06-30,19019000.0,192223000.0,24903000.0,0.73,69418000.0,0.36113264281589613,1278971000.0,727254000.0,409996000.0,200022000.0,551717000.0,145596000.0,574192000.0,1494430000.0,1713171000.0,28.079305019305018,2.0497545270020296,0.20485218194939525,0.3602592766763744,0.020534185707008438,28.079305019305018,0.026151798408809025,7.774459872127685,19.64390872285609,2.054894163524711,0.1088911088911089,0.8434641061567626,0.0013858126509772957,0.15029504187350612,1.232559418463969,0.014870548276700566,119.37295311127087,0.36113264281589613,0.9210526315789473,2.964256237906275,0.6780823102379775,0.18702201749537403,0.1123253429047558,0.903041825095057,0.4567417373501024,0.6098838583034953,0.4424135205886591,0.236892307139497,Scientific & Technical Instruments,Technology,ESE
2018Q2,2018,Q2,2018-05-09,2018-03-31,9994000.0,174778000.0,17095000.0,0.38,62408000.0,0.35707011179896786,1265349000.0,719536000.0,391680000.0,185830000.0,545813000.0,137029000.0,557249000.0,1513166200.0,1735261200.0,27.84151060207398,2.1077328741322714,0.20942838695095187,0.3682928998688043,0.012774654889835977,27.84151060207398,0.013889506570901248,8.65764684342423,37.851866119671804,2.102974972760223,0.20682409445667402,0.8200453918513599,0.0013660098936917834,0.13812631930005081,1.2716730344938922,0.007898216223350237,227.20213213213214,0.35707011179896786,-0.7142857142857143,5.55265033731277,0.07507063969568376,0.18368023840521627,0.010508589841156754,-0.7117475700152865,0.12771290982254765,0.21585634265738518,0.36460404198440555,0.24474178749680967,Scientific & Technical Instruments,Technology,ESE
2018Q1,2018,Q1,2018-02-07,2017-12-31,34671000.0,173495000.0,15159000.0,1.33,61759000.0,0.35596991267759875,1237748000.0,707069000.0,373027000.0,178032000.0,530679000.0,130579000.0,549322000.0,1556613095.5,1775013095.5,27.367691671844863,2.0952806237080974,0.21005891344603264,0.36771517348377597,0.04245565655820156,27.367691671844863,0.049034818384061526,8.972091965186317,11.22417218640939,2.201500978688077,0.05961754780652419,0.8556965515128773,0.0013278829568988421,0.14016988918584397,1.2871113058326593,0.028011356108028452,128.56071155434424,0.35596991267759875,0.7972972972972974,143.5345105899346,0.22480308096533688,0.16728132938640583,-0.20038583044176292,0.8082298946490039,-0.5128386412571906,2.2459854810440576,0.45901248603831846,0.23218171665725013,Scientific & Technical Instruments,Technology,ESE
2017Q4,2017,Q4,2017-11-29,2017-09-30,19174000.0,207005000.0,31117000.0,0.74,77236000.0,0.3731117605854931,1260444000.0,671918000.0,392792000.0,194969000.0,588526000.0,124515000.0,516718000.0,1548700459.9,1778184459.9,26.009861263036615,2.01463822453826,0.21817708680433245,0.4092761319089532,0.021152967655808555,26.009861263036615,0.028536220193535522,7.48146402212507,20.192714873005112,2.304895031685414,0.10780223218942318,1.042195719391238,0.00133466738954379,0.1642318103779303,1.299601475106299,0.0152120998632228,63.455726456609035,0.3731117605854931,0.5102040816326531,0.12221416465457768,0.11461531017163487,0.10126607809591875,0.23908684003657774,0.5163305654408857,0.5719626168224299,0.7201473891416987,0.38693596000965513,0.17489483949245194,Scientific & Technical Instruments,Technology,ESE
2017Q3,2017,Q3,2017-08-08,2017-06-30,12645000.0,171189000.0,19795000.0,0.49,62333000.0,0.36411802160185525,1211457000.0,644589000.0,380627000.0,175579000.0,566868000.0,130828000.0,499611000.0,1539864750.0,1756343750.0,24.969552585705983,2.167838978465534,0.21874486671833998,0.411114679276252,0.015795418270974495,24.969552585705983,0.019617151394144175,8.99511504827997,30.444142941874258,2.3889094446228527,0.16409648082245948,0.8320543003026875,0.0013475209429919088,0.14130835844772038,1.3032253287693858,0.010437844677937392,-113.46730159899786,0.36411802160185525,0.13953488372093023,-0.05059851958626479,0.04607705004039678,0.07148601736041003,0.11709887273965483,0.13336918526485614,0.1578731867103416,0.1177423427998751,0.3439660216145208,0.13461053026691958,Scientific & Technical Instruments,Technology,ESE
2017Q2,2017,Q2,2017-05-09,2017-03-31,11157000.0,161178000.0,17096000.0,0.43,55799000.0,0.3461948901214806,1085125000.0,633635000.0,343544000.0,162341000.0,451490000.0,117509000.0,489033000.0,1494506300.0,1611006300.0,24.63301325661859,2.1161875311843588,0.15666397880428523,0.2682932603154813,0.014111816765350843,24.63301325661859,0.01760792885494015,9.272396356822892,33.48808595500583,2.358623339935452,0.18445818768486152,0.8967738641295561,0.0013770433754611807,0.14853403985715932,1.290093075686364,0.010281764773643589,142.86457317656055,0.3461948901214806,0.04878048780487809,0.13540117889060452,-0.03753306098462264,0.07405537719126658,0.043869495266958505,0.04008576489232777,0.06563610297325936,1.3412235134960055,0.3306025416527112,0.1323895687632421,Scientific & Technical Instruments,Technology,ESE
2017Q1,2017,Q1,2017-02-08,2016-12-31,10727000.0,146368000.0,16043000.0,0.41,53454000.0,0.36520277656318323,1069496000.0,620637000.0,332716000.0,149391000.0,448859000.0,116896000.0,479942000.0,1457064115.6499999,1585309115.6499999,24.13008849258184,2.227148891164796,0.16830357476792807,0.2900246037538851,0.01332994889640829,24.13008849258184,0.017283855135932922,9.954799653271206,33.9578660308101,2.347691348807757,0.19175911251980982,0.7948432794963044,0.0014117429548269173,0.13685698684240052,1.3665548794773448,0.01002995803630869,199.2157664273995,0.36520277656318323,-0.37686927460833586,1.1362459577647472,-0.007505290514042914,0.06801948632336348,-0.157767028534514,-0.3658291457286432,-0.38468914202431637,-0.012593971482317282,0.21132311670209789,0.04588441576660539,Scientific & Technical Instruments,Technology,ESE
2016Q4,2016,Q4,2016-11-29,2016-09-30,16915000.0,159505000.0,26073000.0,0.6579678762306217,63467000.0,0.3978997523588602,978371000.0,615109000.0,323483000.0,158076000.0,363262000.0,105542000.0,471272000.0,1193362667.64,1249537667.64,23.92680829916296,2.046376426529011,0.11243178712369847,0.17883009352813892,0.025012074661573187,23.92680829916296,0.027499191200258816,7.4816630678662115,17.63763919065918,1.9400832497004596,0.12160804020100502,0.9099505410168464,0.0017237006450586672,0.16303120186514114,1.290879070826691,0.017288942538157815,37.08629087078128,0.3978997523588602,0.4953815368877766,0.13795978333977058,-0.1343999300563693,0.059700578980257615,0.18432887346283752,0.4672970159611381,0.35310602522185897,1.5385152289249846,0.13448494686095278,0.051375125608301736,Scientific & Technical Instruments,Technology,ESE
2016Q3,2016,Q3,2016-08-08,2016-06-30,11528000.0,140191000.0,19269000.0,0.44,53589000.0,0.3822570635775478,928248000.0,604257000.0,321860000.0,143891000.0,323991000.0,105534000.0,456415000.0,1026775203.4799999,1072691203.4799999,23.50468193836753,2.236832046479627,0.09314105713128389,0.14308150340004336,0.018356089019924658,23.50468193836753,0.019077975099998843,7.324116408899287,22.26698480829285,1.6992359268986539,0.17869535045107565,0.8206075767051377,0.0020062814070871023,0.1510275271263714,1.261239410387029,0.012419094897053373,53.77475665025662,0.3822570635775478,0.33333333333333326,-0.08776110213116049,-0.17718968041064703,0.05436015614586407,0.054652444304495,0.3389082462253194,0.25220951390694046,1.4208086376190516,0.23299266945731625,-0.006365187603967926,Scientific & Technical Instruments,Technology,ESE
2016Q2,2016,Q2,2016-05-06,2016-03-31,8610000.0,138930000.0,15388000.0,0.33,50812000.0,0.365738141510113,928676000.0,597251000.0,320957000.0,139051000.0,331425000.0,103418000.0,446945000.0,1003203585.66,1063334585.66,23.206499969478987,2.3081962733097927,0.10648493123543626,0.16557527739593572,0.01397881864704676,23.206499969478987,0.014416049533613171,7.220928421939106,29.129023973867593,1.679701809892323,0.23995354239256678,0.8520567019280976,0.002059402527594431,0.1496000758068476,1.339990363248017,0.0092712636053909,313.40318202436737,0.365738141510113,-0.029411764705882377,-0.32817628627598283,-0.14009805063203518,0.06385620627343037,-0.037359806001818735,-0.024804621134896364,-0.08399309482707304,4.668828148642472,-0.14185878052071613,-0.01337697479757821,Scientific & Technical Instruments,Technology,ESE
2016Q1,2016,Q1,2016-02-09,2015-12-31,8829000.0,132833000.0,16799000.0,0.34,52784000.0,0.3973711351847809,878385000.0,591137000.0,300828000.0,128738000.0,287248000.0,104260000.0,440395000.0,933134800.0,963309800.0,22.894539116963593,2.336745949137007,0.07969170693944,0.11841586637276977,0.017299377759461262,22.894539116963593,0.01493562406007406,7.024871831547883,26.422437422131612,1.5785423683511608,0.23388832257333786,0.7677824669096489,0.0022129707304882422,0.1512241215412376,1.3350215165685346,0.010051401150975938,-298.89007046764897,0.3973711351847809,-0.22980978024841475,-0.1607139697511022,-0.14630167035830605,0.07523379359662398,0.00967902368108956,-0.23312776860939807,-0.10932612268702614,35.82850550716971,-0.061676315378958464,-0.02350668165296398,Scientific & Technical Instruments,Technology,ESE
2015Q4,2015,Q4,2015-11-30,2015-09-30,11513000.0,153612000.0,18861000.0,0.4414493865030675,52278000.0,0.34032497461135847,864208000.0,584182000.0,298251000.0,143211000.0,280026000.0,99786000.0,433632000.0,936272000.0,946861000.0,22.39961656441718,2.0825984037539014,0.05785644196767445,0.08558976483356215,0.019707861034171173,22.39961656441718,0.01970789925057602,6.09504465796943,20.330756536089638,1.6027060060049778,0.18127334317727786,1.0155131982442427,0.0022290530956815967,0.17774887527076816,1.1898876482951728,0.01332202432747672,31.417469212442537,0.34032497461135847,-0.019001363326516744,-0.5114055333849544,-0.2507897978196775,0.06554719198770027,0.02035717771054943,-0.03219569603227976,0.16685226429101707,-0.3325447083417052,-0.18070564023474328,-0.05159286951659283,Scientific & Technical Instruments,Technology,ESE
2015Q3,2015,Q3,2015-08-10,2015-06-30,11896000.0,134191000.0,16164000.0,0.45,51235000.0,0.3818065294989977,867844000.0,592055000.0,302084000.0,132416000.0,275789000.0,110124000.0,424184000.0,975652799.9999999,1004180799.9999999,22.701495398773005,2.2813255195746738,0.07536723189882052,0.11047453361596474,0.016960489785419794,22.701495398773005,0.020092727871565987,7.270627687400793,20.503799596503026,1.6479090625026391,0.1754371217215871,0.7532962841887327,0.0021390806237628797,0.15462571614253254,1.2145662155630739,0.013707532690206995,90.67405204460965,0.3818065294989977,0.41486742692209755,-0.17069789862434487,-0.13642108465410507,0.13029682133666004,0.04987602713059159,0.43758308157099696,0.18417582417582418,-0.11590981581746439,-0.1883369965054907,-0.025840178374617037,Scientific & Technical Instruments,Technology,ESE
2015Q2,2015,Q2,2015-05-07,2015-03-31,8275000.0,128941000.0,13650000.0,0.318051,48801000.0,0.3784754267455658,861184000.0,581948000.0,292060000.0,128309000.0,279236000.0,107550000.0,414377000.0,1014174038.9,1052455038.9,22.367298086829386,2.276223803474425,0.08476701843043995,0.12544076103019514,0.013067590954343636,22.367298086829386,0.014219483527737874,7.865411613838887,30.63969906042296,1.7427227843381192,0.2525679758308157,0.7451417945141795,0.0020607902784288085,0.14972526196492272,1.1930807659634164,0.00960886407550535,89.02510875175561,0.3784754267455658,-0.2242658536585366,0.4095339795672143,0.013554550308036033,0.13700245594535426,-0.026452809862948113,-0.23577761359438493,-0.07457627118644068,-0.1674297783178092,-0.23875920306671566,-0.024734954951394238,Scientific & Technical Instruments,Technology,ESE
2015Q1,2015,Q1,2015-02-09,2014-12-31,10828000.0,120547000.0,14750000.0,0.41,50127000.0,0.415829510481389,833713000.0,581722000.0,283511000.0,113952000.0,251991000.0,101015000.0,408189000.0,966447900.0,987838900.0,22.21075942117521,2.4879861696152767,0.07196721173833201,0.10314205067025142,0.01684365962361487,22.21075942117521,0.018613702077624708,8.017187487038251,22.31362901736239,1.6613569711993015,0.19440339859623199,0.6971241894768104,0.0021780791287352376,0.14459052455701182,1.3257336422353272,0.012987682811710985,-174.2917763751127,0.415829510481389,-0.046511627906976785,24.05484971201327,0.0790542201989142,0.13006596252409391,-0.14748550145410635,-0.04244782454899186,-0.31026420388122516,1.11761930866451,-0.19727805420707317,-0.016931749954091052,Scientific & Technical Instruments,Technology,ESE
2014Q4,2014,Q4,2014-11-26,2014-09-30,11308000.0,151413000.0,21385000.0,0.43,58799000.0,0.3883352156023591,845906000.0,580171000.0,295953000.0,147100000.0,265735000.0,94292000.0,399451000.0,911478764.4,916347764.4,22.13803345520926,2.0119170632222976,0.047286577941284255,0.06894519029734338,0.02232119720009993,22.13803345520926,0.01949080529705897,6.019818406609736,20.151193058012026,1.5710519215886352,0.18517863459497702,0.9822042166885844,0.0022973656455709305,0.17899506564559184,1.144649898028552,0.013367915584001059,58.755802514020495,0.3883352156023591,0.0,-0.47982362175986615,-0.10527914965036178,0.12290589534570351,0.15548175368954742,-0.024331320103537533,0.3609749888627251,-0.2537384844661881,-0.19396021230449484,-0.019522931071827725,Scientific & Technical Instruments,Technology,ESE
2014Q3,2014,Q3,2014-08-08,2014-06-30,11590000.0,130495000.0,15713000.0,0.43,50887000.0,0.38995363807042416,835539000.0,582026000.0,287005000.0,127781000.0,253513000.0,93965000.0,390236000.0,916128340.72,923913340.72,22.00715745149293,2.2460694469443814,0.057447946774477315,0.08247054255308182,0.018913654917738165,22.00715745149293,0.01991319975396288,7.020409523123492,19.76118077480587,1.5740333605715209,0.18403796376186368,0.8472090672058745,0.0023282764053818494,0.15618062113198786,1.2131928847011684,0.013871285481587335,683.6778662089553,0.38995363807042416,1.3382840815311838,0.006535677492058013,-0.1257515025689186,0.1536414133297893,0.07524405189536407,1.344151794993616,0.13623544724853567,-0.10848853807297648,-0.2555040417206008,-0.012814977555307774,Scientific & Technical Instruments,Technology,ESE
2014Q2,2014,Q2,2014-05-08,2014-03-31,-33677000.0,124762000.0,13829000.0,-1.271121,47326000.0,0.3793302447860727,825376000.0,576326000.0,276993000.0,152029000.0,249050000.0,92481000.0,380779000.0,932321713.41,935959713.41,21.753126252762943,1.8219747548165153,0.048462761214282946,0.0694051630500793,0.015730572602754365,21.753126252762943,-0.05843394190093801,7.4728019221397535,-6.921056755426552,1.6176985133587587,-0.06298066929952192,0.8373179355759561,0.002274965786479827,0.15115777536540922,0.952416973077505,-0.04080201023533517,58.66610328530078,0.3793302447860727,-4.026478571428571,-4.200666814940846,-0.20035866375519618,0.17987320468561369,-0.056668460603161316,-4.009831084100456,-0.05352131955376087,-3.5526206819866832,-0.24987103597752275,-0.0027708443630969208,Scientific & Technical Instruments,Technology,ESE
2014Q1,2014,Q1,2014-02-07,2013-12-31,11189000.0,124450000.0,14611000.0,0.42,50169000.0,0.40312575331458417,1083840000.0,611171000.0,383804000.0,207056000.0,472669000.0,93805000.0,416576000.0,907559014.14,1050699014.14,23.07146767732946,1.8536241403291862,0.16377601860053145,0.2904375371213621,0.011908376087335845,23.07146767732946,0.01830747859437048,7.292559374367215,20.277929532129768,1.484951043390475,0.18982929663061937,0.7918661052182719,0.002340343676727949,0.11482322113965161,0.6733637276871958,0.010323479480366106,-85.24882717828292,0.40312575331458417,-0.19230769230769237,0.9199108790273831,-0.16684984368952213,0.2919737176706773,-0.13415139277208243,1.346355053397307,-0.3727569331158238,0.03671283021144479,-0.22041751478813887,0.08354317978631243,Scientific & Technical Instruments,Technology,ESE
2013Q4,2013,Q4,2013-11-27,2013-09-30,-32305000.0,144601000.0,23294000.0,0.52,57942000.0,0.40070262308006166,1092328000.0,601714000.0,393921000.0,230356000.0,490614000.0,90228000.0,407512000.0,878604423.31,1007754423.31,22.75763209189437,1.7100531351473371,0.1574618612724383,0.28585008824790514,0.020479836622898335,22.75763209189437,-0.05368829709795684,6.076060492735182,-6.799291311793839,1.4601694880125773,-0.06475777743383378,0.9604446513277475,0.0023810487911257363,0.13237873605730147,0.6752461407560472,-0.02957445016515186,30.84554217490521,0.40070262308006166,1.888888888888889,-2.295212385720762,-0.27527995128861477,0.2625550925090073,0.22328252332897014,-7.5968960588115175,0.6273578314936425,-2.35230398525729,-0.30434425134191717,0.08257794958545829,Scientific & Technical Instruments,Technology,ESE
2013Q3,2013,Q3,2013-08-09,2013-06-30,4897000.0,116922000.0,14314000.0,0.18,47366000.0,0.4051076786233557,1118846000.0,625362000.0,376577000.0,211130000.0,493484000.0,94401000.0,441933000.0,868703291.42,1024056291.42,23.655252055520062,1.7836262018661488,0.1671364959967681,0.29902680367531126,0.010794520441614781,23.655252055520062,0.007830664479133685,7.4297676350045325,44.348748796201754,1.3891206875697597,0.43189707984480297,0.736814228662832,0.0024346632744337575,0.10450231756649261,0.65548714062426,0.0043768311277870234,71.70477023689641,0.4051076786233557,2.0,-0.6384216669257122,-0.27132308861865573,0.37298347181661606,-0.14651242409499612,2.141116100064144,1.5823561248421432,-0.6632205421294968,-0.2577015465864975,0.17778391848657488,Scientific & Technical Instruments,Technology,ESE
2013Q2,2013,Q2,2013-05-08,2013-03-31,1559000.0,166178000.0,5543000.0,0.06,55497000.0,0.33396117416264487,1105507000.0,621358000.0,371459000.0,209338000.0,484149000.0,117497000.0,439150000.0,1080455300.0,1222273300.0,23.52114168906386,1.7744461110739569,0.1607389188851812,0.285983281779586,0.0030506861989954915,23.52114168906386,0.0025090205646342368,6.5017950631250825,173.26095253367544,1.7388611718204319,1.3547145606157793,0.9419900082555299,0.0019547314914369895,0.150318360715943,0.9198377743171331,0.001410212689743258,-134.95569572820384,0.33396117416264487,4.999999999999999,-0.7541040459258539,0.17945191951033915,0.38894635696243923,0.08335448103539149,5.337398373983739,6.034263959390863,-0.738458373173209,0.28652070389862166,0.19565607626304188,Scientific & Technical Instruments,Technology,ESE
2013Q1,2013,Q1,2013-02-08,2012-12-31,246000.0,145265000.0,788000.0,0.01,51227000.0,0.352645165731594,1078831000.0,621193000.0,343631000.0,194946000.0,457638000.0,118934000.0,439680000.0,991177949.9999999,1122318950.0,23.44566899414984,1.7626983882716238,0.15260036094624643,0.26502230385725534,0.0008305774566115635,23.44566899414984,0.0003960121894483679,6.823239940797851,1007.2946646341462,1.595603862245711,8.666666666666666,0.7906738190929423,0.0021509760179794155,0.13465037619423245,0.9057328696151755,0.0002280245932866223,-128.52411177385892,0.352645165731594,-0.9848803665365687,-0.9155929935322273,0.040019816171120035,0.42363242817960917,-0.3175556858147714,-0.9860851858136772,-0.9720646625070902,-0.4373130814018916,0.2853932234900319,0.19289718989236335,Scientific & Technical Instruments,Technology,ESE
2012Q4,2012,Q4,2012-11-29,2012-09-30,17679000.0,192166000.0,28208000.0,0.661391694725028,75064000.0,0.3906206092649064,1033753000.0,631313000.0,343444000.0,204205000.0,402440000.0,108061000.0,441566000.0,1034985600.0,1119770600.0,23.618144407033295,1.6818589162851056,0.11124514269849761,0.1821600378892879,0.024218182240812947,23.618144407033295,0.0280035418247367,5.385893446291227,14.635805192601392,1.6394175313988466,0.12099100627863567,1.08366570733197,0.002066695420689911,0.18589160079825645,0.9590019833010945,0.017101764154493385,91.01174815335912,0.3906206092649064,0.29684646024515293,0.036182019448485446,0.15469361827710087,0.48031148156957004,0.1311463058121487,0.28192299325647163,0.673469387755102,-0.20266552757479395,0.1133173124360246,0.19798145781296778,Scientific & Technical Instruments,Technology,ESE
2012Q3,2012,Q3,2012-08-09,2012-06-30,13791000.0,169449000.0,16856000.0,0.51,66361000.0,0.39162815950521984,1017479000.0,622907000.0,330361000.0,198687000.0,394572000.0,116486000.0,426026000.0,974041199.9999999,1061884199.9999999,23.30366629255518,1.662720761801225,0.11793855204874007,0.19264513001138212,0.01634237204581408,23.30366629255518,0.02213974156655809,5.748285324787989,17.657189471394386,1.5637024467536886,0.15568124138931186,0.8849818862352558,0.002204218876983849,0.16653808088422464,0.8736052182578629,0.013554088094201453,60.89279819954988,0.39162815950521984,0.34210526315789475,0.5174621763147629,0.20039811971947835,0.5278243195394206,-0.022608106515847767,0.35179376592824935,0.009462211043238711,0.1850071539612022,0.12320624465430072,0.22160595146218484,Scientific & Technical Instruments,Technology,ESE
2012Q2,2012,Q2,2012-05-10,2012-03-31,10202000.0,173863000.0,16698000.0,0.38,67896000.0,0.3905143705101143,1012362000.0,612491000.0,327689000.0,270334000.0,399871000.0,111532000.0,414382000.0,981979620.0000001,1081273620.0,22.93458398861679,1.212163471853337,0.12482195104122834,0.20631323562305406,0.013886002745095534,22.93458398861679,0.016656571280231056,5.648008029310435,24.06340962556362,1.603255590694394,0.20917467163301315,0.9501040060251766,0.0021731611904532194,0.17173995072908702,0.640437384864649,0.010077422898133277,217.58910259251056,0.3905143705101143,1.0,0.03246361877459689,0.3111814592271724,0.5311395734039559,0.127765596970301,0.9592855771077395,0.8904109589041096,-0.038099663423537676,0.1054974994844021,0.24395458355525707,Scientific & Technical Instruments,Technology,ESE
2012Q1,2012,Q1,2012-02-08,2011-12-31,5207000.0,152925000.0,8833000.0,0.19,60204000.0,0.3936831780284453,999927000.0,602586000.0,318156000.0,264929000.0,397341000.0,107303000.0,406314000.0,767591380.0,868611380.0,22.593303588166922,1.200910432606472,0.12965546484893398,0.2151493728695987,0.0075296869068665175,22.593303588166922,0.008641090234422971,5.019397613209089,36.85382081812944,1.2738287646908493,0.4098329172268101,0.8641044518792578,0.0027801250191215017,0.15293616433999682,0.6426174559976446,0.005207380138750129,-117.17163486490612,0.3936831780284453,-0.671393746343366,4.904615499981253,0.6026872397426366,0.6541823156095302,-0.10748065348237318,-0.6615094584931418,-0.5700029208450978,-0.11258740161553638,0.01684576691149361,0.2651971187749349,Scientific & Technical Instruments,Technology,ESE
2011Q4,2011,Q4,2011-11-29,2011-09-30,15383000.0,190701000.0,20542000.0,0.5781995865438827,67454000.0,0.3537160266595351,1011837000.0,600710000.0,328354000.0,205837000.0,411127000.0,96986000.0,403241000.0,678427500.0,769269500.0,22.578838564179666,1.5952136885010955,0.12353768442940909,0.20808709693529323,0.021886520027085885,22.578838564179666,0.025608030497244926,3.5575455818270485,11.025604563479165,1.1293760716485493,0.14086979132808944,1.270771039119048,0.00319415118048723,0.18847007966698193,0.9289632087525567,0.0152030415966208,33.814858196680454,0.3537160266595351,0.17999915621200555,0.4202223606289089,0.5281480615177143,0.5571312588290018,-0.04731371108976894,0.17625019116072793,-0.010071803768493084,-0.38706832647825173,-0.050157209431666315,0.25263592877473423,Scientific & Technical Instruments,Technology,ESE
2011Q3,2011,Q3,2011-08-08,2011-06-30,13078000.0,176326000.0,20751000.0,0.49,70804000.0,0.401551671336048,1006176000.0,593101000.0,319252000.0,200034000.0,413075000.0,102240000.0,389997000.0,979063999.9999999,1086636000.0,22.292839691787258,1.595988681924073,0.13851453423655505,0.23498527232292646,0.01832623357678151,22.292839691787258,0.02205020730027432,5.552578746186041,18.715858693989905,1.6507542560204753,0.16210429729316408,1.032100938967136,0.0021653334204914084,0.17524369494005024,0.932126538488457,0.01299772604395255,178.6939222485855,0.401551671336048,0.0,0.1431668239859229,0.3917324129184698,0.6128723919983888,0.03888253073920826,-0.011264837075678536,-0.0441731920773837,-0.04047946878057215,0.091932452408223,0.2939071781963482,Scientific & Technical Instruments,Technology,ESE
2011Q2,2011,Q2,2011-05-05,2011-03-31,13227000.0,166748000.0,21710000.0,0.49,68154000.0,0.4087245424232974,994326000.0,579412000.0,308997000.0,198042000.0,414914000.0,94697000.0,379067000.0,1013340300.0,1124244300.0,21.813568255402455,1.5602599448601813,0.1443269108924035,0.24767868114571323,0.01887299113980372,21.813568255402455,0.022828315602714477,6.077076186820832,19.1528748015423,1.7489114826755399,0.1606562334618583,1.0411523068312618,0.002097025056636946,0.16769952711686106,0.8604033487846012,0.01330247826165664,117.1085519473015,0.4087245424232974,0.22499999999999992,0.7171276804731073,0.29354058062305866,0.5976864923646372,0.09128464605383248,0.2232497919171368,0.36070197430272644,1.074862612940517,0.1770368810882605,0.2881124803044628,Scientific & Technical Instruments,Technology,ESE
2011Q1,2011,Q1,2011-02-08,2010-12-31,10813000.0,159936000.0,15955000.0,0.4,62453000.0,0.3904874449779912,962620000.0,565106000.0,286101000.0,178334000.0,397514000.0,88382000.0,367965000.0,1004273600.0000001,1119958600.0,21.29261492087415,1.60429867551897,0.15118426793542622,0.25753221519502534,0.015366125449479432,21.29261492087415,0.01913446326883806,6.279221688675471,23.21912512716175,1.7771419875209256,0.1962452603347822,1.1029734561336018,0.0021129700113594538,0.1661465583511666,0.9056713806677358,0.011232885250670047,72.71548765476794,0.3904874449779912,-0.5572815533980583,3.5269195549948917,0.6291208851565169,0.5616613655660171,-0.26363014667735696,-0.5474974891195179,-0.587235473689657,2.7038432554634517,0.14311483589076318,0.29289793734020136,Scientific & Technical Instruments,Technology,ESE
2010Q4,2010,Q4,2010-09-30,2010-09-30,23896000.0,207925000.0,38654000.0,0.9035087719298246,84812000.0,0.40789707827341587,974291000.0,555982000.0,296361000.0,186980000.0,418309000.0,83034000.0,359274000.0,879660480.0,1007152480.0,21.02170296430732,1.5849876992191678,0.15806365859891963,0.27698738448367033,0.03550820363167669,21.02170296430732,0.04297980869884277,4.230662402308525,9.203009708737863,1.5821743869405844,0.08809005691329093,1.4826817930004577,0.0023929687053805123,0.21341159879337898,0.9645363140442829,0.024526553155063528,19.467544814765635,0.40789707827341587,0.6427432216905901,1.243318676732054,0.8123883855592033,0.6071967143115691,0.29310239677989874,0.642675465731766,0.5743086384555859,0.4154993952212983,0.26270833733744364,0.31757464616662684,Scientific & Technical Instruments,Technology,ESE
2010Q3,2010,Q3,2010-06-30,2010-06-30,14547000.0,157582000.0,24553000.0,0.55,65588000.0,0.4162150499422523,915637000.0,531196000.0,274397000.0,162626000.0,384441000.0,84411000.0,337498000.0,681036000.0,824702000.0,20.084543254688445,1.6872886254350472,0.17911028060246584,0.30873726458783574,0.022134865453401705,20.084543254688445,0.027385371877800286,4.321788021474534,11.704062693338832,1.282080437352691,0.14539080222726336,1.089834263306915,0.0031055627015311965,0.17210095267010836,0.8749277483305252,0.015887300316610186,86.20708860759494,0.4162150499422523,1.5000000000000002,0.12249526583572758,0.38594341541796207,0.5819260438075734,0.31486307686139287,1.438317130405632,1.4104653445906146,0.617713753194082,0.12823359385797772,0.3167736460917986,Scientific & Technical Instruments,Technology,ESE
2010Q2,2010,Q2,2010-03-31,2010-03-31,5966000.0,129281000.0,10186000.0,0.22,49882000.0,0.38584169367501797,896852000.0,520132000.0,254699000.0,146526000.0,376720000.0,89302000.0,325066000.0,841056400.0,988494400.0,19.67216338880484,1.738251231863287,0.18995664836561663,0.327538009582183,0.00962581837623146,19.67216338880484,0.011470165265740235,6.50564584122957,35.24373114314448,1.617005683172733,0.0,0.8891066269512441,0.0,0.144149759380589,0.8009295278653618,0.006652156654609679,-99.72212473322267,0.38584169367501797,10.0,-0.4562820159883997,0.15724047629024837,0.5959967660389536,0.10190196381629812,12.68348623853211,2.206169342146679,-0.3901541385856511,-0.01522338522096054,0.3133365695238923,Scientific & Technical Instruments,Technology,ESE
2010Q1,2010,Q1,2009-12-31,2009-12-31,436000.0,112705000.0,3177000.0,0.02,45269000.0,0.40165919879330997,894257000.0,519328000.0,251088000.0,142159000.0,374929000.0,88477000.0,323314000.0,947264550.0,1088302550.0,19.65439200696363,1.7662476522766761,0.1972486656520441,0.33965239694374266,0.0029627879318271564,19.65439200696363,0.0008395464908497135,8.404813894680803,543.1562786697249,1.8240197909606262,0.0,0.7621867830057529,0.0,0.12603200198600625,0.8393137261798409,0.00048755559084245355,8936.458018867925,0.40165919879330997,-0.9758891900583452,-0.9597542047347306,0.04886668099942855,0.6917638313674901,-0.35309668753036666,-0.9799696788716865,-0.858321441312879,1.3300155167846195,0.19225910570698382,0.4390081359772651,Scientific & Technical Instruments,Technology,ESE
2009Q4,2009,Q4,2009-11-30,2009-09-30,21767000.0,169449000.0,22424000.0,0.8295034488014938,69978000.0,0.4129738151302162,923687000.0,517340000.0,280195000.0,163985000.0,406347000.0,82020000.0,322878000.0,1033895400.0,1172572400.0,19.714949887580502,1.7086623776564929,0.19845142348003167,0.3543259751807322,0.029277007641536384,19.714949887580502,0.0420748443963351,6.101513729794806,11.874573896264987,1.998483395832528,0.0,1.2127651792245793,0.0,0.18344850582502514,0.93453669542946,0.023565341939423202,28.287925798243453,0.4129738151302162,0.9290777879104508,0.7731286043765836,0.446373147001528,0.6595730212919333,0.16509606739702307,0.9052078774617068,0.2033916496726414,1.0374960024591233,0.376684290515522,0.35962550283260164,Scientific & Technical Instruments,Technology,ESE
2009Q3,2009,Q3,2009-08-06,2009-06-30,11425000.0,148102000.0,18634000.0,0.43,60062000.0,0.4055448272136771,914552000.0,500580000.0,271675000.0,156279000.0,413972000.0,86983000.0,301111000.0,1175596800.0,1348631800.0,19.076254715902596,1.7383973534511994,0.22140348498499812,0.4045007790962484,0.02037479719713937,19.076254715902596,0.02282352471133485,7.937751009439441,25.724218818380745,2.3484693755243913,0.0,1.012151799776968,0.0,0.1619393976504343,0.9121635024539445,0.012492455322387354,92.71268138801261,0.4055448272136771,0.1025641025641025,-0.06368306087415265,0.35432979907852996,0.6303958491784015,-0.03016308735669304,0.09898037706810311,-0.003955527047252512,0.012528765018569326,0.18517693707093544,0.3801545697806825,Scientific & Technical Instruments,Technology,ESE
2009Q2,2009,Q2,2009-05-08,2009-03-31,10396000.0,154156000.0,18708000.0,0.39,61930000.0,0.4017359038895664,910306000.0,482621000.0,265618000.0,156685000.0,427685000.0,81868000.0,289686000.0,1013049900.0000001,1208075900.0,18.436833861787065,1.69523566391167,0.24346318710411663,0.4592133371734757,0.016976015837297263,18.436833861787065,0.021540712070133708,6.571589169412803,24.361530877260485,2.09905888885896,0.0,1.1265207407045488,0.0,0.1693452531346602,0.9430130516641669,0.011420335579464487,-244.22610896817747,0.4017359038895664,0.7727272727272728,0.8911548998161879,0.47252727073512685,0.6181265014951993,0.11364862434813883,0.786254295532646,0.7287007946775088,0.36945701762102445,0.2134468438319355,0.35036506077600843,Scientific & Technical Instruments,Technology,ESE
2009Q1,2009,Q1,2009-02-09,2008-12-31,5820000.0,149171000.0,10822000.0,0.22,55610000.0,0.3727936395143828,899717000.0,472413000.0,246626000.0,154812000.0,427304000.0,75900000.0,279290000.0,1083313617.75,1270453617.75,17.857536389304748,1.5930677208485131,0.23960089672641507,0.45632317484912566,0.011002095021222819,17.857536389304748,0.012319728711953313,7.262226691179921,46.53409010953609,2.2931494640282977,0.0,1.232687747035573,0.0,0.1657976897179891,0.9250058135028293,0.006468700713668854,59.27520342252134,0.3727936395143828,-0.7667847378086106,-0.08333330566086579,0.49920003163894205,0.6068821552135145,-0.284961168543949,-0.762497449500102,-0.6787198669991688,1.4444444975361546,0.524376006823408,0.30972286715367886,Scientific & Technical Instruments,Technology,ESE
2008Q4,2008,Q4,2008-12-01,2008-09-30,24505000.0,196032000.0,33684000.0,0.943334488201101,77772000.0,0.39673114593535747,928073000.0,468237000.0,270636000.0,168683000.0,459836000.0,66962000.0,273470000.0,1251312090.0,1456295090.0,18.0250606305578,1.6044058974526183,0.2517582129854009,0.49899943831862925,0.03111228814844726,18.0250606305578,0.05233460832868825,6.3832032015181195,12.765885431544582,2.672390456115173,0.0,1.766076282070428,0.0,0.2112247635692451,1.026766182721436,0.02640417294760218,52.545229276895945,0.39673114593535747,0.886668976402202,1.413208539156238,1.6075781037115637,0.6478311202344703,0.21317817364989236,0.8413736098587316,0.62708917012849,1.3422018042691104,0.7397040435920188,0.3780909315428476,Scientific & Technical Instruments,Technology,ESE
2008Q3,2008,Q3,2008-08-08,2008-06-30,13308000.0,157669000.0,20702000.0,0.5,64106000.0,0.40658594904515155,891605000.0,447560000.0,245612000.0,135112000.0,444045000.0,71038000.0,248965000.0,1218840840.0,1426497840.0,17.22908726950764,1.8178400142104327,0.25849339113172315,0.5149566538564662,0.023080095151589,17.22908726950764,0.029734560729287693,7.730377182578693,22.896769612263302,2.7233015461614087,0.0,1.3170838142965737,0.0,0.1768372765966992,1.076122032091894,0.014925892071040427,126.80408239700374,0.40658594904515155,1.173913043478261,2.1048445476257287,0.4930753678943346,0.3177563985454127,0.1267224409448819,1.1880960210457086,0.6234316185696361,0.0455088497039292,0.4118515870540313,0.35702074560771174,Scientific & Technical Instruments,Technology,ESE
2008Q2,2008,Q2,2008-05-08,2008-03-31,6082000.0,135159000.0,12752000.0,0.23,56896000.0,0.4209560591599524,890139000.0,429149000.0,244138000.0,116281000.0,460990000.0,71670000.0,235657000.0,1006571013.24,1226072013.24,16.93452131621807,2.0995519474376727,0.28138751363551084,0.5836527639584387,0.011762384762037299,16.93452131621807,0.014172233886132788,7.447310302976494,41.37500054422887,2.345504739006732,0.0,1.0919910701827822,0.0,0.15184033055511556,1.2087013355578298,0.00683264074487243,46.92419995524684,0.4209560591599524,1.090909090909091,0.0666666668432623,0.18968383474812178,0.3136406420604394,0.11681224850328786,1.1598011363636365,-0.07847954906778436,-0.4216867593091938,0.2622929409068256,0.37389267875249105,Scientific & Technical Instruments,Technology,ESE
2008Q1,2008,Q1,2008-02-11,2007-12-31,2816000.0,134957000.0,13838000.0,0.11,50945000.0,0.37749060811962326,872384000.0,421604000.0,238255000.0,119849000.0,450780000.0,73150000.0,229575000.0,1022464000.0,1263770000.0,16.46890625,1.9879598494772588,0.3037653143569804,0.6285519112721891,0.01255175897966944,16.46890625,0.0066792535175188095,7.576220573960595,90.77272727272727,2.4251762317245564,0.0,1.1484894053315107,0.0,0.1546990774704717,1.0922160385151316,0.003227936321619837,-188.2297496318115,0.37749060811962326,-0.8276663843099507,-0.576923076923077,0.188278042513797,0.3138420840192478,-0.07720035502744217,-0.8305859704006738,-0.3487387048192771,-0.7317073135037537,0.29632734216991,0.417571193556156,Scientific & Technical Instruments,Technology,ESE
2007Q4,2007,Q4,2007-11-29,2007-09-30,16622000.0,162133000.0,21248000.0,0.6382968265334868,55207000.0,0.34050440070806065,576107000.0,415483000.0,260350000.0,119200000.0,160624000.0,67871000.0,226759000.0,916388983.4399999,900594983.4399999,15.954847814860589,2.1841442953020134,0.004936582961151314,0.0068450454049864854,0.04089107064861214,15.954847814860589,0.04000645032408065,5.652081830595868,13.78277258212008,2.205599226538751,0.0,1.5754298595865686,0.0,0.28142862350223136,1.1170469798657718,0.028852279177305606,80.46263793484941,0.34050440070806065,0.9342328076772328,1.619960211370453,0.5491679576307572,0.2994595921844863,0.12803171165280644,0.8773435735260899,0.3673981594697213,0.36440947032176535,0.3945450458122708,0.3430536290148644,Scientific & Technical Instruments,Technology,ESE
2007Q3,2007,Q3,2007-08-08,2007-06-30,8854000.0,137523000.0,15539000.0,0.33,48941000.0,0.3558750172698385,553788000.0,397202000.0,252632000.0,106108000.0,156586000.0,67994000.0,210137000.0,944253041.76,923045041.76,15.252844187989053,2.3808949372337618,0.001220683727346927,0.001701904824245598,0.026065896420553247,15.252844187989053,0.022290925020518527,6.86614633014114,26.661764224079512,2.377261548934799,0.0,1.3027914227725976,0.0,0.24833149147327135,1.211049119764768,0.015988067635990668,-124.9673162731604,0.3558750172698385,-0.08333333333333326,0.4782608911262339,0.39121062673666945,0.249237713003231,0.06284882837101223,-0.07943439384487419,0.32743892021185717,-0.26881718137201505,0.2672393122390906,0.30361930172442747,Scientific & Technical Instruments,Technology,ESE
2007Q2,2007,Q2,2007-05-09,2007-03-31,9618000.0,129068000.0,11706000.0,0.36,46047000.0,0.3567654259770044,529007000.0,389367000.0,236715000.0,92452000.0,139640000.0,59270000.0,201283000.0,1165077747.9,1137032747.9,14.97876770151641,2.560409726128153,0.0,0.0,0.024064355339664844,14.97876770151641,0.024701631108953764,9.026852108191031,30.283784256082345,2.9922354691075514,0.0,1.4007254935043023,0.0,0.2439816486360294,1.3245035261541125,0.018181233896715922,1269.147873529412,0.3567654259770044,8.2,0.7619047038909115,0.3917069654413329,0.24462293928305623,0.6763260402635698,7.964518464880522,3.888943731490622,0.7619047311424498,0.24153312591818146,0.31462599051780554,Scientific & Technical Instruments,Technology,ESE
2007Q1,2007,Q1,2006-12-31,2006-12-31,-1381000.0,98813000.0,-4052000.0,-0.05,27469000.0,0.2779897381923431,479512000.0,377242000.0,196145000.0,70579000.0,102270000.0,55292000.0,191665000.0,,,,,,,,,,,,,,,,,,,,,,,,,,,,,,,Scientific & Technical Instruments,Technology,ESE
