Quarters,Year,Quarter,FillingDate,Date,NetIncome,Revenue,OperatingIncome,EPSDiluted,GrossProfit,GrossProfitRatio,TotalAssets,CommonStockEquity,CurrentAssets,CurrentLiability,TotalLiability,Inventory,RetainedEarnings,MarketCap,EnterpriseValue,bookValuePerShare,currentRatio,debtToAssets,debtToEquity,roic,shareholdersEquityPerShare,roe,priceToSalesRatio,peRatio,pbRatio,payoutRatio,inventoryTurnover,dividendYield,assetTurnover,quickRatio,returnOnAssets,priceToFreeCashFlowsRatio,grossProfitMargin,epsdilutedGrowth,fiveYNetIncomeGrowthPerShare,fiveYRevenueGrowthPerShare,fiveYShareholdersEquityGrowthPerShare,grossProfitGrowth,netIncomeGrowth,operatingIncomeGrowth,threeYNetIncomeGrowthPerShare,threeYRevenueGrowthPerShare,threeYShareholdersEquityGrowthPerShare,Industry,Sector,Symbol
2023Q1,2023,Q1,2023-05-17,2023-03-31,5896229.0,0.0,-247973.0,0.85,0.0,0.0,282914997.0,272312235.0,483375.0,168282.0,10602762.0,0.0,-10020077.0,789360.0,1349771.0,9.866385326086956,2.8724105964987343,0.0027375006917713875,0.0028440881475634027,-0.0018958055428787948,9.866385326086956,0.02165245715088784,0.0,0.03346884932725646,0.0028987313037917672,0.0,0.0,0.0,0.0,1.2720849526390225,0.0208409913313998,-2.459050099376328,0.0,-0.9999999482655482,180.69185993356294,0.0,34854.73544093178,0.0,4.126692020895502,-0.31292952824694237,180.69185993356294,0.0,34854.73544093178,Shell Companies,Financial Services,BLEUW
2022Q4,2022,Q4,2023-04-05,2022-12-31,1150104.0,0.0,-188870.0,16430057.14,0.0,0.0,279704543.0,269488107.0,345022.0,256436.0,10216436.0,0.0,-9772104.0,333960.0,573369.0,9.764061847826087,1.3454507167480385,0.0010725603409308944,0.001113221668071608,-0.0003703975436517459,9.764061847826087,0.004267735644452763,0.0,0.07259343502848438,0.0012392383608973141,0.0,0.0,0.0,0.0,0.23628117736979207,0.004111853127819951,-8.520257169098887,0.0,214211956.49674055,4.798869690733908,0.0,30.885530262569553,0.0,-0.456987886731306,-0.00079482831708351,4.798869690733908,0.0,30.885530262569553,Shell Companies,Financial Services,BLEUW
2022Q3,2022,Q3,2022-11-10,2022-09-30,2118008.0,0.0,-188720.0,0.0767,0.0,0.0,277466622.0,267314358.0,469719.0,492264.0,10152264.0,0.0,-9583235.0,2208000.0,2408213.0,9.685302826086957,0.9542014041246161,0.0010812111303247134,0.0011222741727924693,-0.001548349671314916,9.685302826086957,0.007923285587226108,0.0,0.26062224505289877,0.008259937911752573,0.0,0.0,0.0,0.0,0.20271033429216842,0.007633379412389285,-10.79136690647482,0.0,5.98051948051948,167.66729619137553,0.0,9825.483001947885,0.0,5.993499987032981,0.0614353990839148,167.66729619137553,0.0,9825.483001947885,Shell Companies,Financial Services,BLEUW
2022Q2,2022,Q2,2022-08-11,2022-06-30,-424153.0,0.0,-201073.0,-0.0154,0.0,0.0,276318240.0,266349714.0,474701.0,308526.0,9968526.0,0.0,-9650976.0,2760000.0,2755605.0,9.650351956521739,1.5386093878635836,0.0,0.0,-0.0010242760824019346,9.650351956521739,-0.001592466511903219,0.0,-1.6267714716151955,0.010362316364266868,0.0,0.0,0.0,0.0,0.014245152758600572,-0.001535016291360281,-55.69007263922518,0.0,-0.2520325203252033,-62.42000598086125,0.0,0.0,0.0,-0.2530036129024634,0.3345236952629332,-62.42000598086125,0.0,0.0,Shell Companies,Financial Services,BLEUW
2022Q1,2022,Q1,2022-05-13,2022-03-31,-338509.0,0.0,-302149.0,-0.0123,0.0,0.0,276585576.0,266662327.0,630497.0,263249.0,9923249.0,0.0,-9338363.0,9315000.0,9261045.0,9.661678514492754,2.395059430425187,0.0,0.0,-0.001197384021776524,9.661678514492754,-0.0012694294083768346,0.0,-6.879433043139178,0.03493181847168085,0.0,0.0,0.0,0.0,0.20495804352533153,-0.001223885225309074,-91.97002458457985,0.0,-0.11818181818181826,-9.316307561027642,0.0,34131.59349801613,0.0,-0.11811764861320764,-0.2121500238699868,-9.316307561027642,0.0,34131.59349801613,Shell Companies,Financial Services,BLEUW
2021Q4,2021,Q4,2022-04-01,2021-12-31,-302749.0,0.0,-249267.0,-0.011,0.0,0.0,745282.0,-9017344.0,276128497.0,102626.0,9762626.0,0.0,-9018034.0,12972000.0,12816762.0,-0.3267153623188406,2690.6290511176503,0.0,0.0,0.030321256637622043,-0.3267153623188406,0.03357407680132864,0.0,-10.711843804603813,-1.4385610663184192,,0.0,,0.0,2690.6290511176503,-0.4062207325549255,0.0,0.0,-20.999999999999996,0.0,0.0,0.0,0.0,-22.823497009757634,-18.614966949952784,0.0,0.0,0.0,Shell Companies,Financial Services,BLEUW
2021Q3,2021,Q3,2021-09-30,2021-09-30,-12708.0,0.0,-12708.0,-0.0005,0.0,0.0,663377.0,-27209.0,0.0,690586.0,690586.0,0.0,-52209.0,12972000.0,13133755.0,-0.0009858333333333334,0.0,0.2438357072976603,-5.94490793487449,-0.09445096844201983,-0.0009858333333333334,0.4670513433055239,0.0,-255.19357884796977,-476.75401521555364,,0.0,,0.0,0.0,-0.019156527886857698,0.0,0.0,-1.5,0.0,0.0,0.0,0.0,-0.9001196172248804,-0.9001196172248804,0.0,0.0,0.0,Shell Companies,Financial Services,BLEUW
2021Q2,2021,Q2,2021-06-30,2021-06-30,-6688.0,0.0,-6688.0,-0.0002,0.0,0.0,,,,,,,,12972000.0,,,0.0,0.0,0.0,0.0,,0.0,0.0,-484.89832535885165,0.0,,0.0,,0.0,0.0,0.0,0.0,0.0,0.8333333333333333,0.0,0.0,0.0,0.0,0.7961783439490446,0.7961783439490446,0.0,0.0,0.0,Shell Companies,Financial Services,BLEUW
2021Q1,2021,Q1,2021-03-31,2021-03-31,-32813.0,0.0,-32813.0,-0.0012,0.0,0.0,254688.0,-7813.0,18796.0,262501.0,262501.0,0.0,-32813.0,12972000.0,13044088.0,-0.00028307971014492755,0.07160353674843144,0.283044352305566,-9.226673492896454,-0.5105095293660055,-0.00028307971014492755,4.199795213106361,0.0,-98.83277969097614,-1660.3097401766286,0.0,0.0,0.0,0.0,0.0,-0.1288360660887046,0.0,0.0,0.0,0.0,0.0,0.0,0.0,0.0,0.0,0.0,0.0,0.0,Shell Companies,Financial Services,BLEUW
