Quarters,Year,Quarter,FillingDate,Date,NetIncome,Revenue,OperatingIncome,EPSDiluted,GrossProfit,GrossProfitRatio,TotalAssets,CommonStockEquity,CurrentAssets,CurrentLiability,TotalLiability,Inventory,RetainedEarnings,MarketCap,EnterpriseValue,bookValuePerShare,currentRatio,debtToAssets,debtToEquity,roic,shareholdersEquityPerShare,roe,priceToSalesRatio,peRatio,pbRatio,payoutRatio,inventoryTurnover,dividendYield,assetTurnover,quickRatio,returnOnAssets,priceToFreeCashFlowsRatio,grossProfitMargin,epsdilutedGrowth,fiveYNetIncomeGrowthPerShare,fiveYRevenueGrowthPerShare,fiveYShareholdersEquityGrowthPerShare,grossProfitGrowth,netIncomeGrowth,operatingIncomeGrowth,threeYNetIncomeGrowthPerShare,threeYRevenueGrowthPerShare,threeYShareholdersEquityGrowthPerShare,Industry,Sector,Symbol
2023Q1,2023,Q1,2023-05-12,2023-03-31,-1282098.0,0.0,275204.0,-0.19,0.0,0.0,5412558.0,-8590323.0,745674.0,3965281.0,14002881.0,0.0,-13405617.0,67565811.36,67023970.36,-1.2663152466878036,0.18805073335281913,0.0,0.0,-0.032214736468140874,-1.2663152466878036,0.14924910274037426,0.0,-13.174853123552179,-7.865340029705519,0.0,0.0,0.0,0.0,0.13664630577252912,-0.23687469030354963,-277.8233751238708,0.0,-1.6129032258064517,-1.3452414153150156,0.0,-1.0313719985660565,0.0,-1.9563755986214921,1.916982930104392,-1.3452414153150156,0.0,-1.0313719985660565,Shell Companies,Financial Services,RCLF
2022Q4,2022,Q4,2023-03-31,2022-12-31,1340580.0,0.0,-300119.0,0.31,0.0,0.0,5564720.0,-7308225.0,938613.0,3623745.0,12872945.0,0.0,-12096835.0,319412500.0,318627462.0,-0.2310901185770751,0.25901739774735805,0.0,0.0,0.03232425752046283,-0.2310901185770751,-0.1834344180700512,0.0,59.566101985707675,-43.70589301779844,0.0,0.0,0.0,0.0,1.4932466274530907,0.24090699981310829,-757.9973421296187,0.0,6.75,1.1571090807135391,0.0,-1.0280576392612208,0.0,0.13064805334349913,-0.26594564497555584,1.1571090807135391,0.0,-1.0280576392612208,Shell Companies,Financial Services,RCLF
2022Q3,2022,Q3,2022-11-10,2022-09-30,1185674.0,0.0,-237071.0,0.04,0.0,0.0,254860871.0,241873697.0,632713.0,3343774.0,12987174.0,0.0,-12073565.0,311506250.0,310988412.0,7.64818014229249,0.18922122129067334,0.0,0.0,-0.000823666616964241,7.64818014229249,0.004902037777179219,0.0,65.68126019462348,1.2878880749071282,0.0,0.0,0.0,0.0,0.15486632768841435,0.004652240241304049,-5778.050341296928,0.0,-0.20000000000000004,-0.46763201731345166,0.0,0.021125875159194604,0.0,-0.1873228634114545,0.04684346378687852,-0.46763201731345166,0.0,0.021125875159194604,Shell Companies,Financial Services,RCLF
2022Q2,2022,Q2,2022-08-12,2022-06-30,1458973.0,0.0,-248722.0,0.05,0.0,0.0,253881639.0,240688023.0,429869.0,3024616.0,13193616.0,0.0,-12411644.0,310241250.0,310015506.0,7.610688474308301,0.14212349600742705,0.0,0.0,-0.0010149408956738747,7.610688474308301,0.006061676778989539,0.0,53.160896397671515,1.2889766849761362,0.0,0.0,0.0,0.0,0.07463559010466123,0.005746666067489819,-1291.7353668590272,0.0,-0.891304347826087,1.1005261701886502,0.0,-0.7948469903670329,0.0,-0.8998839483207709,0.4652565767408261,1.1005261701886502,0.0,-0.7948469903670329,Shell Companies,Financial Services,RCLF
2022Q1,2022,Q1,2022-05-13,2022-03-31,14572818.0,0.0,-465124.0,0.46,0.0,0.0,253737070.0,239229050.0,705501.0,3025020.0,14508020.0,0.0,-13771583.0,308976250.0,308510332.0,7.564554940711463,0.23322192911121248,0.0,0.0,-0.004016727218825222,7.564554940711463,0.06091575416948736,0.0,5.300557688979578,1.291549876572264,0.0,0.0,0.0,0.0,0.15402146101513378,0.057432751154571145,-1017.9966986695836,0.0,2.7037037037037033,-0.1582515402662129,0.0,-0.8125938960510966,0.0,2.9160067779602694,0.7391346289744722,-0.1582515402662129,0.0,-0.8125938960510966,Shell Companies,Financial Services,RCLF
2021Q4,2021,Q4,2022-03-31,2021-12-31,-7605828.0,0.0,-1783004.0,-0.27,0.0,0.0,254109797.0,232175203.0,1082557.0,2936952.0,21934594.0,0.0,-20825430.0,276537857.04,275768425.04,8.236263800585355,0.3685988058367995,0.0,0.0,-0.012442321274292484,8.236263800585355,-0.03275900226089175,0.0,-9.08966969276718,1.1910740400644766,0.0,0.0,0.0,0.0,0.2619831716691318,-0.029931266286439166,-2931.2274176930746,0.0,-4.857142857142857,0.0,0.0,0.0,0.0,-4.41501906006277,-0.494885708153355,0.0,0.0,0.0,Shell Companies,Financial Services,RCLF
2021Q3,2021,Q3,2021-11-22,2021-09-30,2227170.0,0.0,-1192736.0,0.07,0.0,0.0,254285822.0,236869619.0,1262812.0,1334203.0,17416203.0,0.0,-16131014.0,307078750.0,306214976.0,7.48994842687747,0.9464916508207522,0.0,0.0,-0.005035411485168134,7.48994842687747,0.00940251438492836,0.0,34.469612782140565,1.2964041201079486,0.0,0.0,0.0,0.0,0.6474082279832979,0.008758529997791226,-62439.76209841399,0.0,1.777777777777778,0.0,0.0,0.0,0.0,1.767282432433829,-3.1553388587534013,0.0,0.0,0.0,Shell Companies,Financial Services,RCLF
2021Q2,2021,Q2,2021-08-16,2021-06-30,-2902673.0,0.0,-287037.0,-0.09,0.0,0.0,254384610.0,234642449.0,1365106.0,243761.0,19742161.0,0.0,318293.0,61352499.99999999,60483807.99999999,37.09762039525692,5.600182145626249,0.0,0.0,-0.0012232952785111784,37.09762039525692,-0.012370621822140972,0.0,-5.284138103051911,0.26147229651528225,0.0,0.0,0.0,0.0,3.5637037918288814,-0.01141056843022068,-106.45081253274941,0.0,-1.9,0.0,0.0,0.0,0.0,-1.900992072052721,-0.8188079789121508,0.0,0.0,0.0,Shell Companies,Financial Services,RCLF
2021Q1,2021,Q1,2021-06-14,2021-03-31,3221641.0,0.0,-157816.0,0.1,0.0,0.0,254785007.0,237545122.0,1777867.0,369485.0,17239885.0,0.0,3220966.0,58555749.99999999,57083088.99999999,40.36450671197961,4.811743372532038,0.0005854033632363619,0.0006278891300491534,-0.000663945316579229,40.36450671197961,0.01356222755860253,0.0,4.543938166915557,0.24650369372771205,0.0,0.0,0.0,0.0,4.38938793185109,0.012644547016065195,-390.4055018101568,0.0,0.0,0.0,0.0,0.0,0.0,0.0,0.0,0.0,0.0,0.0,Shell Companies,Financial Services,RCLF
