Quarters,Year,Quarter,FillingDate,Date,NetIncome,Revenue,OperatingIncome,EPSDiluted,GrossProfit,GrossProfitRatio,TotalAssets,CommonStockEquity,CurrentAssets,CurrentLiability,TotalLiability,Inventory,RetainedEarnings,MarketCap,EnterpriseValue,bookValuePerShare,currentRatio,debtToAssets,debtToEquity,roic,shareholdersEquityPerShare,roe,priceToSalesRatio,peRatio,pbRatio,payoutRatio,inventoryTurnover,dividendYield,assetTurnover,quickRatio,returnOnAssets,priceToFreeCashFlowsRatio,grossProfitMargin,epsdilutedGrowth,fiveYNetIncomeGrowthPerShare,fiveYRevenueGrowthPerShare,fiveYShareholdersEquityGrowthPerShare,grossProfitGrowth,netIncomeGrowth,operatingIncomeGrowth,threeYNetIncomeGrowthPerShare,threeYRevenueGrowthPerShare,threeYShareholdersEquityGrowthPerShare,Industry,Sector,Symbol
2023Q1,2023,Q1,2023-05-03,2023-03-31,126000000.0,1362700000.0,280100000.0,0.49,637000000.0,0.4674543186,16008400000.0,6084000000.0,1877200000.0,1649200000.0,9866000000.0,431700000.0,2815400000.0,14140088000.0,20973988000.0,24.297124600638977,1.1382488479262673,0.45396167012318533,1.1944773175542407,0.014566906410355811,24.297124600638977,0.020710059171597635,10.376523079181037,28.055730158730157,2.3241433267587115,0.4023809523809524,1.6810284920083391,0.003585550528398409,0.085124059868569,0.7817729808391948,0.007870867794407935,70.10455131383243,0.4674543186321274,-0.39506172839506176,1.032347697342788,1.6698214255601669,0.7860436890907174,-0.01606425702811245,-0.3927710843373494,-0.07036176568204447,0.29501668298464406,0.18384990967417358,0.21924992344978586,Software—Application,Technology,SSNC
2022Q4,2022,Q4,2023-02-28,2022-12-31,207500000.0,1338300000.0,301300000.0,0.81,647400000.0,0.4837480386,16653300000.0,6044200000.0,2424400000.0,2190800000.0,10550400000.0,969600000.0,2740100000.0,13087884000.0,19964384000.0,24.04216388225935,1.1066277159028666,0.43934835738262085,1.2105158664504814,0.016874541452677916,24.04216388225935,0.03433043248072532,9.779484420533512,15.768534939759038,2.165362496277423,0.2395180722891566,0.7125618811881188,0.0037974052948513293,0.08036245068544973,0.4537611831294504,0.012459992914317283,40.532313409724374,0.4837480385563775,0.32786885245901654,0.029167681493016746,1.5035769905131584,0.845072487777027,0.03783263866623918,0.296875,-0.00953320184089415,0.47763625392716047,0.12129548562119447,0.1912762737539815,Software—Application,Technology,SSNC
2022Q3,2022,Q3,2022-11-03,2022-09-30,160000000.0,1321000000.0,304200000.0,0.61,623800000.0,0.4722180167,16500600000.0,5727000000.0,2472300000.0,2197600000.0,10714300000.0,0.0,2582300000.0,12123725000.0,19205825000.0,22.55612445844821,1.125,0.4535592645115935,1.3067923869390605,0.01694730279496434,22.55612445844821,0.027937838309760783,9.177687358062075,18.9433203125,2.1169416797625282,0.31875,0.0,0.004206627913450693,0.08005769487170164,0.5459592282489989,0.00969661709271178,50.20175983436853,0.47221801665404994,0.4523809523809524,1.0169501080296548,1.5571643389869905,0.8490769176401713,-0.0008008970046452026,0.44665461121157324,0.23859934853420195,0.6802305093178003,0.151790157789489,0.18620319838162425,Software—Application,Technology,SSNC
2022Q2,2022,Q2,2022-08-04,2022-06-30,110600000.0,1328700000.0,245600000.0,0.42,624300000.0,0.4698577557,17500300000.0,6055400000.0,3085900000.0,2775800000.0,11386100000.0,1620300000.0,2473300000.0,14802043000.0,21909843000.0,23.755982738328758,1.1117155414655235,0.43119832231447464,1.2461769660138058,0.012573539423304018,23.755982738328758,0.018264689368167254,11.140244599984948,33.45850587703436,2.4444368662681244,0.4638336347197107,0.43473430846139605,0.0034657378038963947,0.0759244127243533,0.46696447870884067,0.006319891659000132,69.26552643893308,0.4698577557010612,-0.34375000000000006,0.7351245187107037,1.5943937865956124,1.0094824570917227,0.007260406582768635,-0.35434909515469937,-0.15832762165867031,-0.0924379276016663,0.1501391882859029,0.24185129039700215,Software—Application,Technology,SSNC
2022Q1,2022,Q1,2022-05-05,2022-03-31,171300000.0,1295000000.0,291800000.0,0.64,619800000.0,0.4786100386,18891100000.0,6175700000.0,4127700000.0,3806100000.0,12647500000.0,2549600000.0,2414000000.0,19190116000.0,26418516000.0,24.14268960125098,1.084495940726728,0.4121782214905432,1.260828731965607,0.01496206524892367,24.14268960125098,0.02773774632835144,14.818622393822395,28.006590776415646,3.1073588419126574,0.29830706363105663,0.2648258550360841,0.0026628291355820883,0.06855079905352256,0.36323270539397284,0.009067762067852057,129.75061528059499,0.4786100386100386,-0.3191489361702127,1.8287026181693073,1.525394808996329,1.1081526994608237,-0.01806083650190114,-0.31807324840764334,-0.13719692489651095,1.0844114561964404,0.11961927530329063,0.2827477415685266,Software—Application,Technology,SSNC
2021Q4,2021,Q4,2022-02-25,2021-12-31,251200000.0,1294200000.0,338200000.0,0.94,631200000.0,0.4877144182,17333000000.0,6165400000.0,4252200000.0,3851100000.0,11109800000.0,0.0,2293000000.0,20904900000.0,26558000000.0,24.178039215686276,1.104152060450261,0.35868574395661457,1.0083855062120868,0.023196908707653344,24.178039215686276,0.040743504071106496,16.152758460825222,20.805035828025478,3.3906802478346902,0.20382165605095542,0.0,0.002449186554348502,0.07466682051577915,1.0543740749396275,0.014492586395892229,47.11494252873563,0.48771441817338895,0.3623188405797102,2.505102619410881,1.5684463888417755,1.1719875367008212,0.011538461538461539,0.36225596529284165,-0.00558659217877095,3.121636770551491,0.12195520728543438,0.2965341553215172,Software—Application,Technology,SSNC
2021Q3,2021,Q3,2021-11-05,2021-09-30,184400000.0,1264400000.0,340100000.0,0.69,624000000.0,0.4935147105346409,16934000000.0,5857900000.0,3776400000.0,3571900000.0,11018600000.0,0.0,2093200000.0,17676180000.0,23749380000.0,22.999214762465645,1.0572524426775665,0.3793728593362466,1.0966899400809165,0.02037913921321993,22.999214762465645,0.031478857611089296,13.979895602657386,23.96445227765727,3.0174943239044714,0.22071583514099782,0.0,0.0023025336922344077,0.07466635171843629,1.0024076821859516,0.010889335065548601,51.07246460560532,0.4935147105346409,-0.028169014084507067,2.7703035007819397,1.613332160877148,1.085588971898034,0.04873949579831933,-0.02845100105374078,0.08692873122403323,2.047104608793283,0.20004915251474614,0.30653839012917544,Software—Application,Technology,SSNC
2021Q2,2021,Q2,2021-08-04,2021-06-30,189800000.0,1259000000.0,312900000.0,0.71,595000000.0,0.4725972994440032,17435100000.0,5823700000.0,4127800000.0,3944800000.0,11611400000.0,0.0,1949600000.0,18425742000.0,24746142000.0,22.775518185373485,1.0463901845467452,0.37668266886912033,1.1277194910452117,0.017562682538541412,22.775518185373485,0.0325909645071003,14.635220015885624,24.269944678609065,3.1639236224393428,0.2154899894625922,0.0,0.0022197206495130563,0.07221065551674495,0.9904431149868181,0.010886086113644316,52.901929371231695,0.4725972994440032,0.09230769230769222,4.227968887446376,1.6232304159916644,1.0915325846138526,0.06421033804328385,0.0851915380217267,0.16276477146042365,3.7605213379837656,0.3021139890383168,0.28351696317886105,Software—Application,Technology,SSNC
2021Q1,2021,Q1,2021-05-05,2021-03-31,174900000.0,1233400000.0,269100000.0,0.65,559100000.0,0.4532998216312632,16689100000.0,5734200000.0,3199200000.0,3133300000.0,10954900000.0,0.0,1800700000.0,17956590000.0,24530990000.0,22.312062256809337,1.0210321386397727,0.4091353038809762,1.1907676746538314,0.015510544587886832,22.312062256809337,0.030501203306476928,14.558610345386736,25.666938250428817,3.1314900073244747,0.23556317895940537,0.0,0.002294422270598148,0.07390452451000953,0.9527973701847892,0.010479894062591751,116.37453013609851,0.4532998216312632,-0.12162162162162159,18.189321690732303,1.9245653391306083,1.0604165534314791,0.01543770432255721,-0.1126331811263318,0.00148864905098623,1.7486438796621429,1.3544371587478161,0.6401248558986072,Software—Application,Technology,SSNC
2020Q4,2020,Q4,2021-02-25,2020-12-31,197100000.0,1203400000.0,268700000.0,0.74,550600000.0,0.45753697856074454,15923600000.0,5716500000.0,2298500000.0,2283300000.0,10207100000.0,0.0,1667000000.0,18674925000.0,24908025000.0,22.269185820023374,1.0066570314895107,0.4045818784696928,1.1269832939735853,0.01806985316069414,22.269185820023374,0.03447913933350827,15.51846850589995,23.687119482496193,3.266845972185778,0.18366311516996447,0.0,0.0019384281329108417,0.07557336280740536,1.0021022204703718,0.012377854254063151,46.316778273809526,0.45753697856074454,0.23333333333333336,11.39635175221086,2.0431684064280233,1.06588883037939,0.050963924413055924,0.23651191969887075,0.04552529182879377,-0.04259857908111603,1.2047374813386378,0.7090084853817316,Software—Application,Technology,SSNC
2020Q3,2020,Q3,2020-11-04,2020-09-30,159400000.0,1152800000.0,257000000.0,0.6,523900000.0,0.4544587092297016,15475400000.0,5383300000.0,1821700000.0,1738900000.0,10092100000.0,0.0,1505900000.0,15535484000.0,22195284000.0,20.971172574990263,1.0476163091609638,0.44226966669682205,1.2713948693180763,0.014967702692314327,20.971172574990263,0.02961009046495644,13.476304649548924,24.36556461731493,2.8858662901937473,0.22521957340025095,0.0,0.0023108388512388797,0.0744924202282332,0.9393294611536028,0.010300218411155769,90.69167542323409,0.4544587092297016,-0.06250000000000006,4.475393001227884,2.0969108929067977,0.9574739560211696,0.024643066692743985,-0.05958702064896755,0.06506423539162867,0.9874688110912413,1.207225077361943,0.7191477736211626,Software—Application,Technology,SSNC
2020Q2,2020,Q2,2020-08-05,2020-06-30,169500000.0,1138100000.0,241300000.0,0.64,511300000.0,0.4492575344873034,15572900000.0,5313800000.0,1943800000.0,1800000000.0,10259100000.0,0.0,1382400000.0,14515360000.0,21155960000.0,20.67626459143969,1.079888888888889,0.44323793256233585,1.2989762505175204,0.016378279927716743,20.67626459143969,0.03189807670593549,12.754028644231614,21.409085545722714,2.731634611765591,0.18938053097345134,0.0,0.0022114504910660158,0.07308208490390358,0.9715555555555555,0.010884292585196078,37.938734971249346,0.4492575344873034,0.7297297297297298,1.8791362798501496,2.555120138161849,0.6678580424326892,0.006496062992125984,0.7086693548387096,0.10283363802559416,1.6374360280810452,1.2040736169577018,0.7489737819875083,Software—Application,Technology,SSNC
2020Q1,2020,Q1,2020-05-07,2020-03-31,99200000.0,1173600000.0,218800000.0,0.37,508000000.0,0.4328561690524881,15974100000.0,5087600000.0,2336700000.0,2209300000.0,10886500000.0,0.0,1245100000.0,11187246000.0,18119846000.0,19.92792792792793,1.0576653238582356,0.45738414057755994,1.436099536127054,0.013754842562688104,19.92792792792793,0.01949838823806903,9.532418200408998,28.19366431451613,2.1989240506329115,0.3215725806451613,0.0,0.0028514613873691524,0.07346892782691983,0.9781831349296157,0.00621005252252083,92.3040099009901,0.4328561690524881,-0.3148148148148149,1.4949660805194898,2.7655465256450484,1.5104364234241308,-0.06874427131072411,-0.2994350282485876,-0.1626482969766552,0.6413126886649549,1.2931335120222978,0.7401174330529087,Software—Application,Technology,SSNC
2019Q4,2019,Q4,2020-02-28,2019-12-31,141600000.0,1203500000.0,261300000.0,0.54,545500000.0,0.45326132114665557,16741100000.0,5116100000.0,2785900000.0,2776200000.0,11625000000.0,0.0,1177900000.0,15564900000.0,22566200000.0,20.181854043392505,1.0034939845832433,0.4273375106773151,1.39835030589707,0.018223364497452012,20.181854043392505,0.02767733234299564,12.933028666389697,27.480402542372882,3.042336936338226,0.22387005649717515,0.0,0.0020366337078940437,0.07188894397620228,0.92659030329227,0.00845822556462837,28.717527675276752,0.45326132114665557,0.5000000000000001,1.5594851309680966,2.967209572877012,1.51380355508816,0.08773678963110668,0.4905263157894737,0.14806678383128294,0.9874974148809674,1.40257758522586,0.812997946554922,Software—Application,Technology,SSNC
2019Q3,2019,Q3,2019-11-07,2019-09-30,95000000.0,1144200000.0,227600000.0,0.36,501500000.0,0.43829750043698656,15937600000.0,4816600000.0,2055100000.0,1899100000.0,11121000000.0,0.0,1068000000.0,13062681000.0,20537581000.0,19.01539676273194,1.082144173555895,0.478892681457685,1.584603247103766,0.01423443939992233,19.01539676273194,0.0197234563800191,11.416431567907708,34.37547631578947,2.7120128306274136,0.2673684210526316,0.0,0.0019444706641768257,0.07179249071378375,0.9866779000579222,0.005960746912960546,43.71713855421687,0.43829750043698656,-0.20000000000000004,0.5347011628152882,2.9183015516381285,1.3919797039146518,0.005211465223491682,-0.21552436003303055,0.018344519015659956,0.9531372147237849,1.3779670060788969,0.7243328606740537,Software—Application,Technology,SSNC
2019Q2,2019,Q2,2019-08-07,2019-06-30,121100000.0,1148000000.0,223500000.0,0.45,498900000.0,0.43458188153310107,16140900000.0,4845500000.0,2003700000.0,1830900000.0,11295400000.0,0.0,998400000.0,14850979000.0,22562779000.0,19.129490722463483,1.0943798132066196,0.485914663990236,1.6186358476937364,0.013374343404106004,19.129490722463483,0.0249922608605923,12.936392857142858,30.65850330305533,3.0649012485811578,0.2097440132122213,0.0,0.0017103249556813728,0.07112366720567007,1.0052979409033809,0.007502679528403001,58.83906101426307,0.43458188153310107,0.4516129032258065,1.9170724886263661,2.9921720354827683,1.4202057775300885,0.04965285083105407,0.49876237623762376,0.10643564356435643,2.3672585756606397,1.4146163413072643,0.7567087979054321,Software—Application,Technology,SSNC
2019Q1,2019,Q1,2019-05-08,2019-03-31,80800000.0,1137200000.0,202000000.0,0.31,475300000.0,0.4179563841013014,16249300000.0,4733500000.0,1977100000.0,1762100000.0,11515800000.0,0.0,902800000.0,16189055000.000002,24150555000.0,18.821073558648113,1.1220135066114296,0.499473823487781,1.714608640540826,0.012775345899284288,18.821073558648113,0.017069821485158974,14.235890784382695,50.08989789603961,3.4201024611809445,0.3118811881188119,0.0,0.0015566072263019676,0.0699845531807524,1.0263889677089837,0.004972521893250786,154.62325692454635,0.4179563841013014,0.3478260869565217,1.0097015006151837,3.0260651643660457,1.4757135697951411,0.004862579281183933,0.37649063032367974,-0.04896421845574388,8.058917586557742,1.7554299171420231,0.7380397682314278,Software—Application,Technology,SSNC
2018Q4,2018,Q4,2019-03-01,2018-12-31,58700000.0,1111000000.0,212400000.0,0.23,473000000.0,0.42574257425742573,16107500000.0,4580000000.0,2048100000.0,1921800000.0,11527500000.0,0.0,847100000.0,11079016000.0,19168316000.0,18.648208469055376,1.0657196378395255,0.5125562626105852,1.8026200873362446,0.008919387363535924,18.648208469055376,0.012816593886462882,9.972111611161116,47.1849063032368,2.4189991266375546,0.3441226575809199,0.0,0.0018232666150134632,0.06897408039733044,0.9790821105213862,0.003644265093900357,38.68371508379888,0.42574257425742573,0.0,0.4657809598026869,3.0857824215880525,1.4959398293869919,0.1472228959495513,0.02982456140350877,0.1760797342192691,2.8587165186805046,1.9364833621254163,0.7299745888405098,Software—Application,Technology,SSNC
2018Q3,2018,Q3,2018-11-07,2018-09-30,57000000.0,992400000.0,180600000.0,0.23,412300000.0,0.41545747682386136,13279000000.0,4223000000.0,2136800000.0,1355600000.0,9056000000.0,0.0,808500000.0,13396016000.0,19349916000.0,17.60316798666111,1.576276187665978,0.5035093003991264,1.5832583471465782,0.008003682897694276,17.60316798666111,0.013497513615912858,13.498605401047964,58.75445614035088,3.1721562869997633,0.3385964912280702,0.0,0.0014407268549096986,0.07473454326379998,1.4467394511655356,0.004292491904510882,72.88365614798694,0.41545747682386136,1.8518518518518516,-0.10588521686333562,2.769452725577525,1.4073593941059044,0.4105371193978789,1.8948194662480378,4.562130177514793,2.329799243376351,1.852706673734,0.6431004396219713,Software—Application,Technology,SSNC
2018Q2,2018,Q2,2018-08-09,2018-06-30,-63700000.0,895800000.0,-50700000.0,-0.27,292300000.0,0.32630051350747935,13673500000.0,4203700000.0,2348300000.0,1538800000.0,9469800000.0,0.0,770900000.0,12295110000.0,18420310000.0,17.744617982271002,1.5260592669612685,0.5053790178081691,1.6438613602302734,-0.0017762075014530452,17.744617982271002,-0.015153317315698075,13.725284661754856,-48.253963893249605,2.9248305064585955,-0.26524332810047097,0.0,0.0013742048668129038,0.0655135846710791,1.404665973485833,-0.0046586462866127915,559.7846476051722,0.32630051350747935,-2.125,-2.671586928231247,2.4599036284470635,1.582737027298379,0.5196335827064347,-2.242926829268293,-1.583785277557083,-2.1738159716345673,2.035658956449873,0.43137575362038216,Software—Application,Technology,SSNC
2018Q1,2018,Q1,2018-05-10,2018-03-31,51250000.0,421929000.0,86847000.0,0.24,192349000.0,0.45588001772810116,5549584000.0,2815908000.0,386197000.0,374869000.0,2733676000.0,0.0,851495000.0,11103104520.0,13015597520.0,13.603880324455416,1.0302185563490178,0.3579673719687818,0.7054811449805889,0.014964948067121443,13.603880324455416,0.01820016847141313,26.315101640323373,54.161485463414635,3.942992640384558,0.2830048780487805,0.0,0.0013063013118424648,0.07602894198916531,0.9339129135778098,0.009234926437729387,188.71276973281664,0.45588001772810116,-0.6883116883116883,0.833405364554039,0.8672948065695283,0.974637397613953,-0.09649918033941933,-0.6900307852351835,-0.2334368986883683,0.5897981934774145,0.6697153867972534,0.7137595433870474,Software—Application,Technology,SSNC
2017Q4,2017,Q4,2018-02-28,2017-12-31,165339000.0,438365000.0,113294000.0,0.77,212893000.0,0.4856523673194712,5539516000.0,2686388000.0,359457000.0,443660000.0,2853128000.0,0.0,766856000.0,8345437759.999999,10326575760.0,13.0304711828562,0.8102082675923004,0.36920102767100954,0.7613177992158988,0.045659548396185155,13.0304711828562,0.06154695449800997,19.037646162444535,12.618677021150484,3.106564561783331,0.08733571631617465,0.0,0.0017302867045766574,0.07913416984444128,0.6941283866023531,0.029847192426197523,53.756563882894774,0.4856523673194712,1.5666666666666669,6.870452032015598,0.9538486117060178,0.9121481613376223,0.07278444335824318,1.574291185949834,0.0902354763898111,2.6748025505614637,0.776823401651566,0.623044380041089,Software—Application,Technology,SSNC
2017Q3,2017,Q3,2017-11-02,2017-09-30,64227000.0,418251000.0,103917000.0,0.3,198449000.0,0.47447346210768176,5598621000.0,2507639000.0,389068000.0,406066000.0,3090982000.0,0.0,615957000.0,8253555200.0,10367484200.0,12.19858635585305,0.9581398097846163,0.39602752177723766,0.8841814950238053,0.018801458386887737,12.19858635585305,0.025612538327885313,19.73349782785935,32.12650131564607,3.2913649851513713,0.22414249458950286,0.0,0.0017442180552690795,0.07470607494238313,0.842119261400856,0.01147193210613828,82.26736040507944,0.47447346210768176,0.25,1.7864073426573426,0.9305717214149932,0.8131003118031487,0.059592712827303405,0.2556352759476843,0.1548258043007168,0.27849058148831446,0.7648694272875357,0.5344813123667149,Software—Application,Technology,SSNC
2017Q2,2017,Q2,2017-08-04,2017-06-30,51151000.0,410980000.0,89985000.0,0.24,187288000.0,0.45571074018200397,5618401000.0,2418178000.0,378968000.0,423974000.0,3200223000.0,0.0,566126000.0,7856765499.999999,10065369500.0,11.821940845758983,0.8938472642190323,0.40918652833786695,0.9507050349477996,0.015613957943744344,11.821940845758983,0.021152702571936393,19.117148036400796,38.39986266153154,3.24904349473033,0.25035678676858714,0.0,0.0016299328266829397,0.07314892618024238,0.7693419879520914,0.009104191744234703,64.63335088311025,0.45571074018200397,0.04347826086956513,7.781129983839865,1.5968356052070265,0.8333962545949787,-0.015517241379310345,0.06239225704612956,0.002987170770311089,0.52578349540072,0.7697982195728703,0.4956764898569269,Software—Application,Technology,SSNC
2017Q1,2017,Q1,2017-05-05,2017-03-31,48147000.0,407699000.0,89717000.0,0.23,190240000.0,0.4666187555034474,5659083000.0,2329074000.0,407396000.0,477915000.0,3330009000.0,0.0,527780000.0,7199510400.0,9535217400.0,11.452059240028323,0.8524444723434084,0.4319691017078209,1.0495797900796626,0.015521271749218728,11.452059240028323,0.020672164130465583,17.658886580541036,37.38296467069599,3.0911471254240954,0.2640870666915903,0.0,0.0017660923164997445,0.07204329747416675,0.7457288429950932,0.008507915505038537,152.34479664818656,0.4666187555034474,-0.1785714285714286,1.0576938777215141,2.3263493160983044,0.761661723332831,-0.027527156549520766,-0.15565648948669836,-0.05869207121948149,0.4809067607568276,0.7849328531101325,0.5063975162887802,Software—Application,Technology,SSNC
2016Q4,2016,Q4,2017-02-28,2016-12-31,57023000.0,400924000.0,95311000.0,0.28,195625000.0,0.4879353692969241,5706971000.0,2258578000.0,415112000.0,560625000.0,3448393000.0,0.0,492349000.0,5802797000.0,8186369000.0,11.1317578057616,0.7404450390189521,0.43825875407462206,1.1073914648951686,0.01704395529346912,11.1317578057616,0.0252473016207543,14.473558579680937,25.440598530417553,2.569225858039882,0.2225067078196517,0.0,0.0021865317707994956,0.07025162735188246,0.6401159420289855,0.009991815272935503,34.36637627257168,0.4879353692969241,0.47368421052631593,2.2944794640564257,2.2096159882554613,0.7654021121212362,0.11609053098809313,0.471675226469146,0.23936647464988361,0.723606227115947,0.784761746887449,0.48991243446225424,Software—Application,Technology,SSNC
2016Q3,2016,Q3,2016-11-07,2016-09-30,38747000.0,383304000.0,76903000.0,0.19,175277000.0,0.45727933963642436,5622460000.0,2225188000.0,413907000.0,415822000.0,3397272000.0,0.0,448011000.0,6487291300.0,8875761300.0,11.027683341427878,0.9953946640629885,0.4429146672452983,1.1191279118887931,0.013189590524283383,11.027683341427878,0.017412910729340623,16.924663713397198,41.85673277931195,2.915390205232097,0.32678658992954296,0.0,0.0019518161609299095,0.06817371755423783,0.8159621184064335,0.006891467435962194,72.42543763676149,0.45727933963642436,0.35714285714285704,0.9929311537669396,2.114132447596505,0.7883379898680284,0.07797758890023247,0.37298465681584636,0.16454411920589973,-0.2773893995746234,0.7309428233016563,0.5081147386270566,Software—Application,Technology,SSNC
2016Q2,2016,Q2,2016-08-05,2016-06-30,28221000.0,373077000.0,66037000.0,0.14,162598000.0,0.4358296008598761,5688839000.0,2164430000.0,409385000.0,413882000.0,3524409000.0,0.0,421926000.0,5581321200.0,8086948200.0,10.88939199557266,0.9891345842534829,0.4571844975749885,1.201632300420896,0.011778610911523352,10.88939199557266,0.013038536704813738,14.960239307167154,49.44297863293292,2.578656366803269,0.4407001878034088,0.0,0.002228325436636759,0.06558051651663899,0.8085637935450201,0.004960766159843863,51.300794146843636,0.4358296008598761,3.0,0.6723068478712667,2.137349643311854,0.7430406104212134,0.10275556640691232,3.028693790149893,0.30911505828245184,-0.11735293705409877,0.7174202036774748,0.5849558406854278,Software—Application,Technology,SSNC
2016Q1,2016,Q1,2016-05-09,2016-03-31,7005000.0,324131000.0,50444000.0,0.035,147447000.0,0.45489940795542544,5790712000.0,2138926000.0,436689000.0,402334000.0,3651786000.0,0.0,406141000.0,6263359200.0,8885555200.0,10.828908464965574,1.0853892537046335,0.4704122740001575,1.2735466304117113,0.004685567931412911,10.828908464965574,0.003275008111547571,19.32354264170968,223.53173447537475,2.9282729743806004,1.763454675231977,0.0,0.001972264340196232,0.05597429124432367,0.9061600560728151,0.001209695802519621,459.15689465581704,0.45489940795542544,-0.4166666666666666,-0.46355669051578197,1.7424726381075701,0.7243724787302388,0.03681123955784322,-0.42097867416101836,0.04434598981408637,-0.7373863174822368,0.5032757928503142,0.5718432623829575,Software—Application,Technology,SSNC
2015Q4,2015,Q4,2016-02-29,2015-12-31,12098000.0,300888000.0,48302000.0,0.06,142212000.0,0.47264098269123395,5802242000.0,2105446000.0,675066000.0,416718000.0,3696796000.0,0.0,411493000.0,6667248200.0,8984440200.0,10.779469588367807,1.6199588210732438,0.4741875640485178,1.3067782313106107,0.009111509590015133,10.779469588367807,0.005746050955474517,22.158571295631596,137.77583484873531,3.1666678698954995,1.0113241858158373,0.0,0.001835089925105833,0.05185719589082979,1.449685398758873,0.002085056086940186,63.48792755389655,0.47264098269123395,1.3333333333333333,0.0040848956247507935,1.6611020965734644,0.8705995117375301,0.1021622878400372,1.3495521525570644,2.2304708400214017,-0.3921451964783292,0.4155389028062339,0.5818263717670343,Software—Application,Technology,SSNC
2015Q3,2015,Q3,2015-11-09,2015-09-30,-34610000.0,280894000.0,14952000.0,-0.18,129030000.0,0.45935477439888356,5777223000.0,2075247000.0,723971000.0,337883000.0,3701976000.0,0.0,411630000.0,6783584120.000001,9108716120.0,10.713385233291689,2.1426677281780973,0.4896715948129404,1.3631832740873737,0.002563834444971147,10.713385233291689,-0.01667753284307844,24.149978710830425,-49.00017422710199,3.2688080599562372,-0.3500433400751228,0.0,0.0017859290583987037,0.04862093777581374,1.9497577563831268,-0.005990767536582888,466.0655527310203,0.45935477439888356,-1.8181818181818183,-3.6069842439228443,1.5118750845850604,0.8592269807712746,0.24950370406236383,-1.8845328153751788,-0.7437576048396771,-2.5934594120925345,0.37595380187169963,0.5923518955643818,Software—Application,Technology,SSNC
2015Q2,2015,Q2,2015-07-29,2015-06-30,39128000.0,212768000.0,58351000.0,0.22,103265000.0,0.485340840727929,2836371000.0,2117514000.0,847755000.0,150697000.0,718857000.0,0.0,458355000.0,5337812500.0,5073610500.0,12.396897137169955,5.625559898339051,0.16415553536543703,0.21988331600168878,0.016750228546818142,12.396897137169955,0.018478272162545325,25.087477910212062,34.104813049478636,2.5207920703239743,0.2699345737068084,0.0,0.0019787131900942567,0.07501416422604801,5.471515690425158,0.013795092390946036,81.88084828961497,0.485340840727929,0.46666666666666673,6.453020201155532,1.1659612000816648,1.1854982822854614,0.10528963479898959,0.49081764840356623,0.35281570954953284,7.211861750222795,0.6099643957384099,0.9225628918656137,Software—Application,Technology,SSNC
2015Q1,2015,Q1,2015-05-01,2015-03-31,26246000.0,205735000.0,43133000.0,0.15,93428000.0,0.45411816171288305,2206739000.0,1337765000.0,219830000.0,168517000.0,868974000.0,0.0,429789000.0,5249584900.0,5756507900.0,7.938033300499626,1.3044974690980733,0.2697432727658323,0.4449608115027677,0.016256267874054004,7.938033300499626,0.01961929038358755,25.516246141881545,50.003666272955876,3.9241457954124974,0.40154690238512536,0.0,0.0020075873046647937,0.09323032764635963,1.1401342297809716,0.011893567839241522,187.55215791354055,0.45411816171288305,-0.2857142857142857,1.0987849704993058,0.8984770449184197,0.44663230074389254,-0.017736424328444515,-0.28303329964214496,-0.1952047765649781,0.3536533010458028,1.0256722463761927,0.22110173645914416,Software—Application,Technology,SSNC
2014Q4,2014,Q4,2015-02-26,2014-12-31,36607000.0,200731000.0,53595000.0,0.21,95115000.0,0.47384310345686514,2285322000.0,1346670000.0,235172000.0,191595000.0,938652000.0,0.0,414082000.0,4905497810.0,5434825810.0,8.028413358928805,1.2274433048879145,0.27956891851564025,0.4744332316009119,0.01983027160945077,8.028413358928805,0.02718334855606793,24.43816754761347,33.50109138962494,3.6426873770114434,0.0,0.0,0.0,0.08783488716250927,1.064411910540463,0.016018311642735684,58.206839469843494,0.47384310345686514,-0.10638297872340424,3.405734726286042,1.047745054812998,0.5108883182555916,0.04275612563723072,-0.10336297058319249,-0.014127255670216875,1.558236943425399,0.9437721372941895,0.2732380768740201,Software—Application,Technology,SSNC
2014Q3,2014,Q3,2014-11-05,2014-09-30,40827000.0,192598000.0,54363000.0,0.235,91215000.0,0.47360304883747495,2169859000.0,1328100000.0,198851000.0,147278000.0,841759000.0,0.0,387969000.0,3666219480.0,4192690480.0,7.949648039074845,1.3501744999253114,0.27723045598815405,0.45294104359611476,0.0230851937643952,7.949648039074845,0.030740908064151796,19.03560514647089,22.44972371224925,2.7604995708154507,0.0,0.0,0.0,0.08876060610389892,1.1217018156140088,0.01881550828878743,53.88171247170865,0.47360304883747495,0.5161290322580644,4.263985438810185,1.0209204927890476,0.5124440257952729,0.05464278694400444,0.4985134887135254,0.19771310229350725,1.5363035469812205,0.8899270807394248,0.2891789829464429,Software—Application,Technology,SSNC
2014Q2,2014,Q2,2014-08-06,2014-06-30,27245000.0,188722000.0,45389000.0,0.155,86489000.0,0.45828785197274297,2222431000.0,1313942000.0,200026000.0,142369000.0,908489000.0,0.0,347139000.0,3675477960.0,4270155960.0,7.904076132726966,1.404982826317527,0.3006608529128688,0.50854451718569,0.0160956354851127,7.904076132726966,0.020735314039736913,19.475620012505168,33.726169572398604,2.797290869764419,0.0,0.0,0.0,0.08491692205517291,1.144546916814756,0.012259098257718688,78.67706909838171,0.45828785197274297,0.03333333333333337,4.669560220952678,1.0386195892446868,0.0,0.025832928087675393,0.0301346037507562,-0.03479000531632111,0.9303906901820551,0.8975874911711376,0.2651877802549096,Software—Application,Technology,SSNC
2014Q1,2014,Q1,2014-05-07,2014-03-31,26448000.0,185810000.0,47025000.0,0.15,84311000.0,0.45374845272052095,2228367000.0,1257752000.0,201162000.0,140104000.0,970615000.0,0.0,319897000.0,3310534440.0000005,3962013440.0000005,7.602282343270231,1.4358048306971964,0.3275268391606948,0.5802813273204892,0.01594601429765268,7.602282343270231,0.021027992799852437,17.81677218664227,31.292861842105264,2.632104294010266,0.0,0.0,0.0,0.08338393092340714,1.1859618569062982,0.01186878104010695,94.74912535775617,0.45374845272052095,-0.03225806451612906,3.9510076397620724,1.1277582353877813,0.0,0.002282480771288294,-0.016108031695249433,-0.01654257988957671,1.4180684191111288,0.8769420874922434,0.21057136004830854,Software—Application,Technology,SSNC
2013Q4,2013,Q4,2014-02-27,2013-12-31,26881000.0,182522000.0,47816000.0,0.155,84119000.0,0.4608704704090466,2275324000.0,1231708000.0,221176000.0,167002000.0,1043616000.0,0.0,293449000.0,3648263280.0,4338300280.0,7.4714174794972585,1.3243913246547945,0.340394159249408,0.6288073147206968,0.01564389399794609,7.4714174794972585,0.021824166117294035,19.9880742047534,33.92975782150962,2.9619546840647293,0.0,0.0,0.0,0.08021802609210821,1.0520293170141675,0.011814141634334275,71.28855869939034,0.4608704704090466,-0.39215686274509803,2.0429661992264863,0.9573389747767922,0.5359298356838144,0.00971071900132037,-0.38156260065338427,-0.0010028413839211097,1.6432864658211763,0.9125546162753826,0.296541520393215,Software—Application,Technology,SSNC
2013Q3,2013,Q3,2013-11-06,2013-09-30,43466000.0,179505000.0,47864000.0,0.255,83310000.0,0.4641096348291134,2292832000.0,1196047000.0,217403000.0,161593000.0,1096785000.0,0.0,266568000.0,3115970400.0,3870554400.0,7.312230998728357,1.345373871392944,0.36468393672105065,0.6991021255853658,0.026441008802422318,7.312230998728357,0.03634138123334618,17.35868304504053,17.921883771223484,2.6052240421990107,0.0,0.0,0.0,0.07828964354998534,1.0362206283688031,0.01895734183751797,38.506801779535344,0.4641096348291134,0.6451612903225807,0.0,0.0,0.0,0.03239317933974423,0.664152532639075,0.05678707056433807,2.8773161348488476,0.900976969086168,0.268982386652286,Software—Application,Technology,SSNC
2013Q2,2013,Q2,2013-08-09,2013-06-30,26119000.0,177457000.0,45292000.0,0.155,80696000.0,0.45473551339197665,2282617000.0,1115572000.0,212341000.0,143867000.0,1167045000.0,0.0,223102000.0,2691315900.0,3541543900.0,6.870470278126771,1.4759534848158369,0.39902182451107654,0.8164546976797553,0.01627150193516228,6.870470278126771,0.023413101081776883,15.166017119640252,25.760135342088137,2.4124986105782504,0.0,0.0,0.0,0.07774278383101502,1.0979446294146677,0.011442567894657755,61.931974871134024,0.45473551339197665,0.19230769230769226,4.564588398645762,0.9625500363088867,0.0,0.06491415601039893,0.21886228942087824,0.07848366511096296,4.23363398054832,0.9003764909203514,0.21122252005449713,Software—Application,Technology,SSNC
2013Q1,2013,Q1,2013-05-07,2013-03-31,21429000.0,173218000.0,41996000.0,0.13,75777000.0,0.43746608320151487,2306105000.0,1093195000.0,205386000.0,132314000.0,1212910000.0,0.0,196983000.0,2344497000.0,3243132000.0,6.889305520544492,1.5522620433211904,0.4195268645616743,0.8849958150192784,0.014735591202046509,6.889305520544492,0.019602175275225373,13.534950178387927,27.35191796164077,2.1446283599906697,0.0,0.0,0.0,0.07511279841984646,1.2117689738047372,0.009292291547869676,127.4390933304343,0.43746608320151487,0.368421052631579,3.1824570989265855,1.06811672349107,0.0,0.0032967905942167144,0.33248352195000624,-0.018188619254687427,0.8199164347972533,0.6975982165372315,0.25551147474848623,Software—Application,Technology,SSNC
2012Q4,2012,Q4,2013-03-01,2012-12-31,16082000.0,171755000.0,42774000.0,0.095,75528000.0,0.43974265669121715,2362905000.0,1075503000.0,206917000.0,160252000.0,1287402000.0,0.0,175554000.0,1822078080.0,2748056080.0,6.814571928223844,1.2911976137583305,0.42834477052611086,0.941083381450354,0.011214191554744311,6.814571928223844,0.014953003385392695,10.608588279817182,28.32480537246611,1.6941636425002997,0.0,0.0,0.0,0.07268806828882245,1.1098145420961985,0.006806029019363876,28.056573918667137,0.43974265669121715,-0.09523809523809519,1.217647406264764,0.9330083136989492,0.3523620239117535,0.051570505680552464,-0.08702810105024127,0.14844945630285944,1.0570870825963088,0.862212513399918,0.28245229286993817,Software—Application,Technology,SSNC
2012Q3,2012,Q3,2012-11-08,2012-09-30,17615000.0,165562000.0,37245000.0,0.105,71824000.0,0.43381935468283783,2381263000.0,1056946000.0,208652000.0,141163000.0,1324317000.0,0.0,159472000.0,1955059720.0,2945602720.0,6.72802617507766,1.4780927013452534,0.44967649520443564,1.013105683734079,0.01420206265394607,6.72802617507766,0.01666594130636759,11.808625892414927,27.747086573942664,1.8497252650561145,0.0,0.0,0.0,0.06952696951155753,1.2195334471497488,0.007397334943683247,94.66226310947562,0.43381935468283783,4.0,5.137554739870386,1.018201440129337,0.35003836254970844,0.2437056277056277,4.058159722222222,0.7629934677648396,1.4152806739994537,0.8474635016864862,0.28002685702229535,Software—Application,Technology,SSNC
2012Q2,2012,Q2,2012-08-09,2012-06-30,-5760000.0,120850000.0,21126000.0,-0.035,57750000.0,0.4778651220521307,2438849000.0,1007169000.0,265491000.0,188009000.0,1431680000.0,0.0,141857000.0,1952450000.0,2965034000.0,6.448110066839099,1.4121185687919195,0.47032678119883603,1.1388912883537916,0.009027812743471001,6.448110066839099,-0.005719000485519312,16.155978485726106,-84.74175347222223,1.938552517005587,0.0,0.0,0.0,0.0495520632888711,1.1679866389374978,-0.0023617698348688252,104.3365574734142,0.4778651220521307,-1.3181818181818183,-3.233338849271748,0.5591368485687548,0.33606161150532854,0.23336821647480938,-1.3220936084549573,-0.04281636536631779,-2.275675504219082,0.38936223463556063,0.0,Software—Application,Technology,SSNC
2012Q1,2012,Q1,2012-05-10,2012-03-31,17883000.0,93675000.0,22071000.0,0.11,46823000.0,0.4998452095009341,1217270000.0,1010445000.0,107342000.0,82232000.0,206825000.0,0.0,147617000.0,1813160939.9999998,1856216939.9999998,6.500714120281016,1.3053555793365113,0.06982838647136626,0.08412135247341518,0.014048123122223803,6.500714120281016,0.017698142897436278,19.35586805444355,25.347549907733598,1.794418241467868,0.0,0.0,0.0,0.07695498944359098,1.1566178616596945,0.014691071003146384,153.3847339480585,0.4998452095009341,0.2894389140271494,81.8479623306851,0.3103217344557119,0.3976531909595733,-0.024886500895497522,0.34864253393665157,-0.0681443951868271,2.56320284842421,0.14176390297880936,0.0,Software—Application,Technology,SSNC
2011Q4,2011,Q4,2012-03-12,2011-12-31,13260000.0,95695000.0,23685000.0,0.08530842275920636,48018000.0,0.5017817022832959,1207608000.0,980103000.0,95559000.0,84488000.0,227505000.0,0.0,129734000.0,1403587080.0,1463269080.0,6.305508376437891,1.1310363601931634,0.08280832853045028,0.10203009275555733,0.015833774541883686,6.305508376437891,0.0135291902993869,14.667297977950781,26.462803167420812,1.4320811996290184,0.0,0.0,0.0,0.0792434299872144,1.0358749171479973,0.010980384363137707,38.03655944283353,0.5017817022832959,-0.052128636008818195,13.27330763886002,0.38602253708326284,0.36124506034740417,0.0036368196639077,-0.110007383045842,-0.016811955168119553,0.5920194820192347,0.08841174167140552,0.29624913493347493,Software—Application,Technology,SSNC
2011Q3,2011,Q3,2011-11-14,2011-09-30,14899000.0,94323000.0,24090000.0,0.09,47844000.0,0.5072357749435451,1248504000.0,953517000.0,135564000.0,77748000.0,294987000.0,0.0,116473000.0,1104831350.0,1201343350.0,6.1664424755868845,1.7436332767402376,0.1383151355542313,0.18110531852080247,0.015016547029257244,6.1664424755868845,0.015625311347359304,11.713276189264548,18.53868296529968,1.158690773211175,0.0,0.0,0.0,0.07554881682397493,1.5527344754849,0.011933481991247125,38.096319092445086,0.5072357749435451,0.12499999999999993,31.628366536563064,0.41388163627316366,0.0,0.03634709526491357,0.1436137549892539,0.05219480235859358,0.0,0.0,0.0,Software—Application,Technology,SSNC
2011Q2,2011,Q2,2011-08-12,2011-06-30,13028000.0,91803000.0,22895000.0,0.08,46166000.0,0.5028811694606931,1286235000.0,958644000.0,143782000.0,76299000.0,327591000.0,0.0,101575000.0,1524505880.0,1645615880.0,6.247354152546791,1.8844545800076016,0.158409621880916,0.21254188207509775,0.013132267831936576,6.247354152546791,0.013590029249648462,16.6062751761925,29.254411268038076,1.590273219255532,0.0,0.0,0.0,0.07137342709535971,1.6693534646587767,0.010128786730263132,56.69837399583457,0.5028811694606931,0.3333333333333334,4.775882926255455,0.43581913979164283,0.0,0.037158519051042414,0.32479153955664025,-0.00917470896265201,1.937001431776477,0.07432178949836367,0.0,Software—Application,Technology,SSNC
2011Q1,2011,Q1,2011-05-13,2011-03-31,9834000.0,89007000.0,23107000.0,0.06,44512000.0,0.5000954981068905,1287893000.0,934137000.0,136756000.0,79242000.0,353756000.0,0.0,88547000.0,1518737500.0000002,1672437500.0000002,6.279912605042017,1.7258019737008152,0.1743428996042373,0.24036624178252228,0.013240352660563648,6.279912605042017,0.01052736375927728,17.063124248654603,38.60935275574538,1.6258188038799448,0.0,0.0,0.0,0.06911055499175786,1.596514474647283,0.007635727502207093,152.04099509460409,0.5000954981068905,-0.027353966870095923,36.56241183907191,0.5040504830651376,0.0,0.04446582349766525,0.07170880557977333,0.09798051793775243,1.047505190767944,0.13363020072220225,0.0,Software—Application,Technology,SSNC
2010Q4,2010,Q4,2011-03-11,2010-12-31,9176000.0,86110000.0,21045000.0,0.06168739495798319,42617000.0,0.49491348275461616,1275726000.0,857183000.0,139690000.0,76374000.0,418543000.0,0.0,78713000.0,1525431250.0,1731382250.0,5.762574789915966,1.8290255846230392,0.22794393153388737,0.33924377874969525,0.011765875018762511,5.762574789915966,0.010704831990368452,17.71491406340727,41.560354457279864,1.779586447701366,0.0,0.0,0.0,0.06749882027958982,1.7070469007777516,0.007192767098891141,58.600562790519,0.49491348275461616,-0.050963154492566304,9.874954562179902,0.3032546156240272,0.24403553200685452,0.04797619633108739,-0.06880454637710574,0.07454684707684453,0.34252355979985977,0.028238815418632653,0.1435916133714947,Software—Application,Technology,SSNC
2010Q3,2010,Q3,2010-11-10,2010-09-30,9854000.0,83003000.0,19585000.0,0.065,40666000.0,0.4899340987675144,1245639000.0,828489000.0,145508000.0,74444000.0,417150000.0,0.0,69537000.0,1135846200.0,1339275200.0,5.762279347327129,1.9545967438611573,0.23313656685444178,0.35052245714789215,0.012781289978010132,5.762279347327129,0.011893941862837045,13.684399359059311,28.816881469454028,1.3709852514638095,0.0,0.0,0.0,0.06663487575453242,1.7705792273386707,0.007910799196235828,49.17934707308625,0.4899340987675144,1.1666666666666667,22.208768036113863,0.33810611614592706,0.0,-0.00029499975416687153,1.2590554791380102,-0.010308757390469452,2.7514397681066534,0.10552947538298013,0.15625266195248205,Software—Application,Technology,SSNC
2010Q2,2010,Q2,2010-08-09,2010-06-30,4362000.0,81618000.0,19789000.0,0.03,40678000.0,0.4983949618956603,1248612000.0,805019000.0,148757000.0,73589000.0,443593000.0,0.0,59683000.0,1137488800.0,1364000800.0,5.67234357384442,2.0214570112380925,0.25259888580279544,0.3917895105581359,0.012102168231616157,5.67234357384442,0.005418505650177201,13.936739444730328,65.19307657038057,1.412996214996168,0.0,0.0,0.0,0.06536698349847671,1.9231950427373656,0.0034934791592584405,172.24239854633555,0.4983949618956603,-0.5714285714285715,1.0909513245164724,0.38021404660948344,0.0,0.04270480877678663,-0.5164615896242102,0.018948560836208227,4.528356956478692,0.1589103323664531,0.17532120539585383,Software—Application,Technology,SSNC
2010Q1,2010,Q1,2010-05-14,2010-03-31,9021000.0,78174000.0,19421000.0,0.07,39012000.0,0.4990406017345921,1205101000.0,667085000.0,79925000.0,83838000.0,538016000.0,0.0,55321000.0,916637800.0,1291612800.0,5.4872501439499874,0.95332665378468,0.32873925090096184,0.5938733444763411,0.016014674681391564,5.4872501439499874,0.013523014308521403,11.725609537697956,25.402887706462696,1.37409445572903,0.0,0.0,0.0,0.06486925162289302,0.8599322502922303,0.0074856796235336295,63.24693300213897,0.4990406017345921,0.4131351710395218,40.915929203539825,0.6163341259175025,0.0,0.09280371999215664,0.49800730654267683,0.015105582270541502,53.14450867052023,0.398111385341775,0.17975848981858433,Software—Application,Technology,SSNC
2009Q4,2009,Q4,2010-02-26,2009-12-31,6022000.0,71045000.0,19132000.0,0.0495352471826931,35699000.0,0.5024843409106904,1185641000.0,645987000.0,69268000.0,83878000.0,539654000.0,0.0,46300000.0,916637800.0,1294841800.0,5.313704038825368,0.8258184506068338,0.3350584198758309,0.614964387828238,0.011157501288875361,5.313704038825368,0.009322169021977222,12.902214089661483,38.05371139156426,1.4189725180228085,0.0,0.0,0.0,0.05992117344120185,0.7311094685137939,0.005079109106382118,67.97462365591397,0.5024843409106904,0.1007832707265134,8.126627218934912,0.31564814814814807,0.14713246627788865,0.04701431252932895,0.07401462457642233,0.0831682047217347,8.126627218934912,0.31564814814814807,0.14713246627788865,Software—Application,Technology,SSNC
2009Q3,2009,Q3,2009-11-13,2009-09-30,5607000.0,68897000.0,17663000.0,0.045,34096000.0,0.4948836669230881,1165854000.0,634818000.0,95895000.0,74875000.0,531036000.0,0.0,40278000.0,910651040.0,1260754040.0,5.256160164271047,1.2807345575959934,0.34529538003901006,0.6341408088617525,0.011668011318986576,5.256160164271047,0.008832452765989622,13.217571737521228,40.60331014802925,1.434507276101182,0.0,0.0,0.0,0.059095735829700805,1.2031919866444074,0.004809350055838896,38.711572861758206,0.4948836669230881,0.5,14.721062062358861,0.3222356856132639,0.0,0.04173541093797739,0.6061300486966485,0.11544047994947901,14.721062062358861,0.3222356856132639,0.0,Software—Application,Technology,SSNC
2009Q2,2009,Q2,2009-08-14,2009-06-30,3491000.0,67251000.0,15835000.0,0.03,32730000.0,0.48668421287415803,,,,,,,,910560560.0,,,0.0,0.0,0.0,0.0,,0.0,13.539732643380768,65.20771698653681,0.0,0.0,0.0,0.0,0.0,0.0,0.0,97.3445114389566,0.48668421287415803,0.0,0.9665917979351646,0.3364888935763597,0.0,0.06786296900489397,-0.10441251924063623,0.09410626684170524,0.9665917979351646,0.3364888935763597,0.0,Software—Application,Technology,SSNC
2009Q1,2009,Q1,2009-05-15,2009-03-31,3898000.0,63722000.0,14473000.0,0.03,30650000.0,0.480995574526851,,,,,,,,910258960.0,,,0.0,0.0,0.0,0.0,,0.0,14.284846050029817,58.379871729091846,0.0,0.0,0.0,0.0,0.0,0.0,0.0,83.28078316559927,0.480995574526851,-0.44014221672592363,18.36865527834572,0.3267558345807579,0.0,-0.07583295642997136,-0.3974339155974648,-0.1178227477752042,18.36865527834572,0.3267558345807579,0.0,Software—Application,Technology,SSNC
2008Q4,2008,Q4,2009-03-31,2008-12-31,6469000.0,68287000.0,16406000.0,0.05358503694377257,33165000.0,0.4856707718892322,1127353000.0,587253000.0,75721000.0,66872000.0,540100000.0,0.0,27282000.0,910258960.0,1289685960.0,4.864426294688712,1.1323274315109464,0.3625536987970937,0.6959964444626081,0.013116554318780909,4.864426294688712,0.011015695109262959,13.32990115248876,35.17773071572113,1.5500286248005544,0.0,0.0,0.0,0.06057286404524581,1.0111406866850101,0.00573822041543332,50.59805225125069,0.4856707718892322,0.0,8.709269752963824,0.27343585521673547,0.050141538121269334,0.0,0.0,0.0,8.709269752963824,0.27343585521673547,0.050141538121269334,Software—Application,Technology,SSNC
2007Q4,2007,Q4,2007-12-31,2007-12-31,5586000.0,68443000.0,14183000.0,0.04594883606152834,33680000.0,0.49208830705842815,1190495000.0,612593000.0,69475000.0,61459000.0,577902000.0,0.0,8481000.0,916637800.0,1340471800.0,5.039014559513038,1.130428415691762,0.3721216804774485,0.7231701961987812,0.016071334831288836,5.039014559513038,0.009118615459203745,13.392718028140203,41.02389008234873,1.4963243132063213,0.0,0.0,0.0,0.05749121163885611,0.9554499747799345,0.004692165863779353,62.88247238800851,0.49208830705842815,1.5150832958126972,7.610650887573965,0.2674629629629629,0.08783198255471178,0.08247091341518288,1.515083295812697,0.02021291900445979,7.610650887573965,0.2674629629629629,0.08783198255471178,Software—Application,Technology,SSNC
2007Q3,2007,Q3,2007-09-30,2007-09-30,2221000.0,63483000.0,13902000.0,0.018269309862630582,31114000.0,0.4901154639824835,1198394000.0,605854000.0,67817000.0,64375000.0,592540000.0,0.0,2895000.0,916637800.0,1355448800.0,4.983581475693017,1.0534679611650486,0.37755195703583294,0.7468069865016984,0.01050599193711819,4.983581475693017,0.003665899705209506,14.439106532457508,103.17850067537145,1.512968140839212,0.0,0.0,0.0,0.05297339606172928,0.8969631067961165,0.0018533136848148438,59.333147776555116,0.4901154639824835,3.097261567516525,5.186629526462395,0.21037579362809591,0.0,0.11042112776588152,3.097261567516525,0.4484267555740779,5.186629526462395,0.21037579362809591,0.0,Software—Application,Technology,SSNC
2007Q2,2007,Q2,2007-06-30,2007-06-30,-1059000.0,60328000.0,9598000.0,-0.008711030681911655,28020000.0,0.46446094682402866,1177600000.0,586722000.0,58619000.0,55359000.0,590878000.0,0.0,674000.0,916637800.0,1367184800.0,4.82620712346796,1.0588883469715855,0.3915395720108696,0.7858525843585207,0.008957158709884406,4.82620712346796,-0.0018049433973841105,15.194234849489458,-216.39230406043438,1.5623034418344635,0.0,0.0,0.0,0.05122961956521739,0.9059231561263751,-0.0008992866847826087,172.75495665284583,0.46446094682402866,-5.121595700570383,-1.5926133184107443,0.19095844437863982,0.0,0.058476881233000905,-5.121387283236994,-0.13116683262424186,-1.5926133184107443,0.19095844437863982,0.0,Software—Application,Technology,SSNC
2007Q1,2007,Q1,2007-03-31,2007-03-31,-173000.0,55914000.0,11047000.0,-0.001423,26472000.0,0.4734413563687091,1161411000.0,565442000.0,59715000.0,61197000.0,595969000.0,0.0,1733000.0,916637800.0,1368201800.0,4.6511639384716625,0.9757831266238541,0.39663908814364596,0.814691869369449,0.007540541709395283,4.6511639384716625,-0.00030595534113136275,16.39370819472762,-1324.6210982658959,1.6210995999589701,0.0,0.0,0.0,0.04814316378956287,0.8437831919865353,-0.00014895674313399821,65.43673615077098,0.4734413563687091,0.7952732426035504,0.23451327433628316,0.15608394500155068,0.0,-0.040626245786974956,0.7952662721893491,0.04979568564097691,0.23451327433628316,0.15608394500155068,0.0,Software—Application,Technology,SSNC
2008Q3,,,,,,,,,,,,,,,,,,0.0,,0.0,0.0,0.0,0.0,0.0,0.0,0.0,0.0,0.0,0.0,0.0,0.0,,0.0,0.0,0.0,0.0,0.0,0.0,-1.0,-1.0,0.0,0.0,0.0,0.0,-1.0,-1.0,0.0,Software—Application,Technology,SSNC
