Quarters,Year,Quarter,FillingDate,Date,NetIncome,Revenue,OperatingIncome,EPSDiluted,GrossProfit,GrossProfitRatio,TotalAssets,CommonStockEquity,CurrentAssets,CurrentLiability,TotalLiability,Inventory,RetainedEarnings,MarketCap,EnterpriseValue,bookValuePerShare,currentRatio,debtToAssets,debtToEquity,roic,shareholdersEquityPerShare,roe,priceToSalesRatio,peRatio,pbRatio,payoutRatio,inventoryTurnover,dividendYield,assetTurnover,quickRatio,returnOnAssets,priceToFreeCashFlowsRatio,grossProfitMargin,epsdilutedGrowth,fiveYNetIncomeGrowthPerShare,fiveYRevenueGrowthPerShare,fiveYShareholdersEquityGrowthPerShare,grossProfitGrowth,netIncomeGrowth,operatingIncomeGrowth,threeYNetIncomeGrowthPerShare,threeYRevenueGrowthPerShare,threeYShareholdersEquityGrowthPerShare,Industry,Sector,Symbol
2023Q1,2023,Q1,2023-05-11,2023-03-31,-7702353.0,0.0,-8382649.0,-0.0901,0.0,0.0,30366676.0,4971600.0,29511949.0,24337948.0,25395076.0,7082452.0,-149117141.0,88938241.60000001,69501729.60000001,0.05813544215607699,1.212589861725401,0.01293826166551782,0.07902727492155442,-1.3944032299228293,0.05813544215607699,-1.5492704561911659,0.0,-2.8867231091589804,17.889259312897256,0.0,0.0,0.0,0.0,0.9133108510216227,-0.25364491655260524,-5.518092124427435,0.0,-1.018056112224449,0.8979604763996188,0.0,-0.9680866755352056,-1.0,-1.0182655331902668,0.48352703882741743,0.4959013099944776,0.0,-0.569536516897896,Biotechnology,Healthcare,DARE
2022Q4,2022,Q4,2023-03-30,2022-12-31,421687827.0,10000000000.0,-16230567.0,4.99,10000000000.0,1.0,43826383.0,11112110.0,43038753.0,31623927.0,32714273.0,0.0,-141074640.0,70194598.14999999,36013730.14999999,0.13139260773729494,1.3609553614261758,0.011151661774141845,0.043982375984399004,35.5089048536717,0.13139260773729494,37.94849286049184,0.007019459814999999,0.04161526231939344,6.3169459400599886,0.0,0.0,0.0,228.1730618746247,1.1501659803350799,9.621780264184704,-11.898662068773794,1.0,62.30221130221131,5.742163362554536,0.0,-0.9141575039986041,0.0,62.10626943498472,-1.273572997564154,31.69145949581508,0.0,6.09364852121369,Biotechnology,Healthcare,DARE
2022Q3,2022,Q3,2022-11-10,2022-09-30,-6900893.0,0.0,-7138793.0,-0.0814,0.0,0.0,50376432.0,26343772.0,49567085.0,22838073.0,24032660.0,0.0,-125131417.0,84822516.0,45015692.0,0.3105752250970721,2.1703707226086895,0.011567353559299318,0.022119915097959398,-0.2551082303928762,0.3105752250970721,-0.2619553874061771,0.0,-3.0728818719548325,3.219831844885387,0.0,0.0,0.0,0.0,1.8688786483868407,-0.13698653767301344,9.926304582231062,0.0,-17.958333333333336,0.7510781803906255,0.0,-0.9309497737590443,-1.0,-17.66890419760482,-19.575030833519808,0.5999768283870373,0.0,1.862694490755743,Biotechnology,Healthcare,DARE
2022Q2,2022,Q2,2022-08-09,2022-06-30,413998.0,10000000.0,384322.0,0.0048,10000000.0,1.0,51394340.0,33033459.0,50112631.0,16536936.0,18360881.0,0.0,-118111574.0,104159800.95,73237089.95,0.3900847947040936,3.0303455851797456,0.022335163755386293,0.03474964580609012,0.011658063825241536,0.3900847947040936,0.01253268693417786,10.415980095,62.898734383982536,3.153160586361846,0.0,0.0,0.0,0.19457395503084582,2.673304353357841,0.00805532282348601,-12.327582574900326,1.0,1.048,1.003432381316796,-0.46600428499400304,-0.7209976888858223,0.0,1.0493037244380092,1.0457501735919115,1.019920688902138,0.0,0.23595237904718575,Biotechnology,Healthcare,DARE
2022Q1,2022,Q1,2022-05-12,2022-03-31,-8396891.0,0.0,-8400449.0,-0.1,0.0,0.0,49186582.0,30878910.0,47817188.0,16394559.0,18307672.0,0.0,-118525572.0,125076737.31,86967413.31,0.3678507841627357,2.916649847062065,0.024551146896118946,0.03910717703442252,-0.2522571164046306,0.3678507841627357,-0.2719296438896321,0.0,-3.7239002301566138,4.050555453868029,0.0,0.0,0.0,0.0,2.503681983760588,-0.17071507428590993,-10.129290083289426,0.0,0.23076923076923075,0.9542070511474045,-1.0,-0.8620995315970386,0.0,0.12003314511488396,0.11966027829195137,0.6256181753523474,0.0,0.11143935438128319,Biotechnology,Healthcare,DARE
2021Q4,2021,Q4,2022-03-31,2021-12-31,-9542281.0,0.0,-9542281.0,-0.13,0.0,0.0,55807177.0,38754321.0,55296016.0,16052856.0,17052856.0,0.0,-110126902.0,141551016.0,90147475.0,0.5475668362564067,3.444621692239686,0.004847871090128784,0.0069810538030068954,-0.24283447536230246,0.5475668362564067,-0.24622495643776085,0.0,-3.7085214740584562,3.652522153594176,0.0,0.0,0.0,0.0,3.2903431015639835,-0.17098662775936507,-14.27515709871591,0.0,0.27777777777777773,0.9208785873046835,-1.0,-0.878802840286098,0.0,0.24670736263846435,0.24679702803794826,0.4719831770466186,0.0,-0.07020218743123378,Biotechnology,Healthcare,DARE
2021Q3,2021,Q3,2021-11-10,2021-09-30,-12667429.0,0.0,-12668937.0,-0.18,0.0,0.0,48811476.0,31888591.0,48243154.0,15907086.0,16922885.0,0.0,-100584621.0,118195098.36,73008127.36,0.4505596907902095,3.0328090261157827,0.007863109896533348,0.012035966092073495,-0.38794877335891786,0.4505596907902095,-0.397240160281776,0.0,-2.3326576047909957,3.7065011232387155,0.0,0.0,0.0,0.0,2.8746326008421654,-0.25951743397392857,90.51498296455755,0.0,0.0,0.9507873619879333,0.0,-0.9257606190505212,0.0,-0.38249189571996445,-0.38263006816818124,0.20591849293979594,0.0,-0.46300049884234107,Biotechnology,Healthcare,DARE
2021Q2,2021,Q2,2021-08-12,2021-06-30,-9162751.0,0.0,-9162926.0,-0.18,0.0,0.0,14822410.0,7744004.0,14059220.0,6004890.0,7078406.0,0.0,-87917192.0,95325160.77,86705881.77,0.15353939549406123,2.341295177763456,0.03322415180797185,0.06359268409468796,-1.0497195073667693,0.15353939549406123,-1.183205871277959,0.0,-2.60088811673481,12.309544361030804,0.0,0.0,0.0,0.0,2.0095565447493624,-0.6181687728243923,-8.084258376447892,0.0,-0.12499999999999993,0.9542206885606775,0.0,-0.9837405345328032,0.0,-0.2511191150197907,-0.19099051229253033,0.42072841252767745,0.0,-0.8564612042796461,Biotechnology,Healthcare,DARE
2021Q1,2021,Q1,2021-05-13,2021-03-31,-7323644.0,0.0,-7693534.0,-0.16,0.0,0.0,10518453.0,3258233.0,9599075.0,6108434.0,7260220.0,0.0,-78754441.0,75209363.58,68145446.58,0.07321447101653562,1.5714461349668343,0.05668457139086898,0.1829930517553533,-1.7286117400382546,0.07321447101653562,-2.2477348918877196,0.0,-2.567347743145352,23.082868407507995,0.0,0.0,0.0,0.0,1.3034414385094444,-0.6962662665317799,-8.978062421996379,0.0,0.40740740740740744,0.9667480435290057,0.0,-0.9944325342155576,0.0,0.13242128893350985,0.08850161749225612,0.8135586583982326,0.0,-0.959809075455277,Biotechnology,Healthcare,DARE
2020Q4,2020,Q4,2021-03-30,2020-12-31,-8441475.0,0.0,-8440535.0,-0.27,0.0,0.0,7550712.0,-1151733.0,6983912.0,7660601.0,8702445.0,0.0,-71430797.0,42328123.68,38415497.68,-0.036460917371804465,0.9116663300960329,0.10023438849210511,-0.6571323388320036,1581.809407796102,-0.036460917371804465,7.329368004563558,0.0,-1.253576053947918,-36.751680884371645,0.0,0.0,0.0,0.0,0.669612606112758,-1.1179707291179957,-4.60282069614741,0.0,-0.1250000000000001,0.9317121006037036,0.0,-1.0020467902183174,0.0,-0.11323865776372025,-0.11325945135615159,0.7458411915013144,0.0,-1.023820945543255,Biotechnology,Healthcare,DARE
2020Q3,2020,Q3,2020-11-12,2020-09-30,-7582808.0,0.0,-7581822.0,-0.24,0.0,0.0,7661742.0,-1385888.0,6984436.0,7964666.0,9047630.0,0.0,-62989323.0,31547087.402400002,27017569.402400002,-0.04387366503744822,0.8769276702877434,0.1122324400899952,-0.6204657230598721,227.1298642940595,-0.04387366503744822,5.4714435798563805,0.0,-1.0400859220753051,-22.76308576335173,0.0,0.0,0.0,0.0,0.703478840167309,-0.9896976431730539,-5.889263302264524,0.0,0.1111111111111112,0.9378719392075402,0.0,-1.0020429762436167,0.0,-0.06437132073395335,-0.06399127343884524,0.26552898059009256,0.0,-1.0097544370962261,Biotechnology,Healthcare,DARE
2020Q2,2020,Q2,2020-08-12,2020-06-30,-7124213.0,0.0,-7125831.0,-0.27,0.0,0.0,8570370.0,311255.0,7776865.0,6083845.0,8259115.0,0.0,-55399652.0,26406247.45,22018875.45,0.01165279896670816,1.2782812514125523,0.11195549317007317,3.08268140270839,-3.824984299264078,0.01165279896670816,-22.888670061525115,0.0,-0.9266373510309139,84.83798637772888,0.0,0.0,0.0,0.0,0.9079792466770603,-0.8312608440475732,-6.437150599049672,0.0,-0.5000000000000001,0.9281431581587011,0.0,-0.9995439708339979,0.0,-0.6753992241280377,-0.6750623932051878,0.8127408149146459,-1.0,-0.9916655099434811,Biotechnology,Healthcare,DARE
2020Q1,2020,Q1,2020-05-14,2020-03-31,-4252248.0,0.0,-4254069.0,-0.18,0.0,0.0,10213965.0,3214183.0,9321811.0,4715582.0,6999782.0,0.0,-48275439.0,20229486.599999998,15870756.599999998,0.13505313328119756,1.9768102855596617,0.06741701190477939,0.21423640159878887,-0.9265352651592454,0.13505313328119756,-1.322963876045639,0.0,-1.189340708726302,6.293819175821663,0.0,0.0,0.0,0.0,1.1614784770999635,-0.41631707177379207,-3.0662138013133973,0.0,-0.10796127623618798,0.9568576026563547,0.0,-0.9931983628452394,0.0,-0.0997772382666018,-0.10185919535019854,0.918205703574463,-1.0,-0.9493710734336083,Biotechnology,Healthcare,DARE
2019Q4,2019,Q4,2020-03-27,2019-12-31,-3866463.0,0.0,-3860810.0,-0.1624605515198789,0.0,0.0,7442788.0,440826.0,6443932.0,5612406.0,7001962.0,0.0,-44023191.0,19515504.72,15535849.719999999,0.018522570908942396,1.1481585615865995,0.10754733306927458,1.8158003384555357,-1.8909503215410461,0.018522570908942396,-8.770950443031944,0.0,-1.2618447868245475,44.27031236814525,0.0,0.0,0.0,0.0,0.9506291953932057,-0.519491217538374,-5.123950909015005,0.0,0.18769724240060556,0.9557230269621954,0.0,-0.9991683518909852,0.0,-0.13951491831310686,-0.1293709699641573,0.9046605263564156,-1.0,-0.995900257582963,Biotechnology,Healthcare,DARE
2019Q3,2019,Q3,2019-11-12,2019-09-30,-3393078.0,0.0,-3418549.0,-0.2,0.0,0.0,3882018.0,1809992.0,3243465.0,1888830.0,2072026.0,0.0,-40156729.0,13013060.58,10761136.58,0.10849052391024833,1.7171820650879115,0.04719091977419991,0.10121370702190949,-1.5707471659413044,0.10849052391024833,-1.8746370149702318,0.0,-0.9587946828808533,7.189568009140372,0.0,0.0,0.0,0.0,1.3092544061667806,-0.8740500430446226,-4.092066051355457,0.0,0.3103448275862068,0.9263594435345641,0.0,-0.9958438187337842,0.0,0.14152538299029715,0.1415967202107446,0.9440783268732886,0.0,-0.9821238572854674,Biotechnology,Healthcare,DARE
2019Q2,2019,Q2,2019-08-14,2019-06-30,-3952450.0,0.0,-3982451.0,-0.29,0.0,0.0,7260932.0,5083055.0,6561546.0,1973929.0,2177877.0,0.0,-36763651.0,13143496.157200001,7512927.157200001,0.3156147448049866,3.3241043624162776,0.0,0.0,-0.7834758821220703,0.3156147448049866,-0.7775737228890893,0.0,-0.8313511971814951,2.585747381682866,0.0,0.0,0.0,0.0,3.1022331603618976,-0.5443447204849184,-4.354685991779321,0.0,-0.07407407407407393,0.9440295247456962,-1.0,-0.9907819889582559,0.0,-0.29510393729684387,-0.2917156302920043,0.9381573667087928,0.0,-0.9665771313767266,Biotechnology,Healthcare,DARE
2019Q1,2019,Q1,2019-05-14,2019-03-31,-3051840.0,0.0,-3083071.0,-0.27,0.0,0.0,5019855.0,3780369.0,4260263.0,1016447.0,1239486.0,0.0,-32021607.0,16333690.229999999,12828664.229999999,0.3309679315499055,4.191328224688547,0.0,0.0,-0.8155476356937643,0.3309679315499055,-0.8072862728479681,0.0,-1.3380198691608995,4.320660292685713,0.0,0.0,0.0,0.0,3.612327056895244,-0.6079538153990504,-4.936910751268557,0.0,-0.05741364455236158,0.8256547111803056,-1.0,1.0064853043060775,0.0,-0.0463862807863532,-0.042086057493568654,0.9460130651584172,0.0,-0.974832125274311,Biotechnology,Healthcare,DARE
2018Q4,2018,Q4,2019-04-01,2018-12-31,-2916552.0,0.0,-2958557.0,-0.25534,0.0,0.0,7827387.0,6726620.0,7240023.0,1091056.0,1100767.0,0.0,-28969767.0,8115445.390500001,1309556.3905000007,0.5889095767429648,6.635794129723864,0.0,0.0,-0.43982817522024437,0.5889095767429648,-0.43358358283952414,0.0,-0.6956369533699382,1.2064670503908352,0.0,0.0,0.0,0.0,6.26633829977563,-0.37260863682861217,-2.9942116525813005,0.0,-0.11017391304347826,0.9946658568591596,-1.0,1.0153560073206815,0.0,-0.13287252740850075,-0.12853234116456497,0.9347514175833161,0.0,-0.9669406463677449,Biotechnology,Healthcare,DARE
2018Q3,2018,Q3,2018-11-13,2018-09-30,-2574475.0,0.0,-2621597.0,-0.23,0.0,0.0,10795761.0,9583557.0,10167690.0,1202912.0,1212204.0,0.0,-26053215.0,10851052.95,1313589.9499999993,0.83903186095871,8.452563446037615,0.0,0.0,-0.2735515633704688,0.83903186095871,-0.2686345998672518,0.0,-1.0537151215296323,1.1322573601847414,0.0,0.0,0.0,0.0,7.995382039583943,-0.23847091464881448,-3.939907517376574,0.0,0.28125,0.9948762916011882,0.0,0.0,0.0,0.28130853644578563,0.27676012663885086,0.9416659191612937,0.0,-0.960930499922607,Biotechnology,Healthcare,DARE
2018Q2,2018,Q2,2018-08-13,2018-06-30,-3582170.0,0.0,-3624796.0,-0.32,0.0,0.0,13483518.0,12217963.0,12818577.0,1265238.0,1265555.0,0.0,-23478740.0,13363928.37,917404.3699999992,1.0696717547581407,10.131356313989937,0.0,0.0,-0.29667760493299905,1.0696717547581407,-0.2931888073322861,0.0,-0.9326698879450165,1.0937934883253453,0.0,0.0,0.0,0.0,9.856776353539809,-0.26567027981866453,-4.95537151951327,0.0,0.6363636363636365,0.9960603499073838,0.0,0.0,0.0,0.5326964548320116,0.5278591172148868,0.915508070542994,0.0,-0.9581386824219664,Biotechnology,Healthcare,DARE
2018Q1,2018,Q1,2018-05-14,2018-03-31,-7665617.0,0.0,-7677361.0,-0.88,0.0,0.0,16630851.0,15820356.0,15944791.0,807607.0,810495.0,0.0,-19896569.0,7276784.444999999,-8348241.555000001,1.821666753026927,19.743255073321553,0.0,0.0,-0.4852837066371958,1.821666753026927,-0.48454137188821794,0.0,-0.2373189413520138,0.4599633816710572,0.0,0.0,0.0,0.0,19.383083603782534,-0.4609275255968561,-3.434248473373049,0.0,0.1630605354510438,0.9902920237260256,0.0,0.0,0.0,0.16051905424559734,0.15993249137950938,0.786866645224634,0.0,-0.9082559880696591,Biotechnology,Healthcare,DARE
2017Q4,2017,Q4,2018-03-28,2017-12-31,-9131377.0,0.0,-9138981.0,-1.05145,0.0,0.0,14259828.0,13292783.0,8349118.0,966653.0,967045.0,0.0,-12230952.0,18793366.200000003,11233520.200000003,1.5306242695361303,8.637140731989659,0.0,0.0,-0.6875144956477511,1.5306242695361303,-0.6869424559176208,0.0,-0.5145271682463664,1.4138022263659913,0.0,0.0,0.0,0.0,8.114651276104249,-0.6403567420308296,-19.554668556231196,0.0,-2.186212121212121,0.9780349511837543,-1.0,1.0399115219321153,0.0,-4.603161473734462,-5.853785113628779,0.7134377665439505,0.0,-0.9312762366720165,Biotechnology,Healthcare,DARE
2017Q3,2017,Q3,2017-11-13,2017-09-30,-1629683.0,0.0,-1333421.0,-0.33,0.0,0.0,23266659.0,22427128.0,10383285.0,839374.0,839531.0,0.0,-3099575.0,15557025.120000001,7027805.120000001,4.4978161840237485,12.370272369646903,0.0,0.0,-0.05945571809283828,4.4978161840237485,-0.07266570200161163,0.0,-2.386510922676373,0.6936699661231701,0.0,0.0,0.0,0.0,11.008098892746261,-0.07004370502872802,1.1243110919032677,0.0,0.7676056338028169,0.9925702332456495,0.0,0.0,0.0,0.6058807738814994,0.6687152795031056,0.8816579076801118,0.0,-0.8276924224424754,Biotechnology,Healthcare,DARE
2017Q2,2017,Q2,2017-08-14,2017-06-30,-4135000.0,642000.0,-4025000.0,-1.42,0.0,0.0,8151000.0,4059000.0,8134000.0,3349000.0,4092000.0,0.0,-211154000.0,12889937.160000002,5645937.160000002,1.3981418044399527,2.4287847118542847,0.0,0.0,-0.9916235525991624,1.3981418044399527,-1.0187238236018723,20.07778373831776,-0.779319054413543,3.1756435476718408,0.0,0.0,0.0,0.07876334192123666,2.4287847118542847,-0.5072997178260337,-2.3799736262924673,0.0,0.3545454545454546,0.9821076485688887,0.0,0.0,0.0,0.34768890992270074,0.2742517129462676,0.6751612590973536,10.314129417722116,-0.9591651315301674,Biotechnology,Healthcare,DARE
2017Q1,2017,Q1,2017-05-12,2017-03-31,-6339000.0,1192000.0,-5546000.0,-2.2,0.0,0.0,15953000.0,7741000.0,15609000.0,6682000.0,8212000.0,0.0,-207019000.0,23575506.792000003,11547506.792000003,2.6675093161238035,2.335977252319665,0.0,0.0,-0.7164449037592042,2.6675093161238035,-0.8188864487792274,19.778109724832216,-0.9297802016090866,3.0455376297635963,0.0,0.0,0.0,0.0747194884974613,1.97051780903921,-0.397354729517959,-2.3575506792000005,0.0,-0.29106321536905977,0.9759752687230264,0.0,0.0,0.0,-0.28190091001011125,-0.2302573203194321,-0.4253658910926315,15.617801043588868,1.0522697458129755,Biotechnology,Healthcare,DARE
2016Q4,2016,Q4,2017-03-31,2016-12-31,-4945000.0,766000.0,-4508000.0,-1.7040219052102064,0.0,0.0,37688000.0,13111000.0,36790000.0,16939000.0,24577000.0,0.0,-200680000.0,20551666.555999998,-1577333.444000002,4.517984064552278,2.1719109746738297,0.34018785820420294,0.9778811684844787,-0.17383927194200216,4.517984064552278,-0.37716421325604454,26.829851900783286,-1.0390124649140546,1.5675132755701318,0.0,0.0,0.0,0.020324771810655912,2.1719109746738297,-0.1312088728507748,-10.754404267922553,0.0,0.5266605818860538,0.9644025906709852,2.198223865863439,1.1178078929429058,0.0,0.5034642032332564,0.5236183028637853,0.9644025906709852,2.198223865863439,1.1178078929429058,Biotechnology,Healthcare,DARE
2016Q3,2016,Q3,2016-11-03,2016-09-30,-9959000.0,0.0,-9463000.0,-3.6,0.0,0.0,40133000.0,16619000.0,39204000.0,15889000.0,23514000.0,0.0,-195735000.0,28670388.39,5354388.390000001,6.0690119587180105,2.467367361067405,0.3673286322976104,0.8870569829712979,-0.301744204585313,6.0690119587180105,-0.5992538660569228,0.0,-0.7197105228938648,1.7251572531439918,0.0,0.0,0.0,0.0,2.467367361067405,-0.24814990157725564,-3.989201111729512,0.0,0.09999999999999998,0.9173252592948207,0.0,0.0,0.0,0.08288055990422691,0.08081593006313745,0.9173252592948207,0.0,0.0,Biotechnology,Healthcare,DARE
2016Q2,2016,Q2,2016-08-04,2016-06-30,-10859000.0,0.0,-10295000.0,-4.0,0.0,0.0,49892000.0,25840000.0,48922000.0,14462000.0,24052000.0,0.0,-185776000.0,58011595.199999996,27484595.199999996,9.443077683200823,3.382796293735306,0.334041529704161,0.644969040247678,-0.24220110102103232,9.443077683200823,-0.42023993808049537,0.0,-1.3355648586426005,2.245030773993808,0.0,0.0,0.0,0.0,3.382796293735306,-0.2176501242684198,-5.109353109036462,0.0,0.18367346938775517,0.9501493733417078,0.0,0.0,0.0,0.1981243538620588,0.20119490999379266,0.9501493733417078,0.0,0.0,Biotechnology,Healthcare,DARE
2016Q1,2016,Q1,2016-05-02,2016-03-31,-13542000.0,0.0,-12888000.0,-4.9,0.0,0.0,63024000.0,35983000.0,62101000.0,15581000.0,27041000.0,0.0,-174917000.0,74152754.4,32156754.400000006,13.150412387108846,3.9856876965534944,0.29384044173648133,0.5146597004140844,-0.23646838648123006,13.150412387108846,-0.37634438484840066,0.0,-1.3689402303943288,2.060771875607926,0.0,0.0,0.0,0.0,3.9856876965534944,-0.21487052551408986,-5.44480170350246,0.0,-0.25211931266342924,0.9455680713904239,0.0,0.0,0.0,-0.26466193500186774,-0.2850732874663476,0.9455680713904239,0.0,0.0,Biotechnology,Healthcare,DARE
2015Q4,2015,Q4,2016-03-10,2015-12-31,-10708000.0,0.0,-10029000.0,-3.9133650846555743,0.0,0.0,78225000.0,48743000.0,77302000.0,16337000.0,29482000.0,0.0,-161375000.0,76615392.0,21031392.0,17.81370511032561,4.7317132888535225,0.2598146372643017,0.41696243563178303,-0.1452068281523738,17.81370511032561,-0.21968282625197463,0.0,-1.7887418752334703,1.5718234823461832,0.0,0.0,0.0,0.0,4.7317132888535225,-0.1368871844039629,-9.179893601725377,0.0,-0.0034269447834806154,0.9182489037573877,-1.0,1.4644981112304343,0.0,-0.014880106151075727,0.0016922158072864822,0.9182489037573877,-1.0,1.4644981112304343,Biotechnology,Healthcare,DARE
2015Q3,2015,Q3,2015-11-16,2015-09-30,-10551000.0,0.0,-10046000.0,-3.9,0.0,0.0,80117000.0,58643000.0,79153000.0,10608000.0,21474000.0,0.0,-150667000.0,99943986.0,36873986.0,21.475367212190235,7.461632730015083,0.18174669545789282,0.24829902972221748,-0.13723293809081472,21.475367212190235,-0.17991917193867982,0.0,-2.368116434461189,1.7042781917705438,0.0,0.0,0.0,0.0,7.461632730015083,-0.1316948962142866,-12.49143682039745,0.0,-0.05405405405405398,0.9121661244139799,0.0,0.0,0.0,-0.06500454224285858,-0.06929217668972858,0.9121661244139799,0.0,0.0,Biotechnology,Healthcare,DARE
2015Q2,2015,Q2,2015-08-06,2015-06-30,-9907000.0,0.0,-9395000.0,-3.7,0.0,0.0,88104000.0,68202000.0,87085000.0,7845000.0,19902000.0,0.0,-140116000.0,122777082.0,51788082.0,25.552749331507975,11.100701083492671,0.16443067284118768,0.21241312571478843,-0.11361849822830122,25.552749331507975,-0.14525966980440455,0.0,-3.09824068840214,1.8001976774874637,0.0,0.0,0.0,0.0,11.100701083492671,-0.11244665395441751,-15.590740571428572,0.0,0.09756097560975598,0.9533724686140461,0.0,0.0,0.0,-0.17548647365923115,-0.2198130355751753,0.9533724686140461,0.0,0.0,Biotechnology,Healthcare,DARE
2015Q1,2015,Q1,2015-05-06,2015-03-31,-8428000.0,0.0,-7702000.0,-4.1,0.0,0.0,59381000.0,40408000.0,58582000.0,5289000.0,18973000.0,0.0,-130209000.0,183358455.5,141454455.5,19.85597440855407,11.076195878237852,0.24270389518532864,0.3566620471193823,-0.1404961692812842,19.85597440855407,-0.20857255988913087,0.0,-5.438966999881347,4.537677081271035,0.0,0.0,0.0,0.0,11.076195878237852,-0.14193092066485913,-23.00607973651192,0.0,-0.1174133520824962,0.9544511637598623,0.0,0.0,0.0,-0.12869961162448104,-0.05391351943076081,0.9544511637598623,0.0,0.0,Biotechnology,Healthcare,DARE
2014Q4,2014,Q4,2015-03-19,2014-12-31,-7467000.0,0.0,-7308000.0,-3.669188302036063,0.0,0.0,53393000.0,45325000.0,52836000.0,8061000.0,8068000.0,0.0,-121781000.0,126580421.0,78530421.0,22.272125323394206,6.554521771492371,0.05850954244938475,0.06892443463872035,-0.1508390266052963,22.272125323394206,-0.16474351902923332,0.0,-4.237994542654346,2.792728538334253,0.0,0.0,0.0,0.0,6.554521771492371,-0.139849793044032,-22.141056673080286,0.0,-0.3104243935843083,0.9233498128789029,-1.0,1.5807528575179741,0.0,-0.34346887369557394,-0.36114732724902215,0.9233498128789029,-1.0,1.5807528575179741,Biotechnology,Healthcare,DARE
2014Q3,2014,Q3,2014-11-13,2014-09-30,-5558000.0,0.0,-5369000.0,-2.8,0.0,0.0,60086000.0,52532000.0,59698000.0,6379000.0,7554000.0,0.0,-114314000.0,84925685.4,31073685.400000006,26.103414880417322,9.358520144223233,0.06547282228805379,0.074887687504759,-0.09508376722275351,26.103414880417322,-0.1058021777202467,0.0,-3.819975053976251,1.616646718190817,0.0,0.0,0.0,0.0,9.358520144223233,-0.09250074892653863,-15.068432469836765,0.0,0.3636363636363637,0.9372178858029044,0.0,0.0,-1.0,0.24922328785627448,-0.1561154177433247,0.9372178858029044,0.0,0.0,Biotechnology,Healthcare,DARE
2014Q2,2014,Q2,2014-08-12,2014-06-30,-7403000.0,33000.0,-4644000.0,-4.4,33000.0,1.0,65739000.0,57808000.0,65394000.0,5963000.0,7931000.0,0.0,-108756000.0,97925518.0,38379518.0,34.23892023731751,10.96662753647493,0.07187514260940994,0.0817360918903958,-0.07426478819183471,34.23892023731751,-0.1280618599501799,2967.4399393939393,-3.306953870052681,1.6939786534735677,0.0,0.0,0.0,0.0005019851229863551,10.96662753647493,-0.11261199592327234,-23.025045379731953,1.0,0.8810810810810811,0.9449192809287681,0.0,0.0,-0.2978723404255319,-1.5404941660947151,-0.5699797160243407,0.9449192809287681,0.0,0.0,Biotechnology,Healthcare,DARE
2014Q1,2014,Q1,2014-03-31,2014-03-31,-2914000.0,47000.0,-2958000.0,-37.0,47000.0,1.0,11854000.0,-97038000.0,11501000.0,24180000.0,108892000.0,0.0,-101353000.0,130249736.0,144605736.0,-51.0335237838793,0.4756410256410256,1.9254260165345032,-0.23520682619180114,0.03985770878809928,-51.0335237838793,0.030029472989962697,2771.2709787234044,-11.174479752916952,-1.3422549516684186,0.0,0.0,0.0,0.0039649063607221195,0.4756410256410256,-0.24582419436477138,-35.39395,1.0,0.22706149425287356,0.9831448672743549,0.0,0.0,6.833333333333333,0.16264367816091954,0.01694915254237288,0.9831448672743549,0.0,0.0,Biotechnology,Healthcare,DARE
2013Q4,2013,Q4,2013-12-31,2013-12-31,-3480000.0,6000.0,-3009000.0,-47.8692673801205,6000.0,1.0,6827000.0,-2788000.0,6447000.0,6088000.0,9615000.0,0.0,-98439000.0,4979813.0,5749813.0,-38.35043605051033,1.0589684625492772,0.916654460231434,-2.244619799139168,-0.8671469740634006,-38.35043605051033,1.248206599713056,829.9688333333334,-0.3577451867816092,-1.786159612625538,0.0,0.0,0.0,0.0008788633367511352,1.0589684625492772,-0.5097407353156584,-1.5224130235402018,1.0,-0.08793789500273858,0.0,0.0,0.0,0.0,-0.08818011257035648,-0.06967650195520796,0.0,0.0,0.0,Biotechnology,Healthcare,DARE
2013Q3,2013,Q3,2013-09-30,2013-09-30,-3198000.0,0.0,-2813000.0,-44.0,0.0,0.0,,,,,,,,4979813.0,,,0.0,0.0,0.0,0.0,,0.0,0.0,-0.38929119762351466,0.0,0.0,0.0,0.0,0.0,0.0,0.0,-1.5455657976412167,0.0,0.44723618090452255,0.0,0.0,0.0,0.0,0.3464132434089516,0.38674514933507737,0.0,0.0,0.0,Biotechnology,Healthcare,DARE
2013Q2,2013,Q2,2013-06-30,2013-06-30,-4893000.0,0.0,-4587000.0,-79.6,0.0,0.0,,,,,,,,4210421.0,,,0.0,0.0,0.0,0.0,,0.0,0.0,-0.21512471898630695,0.0,0.0,0.0,0.0,0.0,0.0,0.0,-0.7622051049963794,0.0,0.12431243124312442,0.0,0.0,0.0,0.0,0.12185929648241206,0.15850302696752888,0.0,0.0,0.0,Biotechnology,Healthcare,DARE
2013Q1,2013,Q1,2013-03-31,2013-03-31,-5572000.0,0.0,-5451000.0,-90.9,0.0,0.0,,,,,,,,4197885.5,,,0.0,0.0,0.0,0.0,,0.0,0.0,-0.18834733937544867,0.0,0.0,0.0,0.0,0.0,0.0,0.0,-0.9117909426585578,0.0,0.0,0.0,0.0,0.0,0.0,0.0,0.0,0.0,0.0,0.0,Biotechnology,Healthcare,DARE
