Year,Date,FillingDate,NetIncome,Revenue,OperatingIncome,EPSDiluted,GrossProfit,GrossProfitRatio,TotalAssets,CommonStockEquity,CurrentAssets,CurrentLiability,TotalLiability,Inventory,RetainedEarnings,EnterpriseValue,bookValuePerShare,currentRatio,debtToAssets,debtToEquity,roic,shareholdersEquityPerShare,roe,priceToSalesRatio,peRatio,pbRatio,payoutRatio,inventoryTurnover,dividendYield,assetTurnover,quickRatio,returnOnAssets,priceToFreeCashFlowsRatio,grossProfitMargin,epsdilutedGrowth,fiveYNetIncomeGrowthPerShare,fiveYRevenueGrowthPerShare,fiveYShareholdersEquityGrowthPerShare,grossProfitGrowth,netIncomeGrowth,operatingIncomeGrowth,threeYNetIncomeGrowthPerShare,threeYRevenueGrowthPerShare,threeYShareholdersEquityGrowthPerShare,Industry,Sector,Price,MarketCap,AvgVolume,Symbol
2022,2022-12-31,2023-03-29,38145000.0,47363000.0,-28005000.0,1.01,41503000.0,0.8762747292,32712000.0,-6407000.0,30427000.0,9818000.0,39119000.0,608000.0,-64700000.0,6019492.0,-0.18263968072976056,3.0991036871053166,0.8823367571533383,-4.504916497580771,-9.382808168715997,-0.18263968072976056,-5.953644451381302,0.0369590608702996,0.045890470572814264,-0.2732155454971125,0.0,9.638157894736842,0.0,1.4478784543898264,2.840904461193726,1.166085840058694,-0.057284246351200996,0.8762747292190106,0.0,0.0,0.0,0.0,0.09066302262633695,3.8417641361841617,-1.635764705882353,0.0,0.0,0.0,Pharmaceutical Retailers,Healthcare,0.0377,0,0,LFLYW
2021,2021-12-31,2022-03-31,-13423000.0,43036000.0,-10625000.0,0.0,38053000.0,0.8842132168,36153000.0,-8572000.0,35840000.0,44725000.0,44725000.0,0.0,-69770000.0,2812000.0,0.0,0.8013415315818894,0.8678947805161398,-3.6604059729351377,-0.5201151267588334,0.0,1.5659122725151657,0.0,0.0,0.0,0.0,0.0,,1.1903853068901613,0.7048183342649524,-0.3712831576909247,0.0,0.884213216841714,0.0,0.0,0.0,0.0,0.21072223989818645,-0.2625094055680963,-0.14296471600688468,0.0,0.0,0.0,Pharmaceutical Retailers,Healthcare,0.0377,0,0,LFLYW
2020,2020-12-31,2021-03-31,-10632000.0,36392000.0,-9296000.0,0.0,31430000.0,0.8636513519,9463000.0,2069000.0,8848000.0,7367000.0,7394000.0,850000.0,-57746000.0,-4635000.0,0.0,1.201031627528166,0.01933847617034767,0.08844852585790237,-4.073600155632144,0.0,-5.138714354760754,0.0,0.0,0.0,0.0,5.83764705882353,,3.845714889569904,0.9795031899009095,-1.1235337630772482,0.0,0.8636513519454825,0.0,0.0,0.0,0.0,0.20131483392577304,0.6664889111954578,0.7094364392210796,0.0,0.0,0.0,Pharmaceutical Retailers,Healthcare,0.0377,0,0,LFLYW
2019,2019-12-31,2020-03-30,-31879000.0,30072000.0,-31993000.0,0.0,26163000.0,0.8700119713,10765000.0,-5186000.0,9275000.0,9047000.0,15951000.0,1184000.0,-47782000.0,781000.0,0.0,1.0252017243285068,0.7687877380399443,-1.595834940223679,-10.335242157048725,0.0,6.1471268800617045,0.0,0.0,0.0,0.0,3.30152027027027,,2.7934974454249883,0.8388416049519177,-2.961356247097074,0.0,0.8700119712689545,0.0,0.0,0.0,0.0,0.0,0.0,0.0,0.0,0.0,0.0,Pharmaceutical Retailers,Healthcare,0.0377,0,0,LFLYW
TTM,,,,,,,,,,,,,,,,14044000.0,-0.28487275545795115,2.881229853706918,1.1064097672644029,-2.6300562307273716,-4.792291113392693,-0.28487275545795115,-13.822284302138176,0.0,0.022685527502254284,-0.13233978777435154,0.0,15.975,0.0,1.8005341472720335,2.305107860153732,2.4541014879816863,0.0,0.8781361247669096,,,,,,,,,,,Pharmaceutical Retailers,Healthcare,0.0377,0,0,LFLYW
