Quarters,Year,Quarter,FillingDate,Date,NetIncome,Revenue,OperatingIncome,EPSDiluted,GrossProfit,GrossProfitRatio,TotalAssets,CommonStockEquity,CurrentAssets,CurrentLiability,TotalLiability,Inventory,RetainedEarnings,MarketCap,EnterpriseValue,bookValuePerShare,currentRatio,debtToAssets,debtToEquity,roic,shareholdersEquityPerShare,roe,priceToSalesRatio,peRatio,pbRatio,payoutRatio,inventoryTurnover,dividendYield,assetTurnover,quickRatio,returnOnAssets,priceToFreeCashFlowsRatio,grossProfitMargin,epsdilutedGrowth,fiveYNetIncomeGrowthPerShare,fiveYRevenueGrowthPerShare,fiveYShareholdersEquityGrowthPerShare,grossProfitGrowth,netIncomeGrowth,operatingIncomeGrowth,threeYNetIncomeGrowthPerShare,threeYRevenueGrowthPerShare,threeYShareholdersEquityGrowthPerShare,Industry,Sector,Symbol
2023Q1,2023,Q1,2023-05-09,2023-03-31,38289000.0,345403000.0,62093000.0,0.28,120717000.0,0.3494960959,3499030000.0,1815787000.0,371068000.0,206884000.0,1683243000.0,67498000.0,677884000.0,3322763882.64,4223499882.64,13.596145304223716,1.7936041453181493,0.28647996730522457,0.5520482303265747,0.016309072382532125,13.596145304223716,0.02108672437901582,9.619962428351808,21.695290309488364,1.8299304283156559,0.0,3.3287801120033187,0.0,0.09871392928897438,1.4095725140658533,0.010942746989880053,949.0899407712081,0.3494960958648304,0.16666666666666682,0.2012807793035637,0.23768223309161976,0.1724172665709002,-0.009980809290271786,0.16408245165997812,0.09761185059482774,14.033784792312508,0.3078149316914468,0.12310200081934854,Packaged Foods,Consumer Defensive,TWNK
2022Q4,2022,Q4,2023-02-21,2022-12-31,32892000.0,339458000.0,56571000.0,0.24,121934000.0,0.359202022,3492199000.0,1797084000.0,367062000.0,224311000.0,1695115000.0,65406000.0,639595000.0,3010947498.2400002,3915369498.2400002,13.393313893241988,1.6363976800067763,0.28721330027297987,0.5581297257112077,0.014679823689997885,13.393313893241988,0.018302984167684982,8.869867548385956,22.88510502736228,1.6754628599664791,0.0,3.3257499311989727,0.0,0.09720465529026266,1.271810120769824,0.009418707238619563,168.04037829222014,0.3592020220469101,-0.5,-0.8637175954157226,0.2879657388800562,0.1836565824973264,0.05642820630561163,-0.503659327890869,-0.34456030587417447,0.36811659110312306,0.41542848520131886,0.09270520258949469,Packaged Foods,Consumer Defensive,TWNK
2022Q3,2022,Q3,2022-11-02,2022-09-30,66269000.0,346226000.0,86310000.0,0.48,115421000.0,0.3333689555,3600184000.0,1797480000.0,508994000.0,244621000.0,1802704000.0,65444000.0,606703000.0,3170782586.72,4083119586.72,13.174487388368156,2.0807453162238727,0.3064190608035589,0.6137286645748492,0.02593397662268082,13.174487388368156,0.036867725927409487,9.15812962261644,11.961786758212739,1.7640155032156128,0.0,3.5267556995293687,0.0,0.0961689735857945,1.7685971359776962,0.018407114747468464,57.51360553445429,0.33336895553771234,1.1818181818181819,4.064012658970413,0.3141217056525737,0.37730977342792593,0.02414374445430346,1.1744651529072057,0.6933158070275255,5.369076200282045,0.2865839187038968,0.045062197033006166,Packaged Foods,Consumer Defensive,TWNK
2022Q2,2022,Q2,2022-08-03,2022-06-30,30476000.0,340472000.0,50971000.0,0.22,112700000.0,0.331011067,3529207000.0,1760733000.0,477867000.0,212003000.0,1768474000.0,60809000.0,540434000.0,2925053198.76,3825028198.76,12.767339392607116,2.254057725598223,0.31361322812745185,0.6286052456562125,0.012979278652501423,12.767339392607116,0.017308700410567646,8.591171076505558,23.9947269881218,1.6612701634830493,0.0,3.745695538489368,0.0,0.09647266368903835,1.9175106012650764,0.008635367661913852,75.80018136671073,0.33101106698935595,-0.12,0.16118828897821,0.20226366821137728,0.3455094262915176,-0.025288867363177196,-0.11812026158921234,-0.12641609680017823,1.022077651737009,0.076097144343356,0.011436099226961772,Packaged Foods,Consumer Defensive,TWNK
2022Q1,2022,Q1,2022-05-04,2022-03-31,34558000.0,332051000.0,58347000.0,0.25,115624000.0,0.3482115699,3540360000.0,1760879000.0,498355000.0,215119000.0,1779481000.0,59867000.0,509958000.0,3040937774.94,3913499774.94,12.704530023065754,2.316647994830768,0.31380791783886386,0.6309309157528712,0.01455290657104134,12.704530023065754,0.019625425710681994,9.158044321324134,21.99879749218705,1.7269430636290173,0.0,3.615130205288389,0.0,0.09379017952976533,2.0059408978286437,0.009761154232902868,456.1178603479826,0.34821156990944163,-0.03846153846153849,0.5473142360520525,0.27551240060034815,0.36632003259758544,0.04751809673941601,-0.053931230836618486,0.08124085021218243,0.18121790094334733,0.0764879476495975,0.041063090630416875,Packaged Foods,Consumer Defensive,TWNK
2021Q4,2021,Q4,2022-03-01,2021-12-31,36528000.0,297161000.0,53963000.0,0.26,110379000.0,0.3714451089,3466311000.0,1718990000.0,460716000.0,193629000.0,1747321000.0,52813000.0,475400000.0,2741323944.2000003,3606309944.2000003,12.804679970153526,2.379374990316533,0.3214209573232177,0.6481393143648305,0.015315834104039,12.804679970153526,0.021249687316389276,9.225046167565731,18.7617987858629,1.5947294307703943,0.0,3.5366671084770793,0.0,0.08572831462612558,2.0520634822263193,0.010538004235626867,102.83306865481282,0.37144510888037124,0.368421052631579,3.247441331877395,-0.7010906721352926,0.40219004385675794,0.11517594641287546,0.3946243127672572,0.1579049008668784,0.664559280061783,0.03079299371939303,0.06759776852377378,Packaged Foods,Consumer Defensive,TWNK
2021Q3,2021,Q3,2021-11-09,2021-09-30,26192000.0,287969000.0,46604000.0,0.19,98979000.0,0.3437140803,3434987000.0,1678990000.0,441749000.0,198257000.0,1755997000.0,49309000.0,438872000.0,2255434590.8700004,3144836590.8700004,12.930570639492766,2.228163444418104,0.32532815990278857,0.6655775198184622,0.012101320221660543,12.930570639492766,0.015599854674536477,7.83221315790936,21.52789583527413,1.343328185915342,0.0,3.8327688657243097,0.0,0.08383408729057781,1.9409957782070746,0.007625065247699628,49.21843078821605,0.3437140803350361,-0.09523809523809519,2.0480246970354026,0.0,-0.5985338459100188,-0.058293532243639756,-0.12245786846249204,-0.12276474795768551,1.5391108765896033,0.05072371184250108,0.08755536365236553,Packaged Foods,Consumer Defensive,TWNK
2021Q2,2021,Q2,2021-08-04,2021-06-30,29847000.0,291485000.0,53126000.0,0.21,105106000.0,0.3605880234,3425120000.0,1682944000.0,432847000.0,185304000.0,1742176000.0,52164000.0,412680000.0,2126622215.2100003,3028939215.21,12.812272516070477,2.335875102534214,0.3273240061662073,0.6661683335868573,0.013601833380563404,12.812272516070477,0.017734992964709463,7.295820420296071,17.81269654580025,1.2636321916890878,0.0,3.5729430258415764,0.0,0.08510212780866072,1.9834056469369252,0.0087141472415565,49.280981975992404,0.3605880233974304,0.1052631578947368,2.263112667469999,0.0,-0.6080254405885367,0.10036746615856532,0.1165270088283705,0.1292592198958444,0.1776612255830231,0.027449444025823225,0.08578836198418763,Packaged Foods,Consumer Defensive,TWNK
2021Q1,2021,Q1,2021-05-17,2021-03-31,26732000.0,265421000.0,47045000.0,0.19,95519000.0,0.359877327,3410751000.0,1663483000.0,417950000.0,186968000.0,1747268000.0,52144000.0,382833000.0,1876235748.42,2801998748.42,12.713938661539746,2.2354092678961104,0.3294315533441169,0.6754556553929316,0.012281252148854484,12.713938661539746,0.016069896716708255,7.068904677550006,17.546720675781835,1.1278959559069734,0.0,3.2583231052470083,0.0,0.07781893195955963,1.911225450344444,0.007837570083538787,85.407672451748,0.3598773269635786,0.05555555555555561,17.570939811602237,0.0,-0.6163190677563913,-0.0026521044553266576,0.13213620193122141,0.06359649122807018,-0.14392304382342427,-0.029201307975315532,0.09634318252555568,Packaged Foods,Consumer Defensive,TWNK
2020Q4,2020,Q4,2021-02-24,2020-12-31,23612000.0,256043000.0,44232000.0,0.18,95773000.0,0.3740504525,3365469000.0,1621586000.0,369546000.0,189533000.0,1743883000.0,49348000.0,399215000.0,1873305690.96,2827119690.96,12.672795024625222,1.9497712799354203,0.3348264387519243,0.6949048647435289,0.011974830933760318,12.672795024625222,0.014561053191135098,7.316371433548271,19.834254732339488,1.1552305526564735,0.0,3.2477506687201103,0.0,0.07607944093378961,1.575366822664127,0.007015961222640886,59.705051343702195,0.37405045246306284,0.0,-0.37107193111279313,-0.07170478713301948,6.866846113313075,0.05066096209752619,0.04454766644547666,0.07003410987734959,-0.8974123609372482,0.018694412186523693,0.11997951881840432,Packaged Foods,Consumer Defensive,TWNK
2020Q3,2020,Q3,2020-11-05,2020-09-30,22605000.0,260855000.0,41337000.0,0.18,91155000.0,0.3494470108,3339843000.0,1549615000.0,357053000.0,196372000.0,1730828000.0,47710000.0,375603000.0,1540085283.54,2507259283.54,12.406295387799378,1.8182480190658545,0.3351867138664901,0.7224187943456923,0.012272017625871559,12.406295387799378,0.014587494313103577,5.903989893005693,17.032573363636363,0.9938502683182597,0.0,3.556906308949906,0.0,0.07810397075551156,1.4728525451693724,0.006768282221649341,43.12514794858871,0.34944701079143586,0.3846153846153845,10.767439923402913,0.0,-0.6210380602339554,0.019927495692259493,0.3979591836734694,0.19557483731019523,0.8868506392475635,0.08149302388830511,0.2970001325999513,Packaged Foods,Consumer Defensive,TWNK
2020Q2,2020,Q2,2020-08-05,2020-06-30,16170000.0,256226000.0,34575000.0,0.13,89374000.0,0.3488092543,3319623000.0,1518792000.0,337308000.0,203033000.0,1733196000.0,51782000.0,352998000.0,1510865195.0600002,2506077195.0600004,12.284112640018128,1.6613456925721435,0.33828871531496196,0.7393974948511712,0.009943325344988938,12.284112640018128,0.010646619155223361,5.8966115658051885,23.35907846413111,0.9947808488983351,0.0,3.222200764744506,0.0,0.07718527073706864,1.324681209458561,0.004871035054281767,44.598553445110255,0.34880925433016163,5.5,0.0,0.0,0.0,0.12651095957749853,5.886712095400341,1.2797705393643677,-0.31278395312311225,0.00920665995009937,0.29458369065851553,Packaged Foods,Consumer Defensive,TWNK
2020Q1,2020,Q1,2020-05-08,2020-03-31,2348000.0,243485000.0,15166000.0,0.02,79337000.0,0.3258393741,3289577000.0,1490521000.0,306289000.0,185026000.0,1718476000.0,50737000.0,336828000.0,1312498172.96,2343156172.96,12.10588645938194,1.6553835677148077,0.34254404137674843,0.7559940450352595,0.005296837525376963,12.10588645938194,0.0015752881039582803,5.39046829562396,139.74639831345826,0.8805633553368252,0.0,3.2352720894022116,0.0,0.07401711527044359,1.314577410742274,0.0007137695819249709,50480.69896,0.3258393740887529,-0.8823529411764707,2.546715836766519,0.0,-0.6346688523500847,0.1209590821747485,-0.8918968692449355,-0.6163808367481155,-0.8816529543305962,0.05288638936705156,0.3019383756640514,Packaged Foods,Consumer Defensive,TWNK
2019Q4,2019,Q4,2020-02-26,2019-12-31,21720000.0,216666000.0,39534000.0,0.17,70776000.0,0.3266594666,3097701000.0,1485792000.0,453156000.0,159925000.0,1517477000.0,47608000.0,334480000.0,1762533521.9799998,2464734521.9799995,12.257024000162614,2.8335532280756603,0.3187163641681363,0.6644860115009369,0.0127503715802086,12.257024000162614,0.014618466111003425,8.134795131585019,20.286988052255985,1.1862585893449418,0.0,3.064400941018316,0.0,0.06994412953348306,2.4385118024073784,0.007011651544161299,61.07819669334996,0.32665946664451273,1.4285714285714286,-0.389307451942932,-0.17080138889398533,6.674365716198092,0.005055381993751775,1.4723961297666477,0.677230495099911,2.4799734787807983,-0.7586373502428165,0.3422183967425846,Packaged Foods,Consumer Defensive,TWNK
2019Q3,2019,Q3,2019-11-06,2019-09-30,8785000.0,227211000.0,23571000.0,0.07,70420000.0,0.3099321776,3066778000.0,1452211000.0,433492000.0,158659000.0,1509506000.0,38582000.0,312759000.0,1611018787.075,2327151787.075,12.606414647636582,2.732224456223725,0.3205331458618785,0.67690163481753,0.0075482215338934225,12.606414647636582,0.006049396403139764,7.090408418056344,45.8457253009391,1.1093558629393387,0.0,4.06383805919859,0.0,0.07408785376704802,2.412267819663555,0.00286456991670085,85.35651091845926,0.3099321775794306,-0.5333333333333333,5.115869185736772,0.0,-0.6149252295684021,-0.156141402037148,-0.23495602194548462,-0.36089043138743526,1.3962204663819038,0.0,-0.6085981859151115,Packaged Foods,Consumer Defensive,TWNK
2019Q2,2019,Q2,2019-08-07,2019-06-30,11483000.0,241060000.0,36881000.0,0.15,83450000.0,0.3461793744,3068979000.0,1326326000.0,370649000.0,166932000.0,1498552000.0,42893000.0,303974000.0,1526700838.6599998,2322740838.66,12.622981721104441,2.2203591881724294,0.321059218717365,0.7428972967430331,0.010334744283610215,12.622981721104441,0.00865775080937869,6.3332815011200525,33.23828352042149,1.1510751042051501,0.0,3.674492341407689,0.0,0.07854729537087089,1.9017983370474205,0.003741635247422677,39.956576687691374,0.3461793744296026,-0.2857142857142857,0.0,0.0,0.0,0.10988455604617758,-0.4564517655968948,0.02135142619772916,1.6075079107474706,0.0,-0.6138165425077623,Packaged Foods,Consumer Defensive,TWNK
2019Q1,2019,Q1,2019-05-08,2019-03-31,21126000.0,222738000.0,36110000.0,0.21,75188000.0,0.3375625174,3043840000.0,1221381000.0,338567000.0,154655000.0,1467478000.0,43158000.0,292491000.0,1274083844.93,2101283844.93,12.203419886274627,2.189175907665449,0.3244858468250631,0.8086608519372743,0.017103383666477054,12.203419886274627,0.017296814016265195,5.720100947884959,15.077201610929661,1.0431502085999373,0.0,3.4188331247972568,0.0,0.0731766452901598,1.8732921664349682,0.006940575063078217,72.59737008148149,0.3375625173971213,0.31249999999999994,18.11991533755555,0.0,-0.6317254909613514,0.09283295300940393,0.2919520547945205,0.18998187510298237,18.11991533755555,0.0,-0.6317254909613514,Packaged Foods,Consumer Defensive,TWNK
2018Q4,2018,Q4,2019-02-27,2018-12-31,16352000.0,214815000.0,30345000.0,0.16,68801000.0,0.3202802411,3010713000.0,1199803000.0,299442000.0,141103000.0,1460456000.0,38580000.0,271365000.0,1094375077.8999999,1936002077.8999999,11.99391788525304,2.122151903219634,0.3281627973174461,0.8234718532959161,0.011345261057625932,11.99391788525304,0.01362890407841954,5.094500281172171,16.731517213490704,0.9121289727563608,0.0,3.7847071021254535,0.0,0.07135020840578295,1.7863263006456276,0.005431271595798072,52.80203984849946,0.32028024113772313,0.4545454545454546,-0.44286840901567315,-0.0037771220240232083,6.552561245704671,0.1395044552651628,1.0591865004407506,0.2807580297978306,-0.44286840901567315,-0.0037771220240232083,6.552561245704671,Packaged Foods,Consumer Defensive,TWNK
2018Q3,2018,Q3,2018-11-07,2018-09-30,7941000.0,210982000.0,23693000.0,0.11,60378000.0,0.2861760719,2993625000.0,1188461000.0,283896000.0,133446000.0,1458097000.0,37076000.0,259534000.0,1080548617.64,1943952617.64,11.889574610774474,2.127422328132728,0.33096997786963966,0.8336832256169954,0.008814607398790942,11.889574610774474,0.006681750600145903,5.121520402877971,34.018027252235235,0.90919989603361,0.0,4.062034739454094,0.0,0.07047709716480856,1.7599628314074607,0.0026526368533132906,73.25753339932204,0.2861760718923889,-0.38888888888888884,5.287602441494516,0.0,-0.6368217814704614,-0.09690832672719386,-0.5881864855053675,-0.31619960172010736,5.287602441494516,0.0,-0.6368217814704614,Packaged Foods,Consumer Defensive,TWNK
2018Q2,2018,Q2,2018-08-07,2018-06-30,19283000.0,215849000.0,34649000.0,0.18,66857000.0,0.3097396791,2982629000.0,1179285000.0,275209000.0,135648000.0,1459526000.0,38191000.0,251593000.0,1359179131.2,2237503131.2,11.799972227236916,2.0288467209247463,0.3331275864346521,0.8425410312180686,0.015821440900787957,11.799972227236916,0.016351433283727006,6.296897975899819,17.621468796349117,1.152545085539119,0.0,3.9012332748553322,0.0,0.07236870559496338,1.6641749233309744,0.006465101760896176,45.290874081972675,0.30973967912753825,-0.21739130434782614,0.0,0.0,0.0,-0.061537597731643294,-0.19118325573591713,0.05405816500365052,0.0,0.0,0.0,Packaged Foods,Consumer Defensive,TWNK
2018Q1,2018,Q1,2018-05-09,2018-03-31,23841000.0,208743000.0,32872000.0,0.23,71241000.0,0.3412856958,2964521000.0,1158451000.0,259785000.0,133908000.0,1462600000.0,39970000.0,232311000.0,1477448159.25,2373390159.25,11.596677814196546,1.9400259879917556,0.3361055630909682,0.8601071603373815,0.012478720379361201,11.596677814196546,0.0205800676938429,7.077833312973369,15.49272429061281,1.2753652586514233,0.0,3.4401300975731797,0.0,0.07041373631692945,1.597365355318577,0.008042108657688713,49.670470978315684,0.34128569580776363,-0.8654970760233919,20.356834326684396,0.0,-0.6500357384813079,-0.11821715021289236,-0.8673185445721981,-0.6737594283445811,20.356834326684396,0.0,-0.6500357384813079,Packaged Foods,Consumer Defensive,TWNK
2017Q4,2017,Q4,2018-02-28,2017-12-31,179686000.0,196221000.0,100760000.0,1.71,80792000.0,0.411739824,2966275000.0,1130333000.0,279028000.0,127851000.0,1493702000.0,34345000.0,208279000.0,1479446060.75,2342933060.75,11.31520247619815,2.1824467544250727,0.3368494155127222,0.8839766688223736,0.09882934940155359,11.31520247619815,0.15896731317231294,7.539692799190709,2.058376919668199,1.3088585936622217,0.0,3.360867666326976,0.0,0.06615064348383073,1.8514755457524774,0.06057631204119645,42.14825961511068,0.4117398239739885,10.4,5.130641806684896,-0.08874025246247351,6.238351250835986,0.030970458750717796,17.81725835165986,1.6025415848744704,5.130641806684896,-0.08874025246247351,6.238351250835986,Packaged Foods,Consumer Defensive,TWNK
2017Q3,2017,Q3,2017-11-08,2017-09-30,9549000.0,192250000.0,38716000.0,0.15,78365000.0,0.4076202861,2926673000.0,952302000.0,242507000.0,111009000.0,1641429000.0,33812000.0,28593000.0,1359951119.78,2258613119.7799997,9.565377115983685,2.1845706204001476,0.3416278484135399,1.0499116876789085,0.012096368454811005,9.565377115983685,0.010027281261616589,7.073867983250975,35.60454287831187,1.4280670625284837,0.0,3.368182893647226,0.0,0.06568892390779564,1.8188074840778676,0.0032627492036178965,32.792821966675504,0.40762028608582573,-0.42307692307692313,6.176583519773438,0.0,-0.7078165759271111,-0.11395911537243905,-0.49288369622942113,-0.22244537275064266,6.176583519773438,0.0,-0.7078165759271111,Packaged Foods,Consumer Defensive,TWNK
2017Q2,2017,Q2,2017-08-08,2017-06-30,18830000.0,203178000.0,49792000.0,0.26,88444000.0,0.4353030348,2891767000.0,938862000.0,206176000.0,100897000.0,1622654000.0,33797000.0,19044000.0,1592993409.0000002,2527188409.0,9.488851689279024,2.043430429051409,0.34595422106967816,1.0655655463742275,0.018326552280107652,9.488851689279024,0.02005619569223166,7.840383353512685,21.149673513011155,1.6967279632150414,0.0,3.3947983548835694,0.0,0.07026084743342047,1.6486515951911356,0.006511589626688457,52.20190749115219,0.4353030347773873,0.13043478260869565,0.0,0.0,0.0,0.11537927990415536,0.1893633148054573,0.11334212821143483,0.0,0.0,0.0,Packaged Foods,Consumer Defensive,TWNK
2017Q1,2017,Q1,2017-05-09,2017-03-31,15832000.0,184538000.0,44723000.0,0.23,79295000.0,0.429694697,2874158000.0,913572000.0,178670000.0,102802000.0,1618027000.0,32089000.0,214000.0,1559242052.79,2515652052.79,9.298355963435945,1.7380012062022139,0.34865341432169006,1.0968867259504451,0.016529177549145384,9.298355963435945,0.017329778057996525,8.449436174609023,24.621684764874935,1.7067533295569477,0.0,3.2797220231231887,0.0,0.06420593439887438,1.3787183128732905,0.005508395850193344,73.19354329390227,0.42969469702717056,3.0909090909090913,14.06932359838696,0.0,-0.7193944394921313,-0.8910163197202805,2.3309638500231062,-0.6209373612275225,14.06932359838696,0.0,-0.7193944394921313,Packaged Foods,Consumer Defensive,TWNK
2016Q4,2016,Q4,2017-03-14,2016-12-31,-11895139.0,727586000.0,117983139.0,-0.11,727586000.0,1.0,2847892000.0,897219000.0,151363000.0,103926000.0,1616481000.0,30444000.0,-15618000.0,1277261921.0,2255276921.0,9.131914768795491,1.4564497815753517,0.3528469478477414,1.1199829695982808,-0.015073524462539777,9.131914768795491,-0.013257787675026944,1.7554789688091854,-26.844199151434886,1.4235787706234486,0.0,0.0,0.0,0.25548230059285953,1.1170640648153494,-0.00417682236545487,10.972409456346131,1.0,0.38888888888888884,-1.412637494396289,2.4354885146488408,5.2276024005997455,0.0,-4.55527280063739,52.24568215144481,-1.412637494396289,2.4354885146488408,5.2276024005997455,Packaged Foods,Consumer Defensive,TWNK
2016Q3,2016,Q3,2016-11-03,2016-09-30,-2141234.0,0.0,-2302304.0,-0.18,0.0,0.0,375556660.0,358315964.0,161329.0,4115696.0,17240696.0,0.0,-4801919.0,120149276.4,120318186.4,32.20837051333253,0.039198473356632756,0.00046597496100854663,0.0004883957668154579,-0.005939111577687421,32.20837051333253,-0.005975826407779029,0.0,-14.028041353724067,0.3353165598840023,0.0,0.0,0.0,0.0,0.0014797011246700438,-0.005701493883772424,-261.148661971831,0.0,-0.058823529411764594,-9.387825806478212,0.0,-0.01616508515190056,0.0,-0.07935328549277855,-0.07746270912862935,-9.387825806478212,0.0,-0.01616508515190056,Packaged Foods,Consumer Defensive,TWNK
2016Q2,2016,Q2,2016-08-09,2016-06-30,-1983812.0,0.0,-2136783.0,-0.17,0.0,0.0,375898027.0,360457198.0,663707.0,2315829.0,15440829.0,0.0,-2660685.0,107409914.88,106957733.88,32.686489999013396,0.2865958583297817,0.0,0.0,-0.005470875528214939,32.686489999013396,-0.00550359934829211,0.0,-13.535798109901544,0.2979824386250708,0.0,0.0,0.0,0.0,0.19525664459681608,-0.005277527035277576,1939.1571561653727,0.0,-12.821138211382115,0.0,0.0,0.0,0.0,-13.710485922124917,-6.657320704817399,0.0,0.0,0.0,Packaged Foods,Consumer Defensive,TWNK
2016Q1,2016,Q1,2016-05-06,2016-03-31,-134857.0,0.0,-279051.0,-0.0123,0.0,0.0,375903918.0,362441010.0,822057.0,337908.0,13462908.0,0.0,-676873.0,106642926.0,106093677.0,33.13674877506643,2.432783479526972,0.0,0.0,-0.0005017021019811422,33.13674877506643,-0.00037207985928523925,0.0,-197.6963116486352,0.29423526327774,0.0,0.0,0.0,0.0,1.625439468731134,-0.0003587539090241672,-627.2928796211876,0.0,-1.0424137931034483,0.0,0.0,0.0,-1.0,-1.0015959408284023,-1.003302378698225,0.0,0.0,0.0,Packaged Foods,Consumer Defensive,TWNK
2015Q4,2015,Q4,2016-03-17,2015-12-31,84500000.0,620800000.0,84500000.0,0.29,620800000.0,1.0,643500000.0,-622100000.0,168800000.0,92800000.0,1265700000.0,25100000.0,0.0,2880000000.0,4018400000.0,-2.1600694444444444,1.8189655172413792,1.855011655011655,-1.9188233402989874,0.14783065080475857,-2.1600694444444444,-0.13583025237100144,4.639175257731959,8.520710059171597,-4.629480790869636,0.0,0.0,0.0,0.9647241647241648,1.4331896551724137,0.13131313131313133,27.144203581526863,1.0,16.675675675675677,0.0,0.0,0.0,0.0,412.4104318105467,406.8149195814103,0.0,0.0,0.0,Packaged Foods,Consumer Defensive,TWNK
2015Q3,2015,Q3,2015-11-16,2015-09-30,-205391.0,0.0,-208223.0,-0.0185,0.0,0.0,376599077.0,362899077.0,1597947.0,575000.0,13700000.0,0.0,-218807.0,108633911.4,107328885.4,32.737576220605455,2.7790382608695654,0.0,0.0,-0.0005698479764927889,32.737576220605455,-0.0005659727814628749,0.0,-132.22817869332155,0.29935020033131693,,0.0,,0.0,2.2696104347826087,-0.0005453837052287837,0.0,0.0,0.0,0.0,0.0,0.0,0.0,0.0,0.0,0.0,0.0,0.0,Packaged Foods,Consumer Defensive,TWNK
2015Q2,2015,Q2,2015-10-02,2015-06-30,,,,,,,357618.0,13000.0,357618.0,344618.0,344618.0,0.0,-12000.0,0.0,-105500.0,0.0,1.0377229279956357,0.0,0.0,,0.0,,0.0,0.0,0.0,0.0,0.0,,,0.30613606950304395,,0.0,0.0,0.0,0.0,0.0,0.0,0.0,0.0,0.0,0.0,0.0,0.0,Packaged Foods,Consumer Defensive,TWNK
