Quarters,Year,Quarter,FillingDate,Date,NetIncome,Revenue,OperatingIncome,EPSDiluted,GrossProfit,GrossProfitRatio,TotalAssets,CommonStockEquity,CurrentAssets,CurrentLiability,TotalLiability,Inventory,RetainedEarnings,MarketCap,EnterpriseValue,bookValuePerShare,currentRatio,debtToAssets,debtToEquity,roic,shareholdersEquityPerShare,roe,priceToSalesRatio,peRatio,pbRatio,payoutRatio,inventoryTurnover,dividendYield,assetTurnover,quickRatio,returnOnAssets,priceToFreeCashFlowsRatio,grossProfitMargin,epsdilutedGrowth,fiveYNetIncomeGrowthPerShare,fiveYRevenueGrowthPerShare,fiveYShareholdersEquityGrowthPerShare,grossProfitGrowth,netIncomeGrowth,operatingIncomeGrowth,threeYNetIncomeGrowthPerShare,threeYRevenueGrowthPerShare,threeYShareholdersEquityGrowthPerShare,Industry,Sector,Symbol
2023Q1,2023,Q1,2023-03-31,2023-03-31,-2224000.0,402835000.0,86464000.0,-0.0269,247709000.0,0.6149142949,7545734000.0,4630059000.0,1482662000.0,814395000.0,2912128000.0,263220000.0,-250065000.0,1342748434.7923834,2454447434.792383,56.02014918665285,1.820568642980372,0.15298432200233933,0.24932274081172615,-0.12112584802420406,56.02014918665285,-0.00048033945139791957,3.3332467009877083,-150.93844815561866,0.2900067655276927,0.0,0.5893397158270648,0.0,0.05338579388035677,1.4025319408886352,-0.0002947360720640298,-49.42025891764385,0.6149142949346507,-1.0295604395604396,-1.150369089096848,0.1459944191211194,0.0,-0.25599954346402676,-1.0293048015601118,-0.546794001561984,-1.0808006083752462,0.031038111524924167,0.4889390284529437,Education & Training Services,Consumer Defensive,VSTA
2022Q4,2022,Q4,2022-12-31,2022-12-31,75892000.0,505019000.0,190783000.0,0.91,332942000.0,0.659266285,7520591000.0,4629679000.0,1438106000.0,789209000.0,2890912000.0,266450000.0,-247787000.0,1794213568.8,2887476568.8,55.34517220356003,1.822211860229673,0.1514545864813018,0.24602742436354658,0.027850163746992507,55.34517220356003,0.01639249719040996,3.552764487672741,5.910417332525167,0.3875459980702765,0.0,0.6458134734471759,0.0,0.06715150444958382,1.4128209384332922,0.010091228202677157,-53.28977898957498,0.6592662850308603,2.0,73.41528227650045,1.0342453339646456,0.0,2.437033519495401,1.9986577887727979,6.918688341502761,0.8685032890279478,0.3811808655989948,0.4819895037376292,Education & Training Services,Consumer Defensive,VSTA
2022Q3,2022,Q3,2022-09-30,2022-09-30,-75994000.0,188724000.0,-32234000.0,-0.91,96869000.0,0.513283949,7329014000.0,4551180000.0,1159391000.0,633480000.0,2777834000.0,242261000.0,-323679000.0,2365839359.1945,3280253359.1945,54.49869470550135,1.8301935341289386,0.1308166419111766,0.21066119116361032,-0.004110155448952674,54.49869470550135,-0.01669764764302884,12.53597507044414,-7.782980758989197,0.5198298813042991,0.0,0.37915718997279796,0.0,0.025750257810941552,1.362137715476416,-0.010368925478925269,-75.71655121277924,0.513283949047286,-0.03409090909090912,-0.23640346415377664,0.38131580308629215,0.0,-0.11929266296936085,-0.017854033565047348,0.4488595561330917,-0.23640346415377664,0.38131580308629215,0.0,Education & Training Services,Consumer Defensive,VSTA
2022Q2,2022,Q2,2022-06-30,2022-06-30,-74661000.0,189956000.0,-58486000.0,-0.88,109990000.0,0.5790288277,7417977000.0,4621351000.0,1327451000.0,888143000.0,2796626000.0,225916000.0,-247685000.0,2122776638.73,2985197638.73,55.35944369242564,1.4946365619050086,0.1361803898825785,0.21859040786990644,-0.006551314746734124,55.35944369242564,-0.016155665302202755,11.17509654198867,-7.108050517438824,0.4593411404435629,0.0,0.35396342003222436,0.0,0.025607520756669912,1.1714870240490551,-0.0100648734823524,19.163822684210526,0.5790288277285266,-4.666666666666667,-0.3554663553292055,0.3690831323354713,0.0,-0.562392577503342,-4.697919762258544,-1.7454054191838086,-0.3554663553292055,0.3690831323354713,0.0,Education & Training Services,Consumer Defensive,VSTA
2022Q1,2022,Q1,2022-03-31,2022-03-31,20190000.0,380581000.0,78462000.0,0.24,251344000.0,0.6604218287,7403265000.0,4689525000.0,1330977000.0,809149000.0,2713740000.0,208744000.0,-173024000.0,2220582157.7939997,3059655157.7939997,56.23336211238219,1.6449096519924018,0.13305899491643214,0.21005773505845474,0.010168690765725352,56.23336211238219,0.00430534009307979,5.8347162832458785,27.496064360995543,0.4735196331811857,0.0,0.6191171961828843,0.0,0.05140718318201496,1.3160715764340065,0.002727175104497813,-114.52793634504098,0.6604218287302834,0.0,0.3529058158888198,0.07302506674363277,0.0,-0.04191872410336166,0.020676406652848693,-0.07600452211597343,0.3529058158888198,0.07302506674363277,0.0,Education & Training Services,Consumer Defensive,VSTA
2021Q4,2021,Q4,2021-12-31,2021-12-31,19781000.0,398260000.0,84916000.0,0.24,262341000.0,0.658717923,7333407000.0,4665209000.0,1300129000.0,778252000.0,2668198000.0,242363000.0,-193214000.0,1938064306.2840002,2619939306.2840004,56.71710798259051,1.6705758546075051,0.1352397323645067,0.2125881177027653,0.006230791993451612,56.71710798259051,0.004240110142975374,4.866329298156983,24.4940132738992,0.4154292564993337,0.0,0.5608075490070679,0.0,0.05430763627329016,1.3076702661862738,0.0026973819944808735,-26.645919463854597,0.6587179229648973,1.2823529411764705,20.195374212395095,0.6314599260491461,0.0,4.4870427307523375,1.2793098092373731,2.037585532746823,20.195374212395095,0.6314599260491461,0.0,Education & Training Services,Consumer Defensive,VSTA
2021Q3,2021,Q3,2021-09-30,2021-09-30,-70821000.0,127192000.0,-81840000.0,-0.85,47811000.0,0.3758962827850808,6640624000.0,4652520000.0,1217326000.0,609586000.0,1988104000.0,240636000.0,-212995000.0,2038193064.3306239,2620394064.3306236,55.8399624075347,1.9969717152296804,0.14457421471235232,0.20635333109798562,-0.009694541823598118,55.8399624075347,-0.01522207319904052,16.024538212549718,-7.194875334754606,0.43808367601442316,0.0,0.3298799847071926,0.0,0.019153621707839505,1.5404848536547755,-0.010664811017759776,-143.52461547289795,0.3758962827850808,-0.14864864864864863,-0.15488234858462774,-0.06691668404603189,0.0,-0.3502880904495298,-0.138656205283213,-0.3440851385307691,-0.15488234858462774,-0.06691668404603189,0.0,Education & Training Services,Consumer Defensive,VSTA
2021Q2,2021,Q2,2021-06-30,2021-06-30,-62197000.0,141135000.0,-60889000.0,-0.74,73588000.0,0.5214014950224962,6446585000.0,4729824000.0,1025486000.0,582218000.0,1716761000.0,249451000.0,-142174000.0,3402982647.4403195,3748201647.4403195,56.93918235662349,1.7613436891336234,0.10553137824134794,0.14383558457989135,-0.007414433890250788,56.93918235662349,-0.01314996075963926,24.111543185179578,-13.6782427104214,0.7194734196114526,0.0,0.2707826386745293,0.0,0.021892986751900424,1.282962739042764,-0.009648053969659905,-61.336000566686245,0.5214014950224962,-9.57142857142857,-0.13477003963282067,0.02224504775586421,0.0,-0.558957147138148,-10.273699474352004,-7.1305879983890454,-0.13477003963282067,0.02224504775586421,0.0,Education & Training Services,Consumer Defensive,VSTA
2021Q1,2021,Q1,2021-03-31,2021-03-31,-5517000.0,280832000.0,9932000.0,-0.07,166850000.0,0.5941274498632635,6869626000.0,4785071000.0,1451583000.0,956500000.0,2084555000.0,235447000.0,-79977000.0,4666759484.679999,5120727484.679999,57.643123885703275,1.5175985363303712,0.12650776039336056,0.18161924870080298,0.001355047734513354,57.643123885703275,-0.0011529609487508127,16.617620088451456,-211.4717910404205,0.9752748673279873,0.0,0.4841089502096013,0.0,0.04088024588238137,1.2443941453214846,-0.0008031004890222554,106.01452713948204,0.5941274498632635,-1.2592592592592593,-1.3713882476598866,-0.20456758444039233,0.0,-0.3149081890746641,-1.2479550561797752,-0.8212350834248276,-1.3713882476598866,-0.20456758444039233,0.0,Education & Training Services,Consumer Defensive,VSTA
2020Q4,2020,Q4,2020-12-31,2020-12-31,22250000.0,343562000.0,55559000.0,0.27,243544000.0,0.7088793289129764,6978270000.0,4785317000.0,1600244000.0,1096260000.0,2192953000.0,249632000.0,-74460000.0,6249355040.6,6925527040.6,57.646087312677686,1.4597303559374601,0.14148607032975222,0.20632447129416923,0.006569425550789534,57.646087312677686,0.004649639720837721,18.18989015257799,70.21747236629214,1.3059437944445478,0.0,0.4006617741315216,0.0,0.04923311938345751,1.206968237461916,0.003188469348420167,-62.20987338337183,0.7088793289129764,1.5510204081632653,22.394123813540393,0.39454005479082377,0.0,2.0756330113026458,1.5479485790277299,2.418551805137109,22.394123813540393,0.39454005479082377,0.0,Education & Training Services,Consumer Defensive,VSTA
2020Q3,2020,Q3,2020-09-30,2020-09-30,-40606000.0,141415000.0,-39166000.0,-0.49,79185000.0,0.5599476717462787,6991880000.0,4731058000.0,1574842000.0,1165228000.0,2260822000.0,239015000.0,-67899000.0,7226789611.330755,7874177611.330755,56.9927438441273,1.3515312024771118,0.13805600210529928,0.204028570353608,-0.004588583431439821,56.9927438441273,-0.008582858210573618,51.10341626652586,-44.493360656865704,1.527520823319172,0.0,0.26036022843754575,0.0,0.020225604558430636,1.1223537367794114,-0.005807593951841278,67.54135228070389,0.5599476717462787,0.2575757575757576,0.3353847161071739,0.04126322610097847,0.0,0.1026862179888875,0.2608758964651061,0.27924181082075816,0.3353847161071739,0.04126322610097847,0.0,Education & Training Services,Consumer Defensive,VSTA
2020Q2,2020,Q2,2020-06-30,2020-06-30,-54938000.0,120233000.0,-54340000.0,-0.66,71811000.0,0.5972653098566949,6238926000.0,3086671000.0,843641000.0,1245327000.0,3152255000.0,227702000.0,0.0,8319012839.230763,10028221839.230762,37.183617202345914,0.6774453617403301,0.30319625525290733,0.6128346688066205,-0.0070289484158424205,37.183617202345914,-0.01779846313390705,69.19076159815329,-37.85636917630221,2.69514076467196,0.0,0.2126551369772773,0.0,0.019271425883236954,0.45582967365198057,-0.008805682260055656,96.25033656015508,0.5972653098566949,-3.0,-0.003012433133113002,-0.12855693266652163,0.0,-0.6809605260235022,-2.987267136914451,-1.690022983835126,-0.003012433133113002,-0.12855693266652163,0.0,Education & Training Services,Consumer Defensive,VSTA
2020Q1,2020,Q1,2020-03-31,2020-03-31,27645000.0,392418000.0,78751000.0,0.33,225085000.0,0.5735847998817587,6326939000.0,3123245000.0,935614000.0,1186989000.0,3203694000.0,218707000.0,0.0,8212530351.158901,10000973351.158901,37.62420630807134,0.7882246592007172,0.2975166980430821,0.6026968745647555,0.01076755340852067,37.62420630807134,0.00885137092991424,20.928016429314916,74.26777311592423,2.629486431951032,0.0,0.7651012541893949,0.0,0.06202335758255295,0.5719707596279325,0.004369411495827603,106.1503011769734,0.5735847998817587,-0.32653061224489793,0.8609895658027601,0.11149569187716327,0.0,0.05107706388602222,-0.31412196695281097,-0.24284436923727754,0.8609895658027601,0.11149569187716327,0.0,Education & Training Services,Consumer Defensive,VSTA
2019Q4,2019,Q4,2019-12-31,2019-12-31,40306000.0,362848000.0,104009000.0,0.49,214147000.0,0.5901837684099127,6167794000.0,3100083000.0,767176000.0,1093726000.0,3067711000.0,222236000.0,0.0,6287223692.106729,8067789692.106729,37.34518501242929,0.7014334485968149,0.2957058877128516,0.5883239255207038,0.013388287762359362,37.34518501242929,0.013001587376854104,17.327431023753,38.996822384426196,2.0280823746031085,0.0,0.6691130149930704,0.0,0.058829461554649846,0.47753824998217104,0.0065349134552807695,-75.0722240517108,0.5901837684099127,1.662162162162162,39.755769230769225,0.4728305210646165,0.0,1.8356329449152542,1.6597050591682079,3.298744640410202,39.755769230769225,0.4728305210646165,0.0,Education & Training Services,Consumer Defensive,VSTA
2019Q3,2019,Q3,2019-09-30,2019-09-30,-61097000.0,135811000.0,-45246000.0,-0.74,75520000.0,0.556066887071003,,,,,,,,6499108978.070151,,,0.0,0.0,0.0,0.0,,0.0,47.85406909653969,-26.59340466009031,0.0,0.0,0.0,0.0,0.0,0.0,0.0,85.1326152142381,0.556066887071003,-0.12121212121212115,0.0,0.0,0.0,-0.046548916131150024,-0.11545834626549577,-0.05245283896629527,0.0,0.0,0.0,Education & Training Services,Consumer Defensive,VSTA
2019Q2,2019,Q2,2019-06-30,2019-06-30,-54773000.0,137970000.0,-42991000.0,-0.66,79207000.0,0.574088569978981,,,,,,,,6008006422.870237,,,0.0,0.0,0.0,0.0,,0.0,43.54574489287698,-27.422299412439692,0.0,0.0,0.0,0.0,0.0,0.0,0.0,40.68618190164517,0.574088569978981,-4.666666666666667,0.0,0.0,0.0,-0.5441586095764273,-4.687176035005049,-1.6826026897000683,0.0,0.0,0.0,Education & Training Services,Consumer Defensive,VSTA
2019Q1,2019,Q1,2019-03-31,2019-03-31,14855000.0,353054000.0,62981000.0,0.18,173760000.0,0.4921626719991843,,,,,,,,6022324053.522075,,,0.0,0.0,0.0,0.0,,0.0,17.057798675335995,101.35180164123317,0.0,0.0,0.0,0.0,0.0,0.0,0.0,-32.85573091350643,0.4921626719991843,19.0,0.0,0.0,0.0,-0.015289757336023302,15.283653846153847,0.5363467824559691,0.0,0.0,0.0,Education & Training Services,Consumer Defensive,VSTA
2018Q4,2018,Q4,2018-12-31,2018-12-31,-1040000.0,246361000.0,40994000.0,-0.01,176458000.0,0.7162578492537374,,,,,,,,6071301303.7300005,,,0.0,0.0,0.0,0.0,,0.0,24.64392214567241,-1459.44742878125,0.0,0.0,0.0,0.0,0.0,0.0,0.0,-442.7405603245096,0.7162578492537374,0.0,0.0,0.0,0.0,0.0,0.0,0.0,0.0,0.0,0.0,Education & Training Services,Consumer Defensive,VSTA
