Quarters,Year,Quarter,FillingDate,Date,NetIncome,Revenue,OperatingIncome,EPSDiluted,GrossProfit,GrossProfitRatio,TotalAssets,CommonStockEquity,CurrentAssets,CurrentLiability,TotalLiability,Inventory,RetainedEarnings,MarketCap,EnterpriseValue,bookValuePerShare,currentRatio,debtToAssets,debtToEquity,roic,shareholdersEquityPerShare,roe,priceToSalesRatio,peRatio,pbRatio,payoutRatio,inventoryTurnover,dividendYield,assetTurnover,quickRatio,returnOnAssets,priceToFreeCashFlowsRatio,grossProfitMargin,epsdilutedGrowth,fiveYNetIncomeGrowthPerShare,fiveYRevenueGrowthPerShare,fiveYShareholdersEquityGrowthPerShare,grossProfitGrowth,netIncomeGrowth,operatingIncomeGrowth,threeYNetIncomeGrowthPerShare,threeYRevenueGrowthPerShare,threeYShareholdersEquityGrowthPerShare,Industry,Sector,Symbol
2023Q1,2023,Q1,2023-05-15,2023-03-31,-230309.0,4186833.0,283999.0,-0.0491,2645839.0,0.6319428074,18799470.0,8799527.0,3978633.0,4736960.0,9999943.0,81455.0,-21501726.0,16376503.139999999,21648298.14,2.160052010956962,0.8399127288387489,0.35591072514278327,0.7603741655659446,-0.03085590678646559,2.160052010956962,-0.026172884065245778,3.9114297465411205,-17.776664329227252,1.8610662982226203,0.0,18.9183475538641,0.0,0.22271016150987236,0.7536436870904546,-0.012250824092381327,-53.01108725066844,0.6319428073677646,-22.380952380952383,0.9686222215418596,-0.30674015096507745,1.2420532613678998,0.024677803260734016,-24.66402941831959,-0.3082339931115452,0.8962543881187205,0.004200288574955863,-0.0373327682259189,Software—Application,Technology,INLX
2022Q4,2022,Q4,2023-03-27,2022-12-31,-8974.0,4038146.0,410542.0,-0.0021,2582118.0,0.6394315609,19943142.0,8568802.0,4893039.0,6002482.0,11374340.0,73221.0,-21614289.0,16086366.729999999,20413276.729999997,2.27452134805334,0.8151692916363598,0.3521707361859029,0.819646783762771,-0.0009624743405466235,2.27452134805334,-0.0010472875904939804,3.9836020614410668,-448.1381415756629,1.8773180579969055,0.0,19.885388071728055,0.0,0.2024829387465626,0.7487489341908897,-0.00044997924599844897,-291.2613929024081,0.6394315609192932,0.5714285714285714,0.9974501634334503,-0.25715085092068246,1.299962263394843,0.030298242148923564,0.608652043085779,-0.10362595878192937,0.9985067117878199,-0.3639695599983347,1.1321626784690517,Software—Application,Technology,INLX
2022Q3,2022,Q3,2022-11-14,2022-09-30,-22931.0,3859627.0,458003.0,-0.0049,2506185.0,0.6493334719,20759637.0,8249019.0,5644352.0,7129458.0,12510618.0,74540.0,-21815073.0,15782549.3694,19971572.369400002,2.024916802843174,0.791694403698009,0.38370853979768527,0.9656481576779008,-0.002451617599097563,2.024916802843174,-0.0027798457004402583,4.089138502088415,-172.06564660721293,1.9132637916581354,0.0,18.15725784813523,0.0,0.1859197730673229,0.7357160951084921,-0.001104595422357337,9.487909600117348,0.6493334718614001,0.9673333333333334,0.9931766895172432,-0.5116676384073721,1.2806304471964076,0.14489008313316748,0.9626916788012397,1.2469631853683425,0.9947699166890922,-0.5354190950861138,1.1293073949521832,Software—Application,Technology,INLX
2022Q2,2022,Q2,2022-08-15,2022-06-30,-614635.0,3415643.0,203832.0,-0.15,2189018.0,0.6408802091,19224762.0,7912484.0,3923941.0,5794652.0,11312278.0,85133.0,-22032609.0,20368785.0,26286490.0,1.942306328040676,0.6771659454269212,0.41773697900655415,1.0149649591708496,0.017102103285949584,1.942306328040676,-0.07767914601786241,5.9633822972717,-8.284910963417312,2.57425923388913,0.0,14.408337542433603,0.0,0.1776689355113993,0.6076156083229847,-0.031971006975274906,-33.0188787825244,0.6408802090850829,-2.1982942430703627,0.8248051346378314,-0.6048325944826195,1.295453968319305,0.3414440290298602,-3.63082115922156,-0.10099236977903232,0.8819846988797069,-0.5150804533837938,1.1317503442648411,Software—Application,Technology,INLX
2022Q1,2022,Q1,2022-05-16,2022-03-31,-132727.0,2703512.0,226730.0,-0.0469,1631837.0,0.6035989483,12000042.0,2722070.0,3908546.0,5426504.0,9277972.0,65713.0,-21658442.0,14522511.87,17943414.869999997,0.9615567351572769,0.7202696247897357,0.4661367851879185,2.054929153181219,0.12355040559825008,0.9615567351572769,-0.04875958369917012,5.371720883798555,-27.354102537539458,5.335098608779348,0.0,16.308416903808986,0.0,0.22529187814509316,0.669260724768654,-0.011060544621427158,34.566874547756875,0.6035989483309118,-0.6810035842293906,0.9637327415992891,-0.5333951530952884,1.1650089811323936,0.014641016234634301,-0.5347710453283996,0.6303300496153017,0.9741303302764139,-0.31513079331798793,1.0702801728564912,Software—Application,Technology,INLX
2021Q4,2021,Q4,2022-03-24,2021-12-31,-86480.0,2744038.0,139070.0,-0.0279,1608290.0,0.5861033994,11962132.0,2661736.0,3684268.0,3557324.0,9300396.0,76691.0,-21638316.0,21342424.32,25277073.32,0.9428509085138459,1.03568525104826,0.4754402476080351,2.136680346961532,-0.03724046596825481,0.9428509085138459,-0.03249007414709799,7.777743719292517,-61.69757261794634,8.018234836212155,0.0,14.809403971782869,0.0,0.2293937234599986,0.9703999410793057,-0.007229480497289279,-278.5599060260778,0.586103399442719,-1.2790000000000001,0.9737139278917942,-0.520927243012113,1.1615882327945553,-0.16047796103921186,-1.2917314640210231,-0.660363350404306,0.9803364588239745,-0.45574048622090724,1.0737924796468337,Software—Application,Technology,INLX
2021Q3,2021,Q3,2021-11-15,2021-09-30,296437.0,3171362.0,409467.0,0.1,1915721.0,0.6040688511749841,12206818.0,2612482.0,3749803.0,3757276.0,9594336.0,58427.0,-21664611.0,14115360.0,18076099.0,0.9254039571077182,0.9980110590757773,0.47432393929359806,2.216277853780428,0.03278220104066057,0.9254039571077182,0.11346948993332777,4.450882617626117,11.904182001572003,5.403045839167504,0.0,21.49076625532716,0.0,0.25980251364442397,0.9318564832607453,0.02428454327737171,20.498158625416778,0.6040688511749841,0.6666666666666669,1.1430656235140169,-0.44411945475924874,1.158979418954194,0.05603651904808367,0.5403565657038042,0.3393617647636057,1.0775834806840197,-0.4082187379618137,1.079588586998698,Software—Application,Technology,INLX
2021Q2,2021,Q2,2021-08-16,2021-06-30,192447.0,2909646.0,305718.0,0.06,1814067.0,0.6234665660358683,11238046.0,2292947.0,2967914.0,3348040.0,8945099.0,60922.0,-21961048.0,12703824.0,17123233.0,0.8122169749832806,0.8864631246938507,0.49475148971627275,2.4248445341300955,0.025988245367976393,0.8122169749832806,0.08392998180943563,4.366106392324014,16.50301641490904,5.540391470016534,0.0,17.983306523095106,0.0,0.2589103123443346,0.7928014599586624,0.017124596215391894,137.61833781090215,0.6234665660358683,-0.7777777777777778,1.056965346372891,-0.45630086907384587,1.1573806791491015,0.1303274214532458,-0.7716499836254646,1.7608571970415323,1.0361072514381402,-0.33513437708176125,1.0763991858050885,Software—Application,Technology,INLX
2021Q1,2021,Q1,2021-05-17,2021-03-31,842772.0,2635219.0,110733.0,0.27,1604904.0,0.6090211098204741,10593732.0,2077402.0,3711578.0,3256511.0,8516330.0,75877.0,-22153495.0,11742286.4,13921680.4,0.7359718563839492,1.139740661094036,0.39480383305902017,2.0133060428361964,0.012518468282036286,0.7359718563839492,0.4056855630253557,4.455905334623043,3.4832334249358072,5.652390052575284,0.0,13.57875245463052,0.0,0.2487526586475852,1.0453598959131414,0.0795538342861609,123.38222549122624,0.6090211098204741,1.5294117647058825,1.1812599007582683,-0.49674990727811064,1.176700827937993,0.01332043613899926,1.5904630188179558,1.0843777717495664,1.16571322241586,-0.37025764438731346,1.0824722678940495,Software—Application,Technology,INLX
2020Q4,2020,Q4,2021-03-30,2020-12-31,-1427307.0,2695805.0,-1312348.0,-0.51,1583807.0,0.5875079985384699,10344633.0,1154032.0,3465734.0,3624988.0,9190601.0,79784.0,-22996267.0,13239174.15,16429596.15,0.41056116177760227,0.9560677166379585,0.49284532375387313,4.417818570022321,-0.1463397227731428,0.41056116177760227,-1.2368001927156267,4.91102811590601,-2.3189079416691714,11.472103156584913,0.0,13.937606537651659,0.0,0.2605993852077691,0.8893226681026254,-0.1379756053211361,26.6976965750607,0.5875079985384699,-9.500000000000002,0.9743137076833182,-0.7488760701047639,1.0321467320209488,0.062748021531322,-10.16862268986915,-5.839558802379311,0.45645716162556227,-0.3353436010483976,1.0541445150445508,Software—Application,Technology,INLX
2020Q3,2020,Q3,2020-11-16,2020-09-30,155673.0,2511282.0,271171.0,0.06,1490294.0,0.5934395261065862,10382409.0,2555221.0,3381670.0,3145252.0,7827188.0,79975.0,-21568960.0,9838027.5,13534908.5,0.9090514841516757,1.0751666321172357,0.5017015800475593,2.0385207385192907,0.02572110502930784,0.9090514841516757,0.060923497419596975,3.9175319617629563,15.79918723863483,3.8501669718587945,0.0,12.76633948108784,0.0,0.24187854668410771,0.9838620244101267,0.014993919041332316,-33.51466049382716,0.5934395261065862,1.5999999999999999,1.0311172022141235,-0.7953653118666152,1.0271623448854472,0.27224082780074665,1.5513359021943929,2.6379016670693405,1.0671336972851893,-0.5395093828024239,1.125984200518188,Software—Application,Technology,INLX
2020Q2,2020,Q2,2020-08-14,2020-06-30,-282356.0,1836182.0,-165560.0,-0.1,1171393.0,0.6379503774680287,10424416.0,2385579.0,3252500.0,3134286.0,8038837.0,87904.0,-21724633.0,8994768.0,12459713.0,0.8486992438270782,1.0377164049483678,0.5124278424805764,2.239188473741595,-0.015587278686721872,0.8486992438270782,-0.11835952613600303,4.898625517514059,-7.964031222995085,3.770475846744124,0.0,7.562670640698944,0.0,0.1761424333027385,0.9347535610981257,-0.027086025730362256,-3567.936533121777,0.6379503774680287,0.8148148148148149,0.97773548222832,-0.8415089219030835,1.0262061283202306,0.5289841736009137,0.5630591246512362,0.8008916341053052,0.8833576558297752,-0.6921214015357325,1.1290999034901215,Software—Application,Technology,INLX
2020Q1,2020,Q1,2020-05-15,2020-03-31,-646211.0,1213664.0,-831507.0,-0.54,766125.0,0.6312496704194901,9496318.0,2660825.0,2794756.0,2234087.0,6835493.0,105586.0,-21442277.0,94867.68000000001,3484775.68,2.2438200238479533,1.2509611308780724,0.46724477844992135,1.6675673898133099,-0.06373569522952831,2.2438200238479533,-0.24286114269070683,0.07816634587497034,-0.036701510806841725,0.03565348341209963,0.0,4.238620650465024,0.0,0.12780363926313335,1.0838293226718565,-0.06804858472515347,-0.6253926021635804,0.6312496704194901,0.6625,0.6282996188582808,-0.7502412725126397,1.072333104956766,0.6067720895115455,-0.09339557674704278,-1.5352832846506126,0.5784725349048323,-0.4999476228759225,1.3850531564516098,Software—Application,Technology,INLX
2019Q4,2019,Q4,2020-03-30,2019-12-31,-591013.0,624394.0,-327974.0,-1.6,476810.0,0.7636364218746496,986574.0,-6376258.0,872132.0,7309514.0,7362832.0,0.0,-20796066.0,25934.79,4529847.79,-17.21001249672737,0.11931463569260556,4.974870612848099,-0.7697426923440049,0.23984087344100213,-17.21001249672737,0.09268963081481332,0.04153593724475251,-0.01097048203677415,-0.0040673997193965495,0.0,0.0,0.0,0.6328911972137924,0.10038095556010974,-0.5990559248469958,-0.10955430236978837,0.7636364218746496,-0.6000000000000001,0.07500640161101164,-0.5802220850211379,0.4522035118041928,-0.21561563340012305,-0.48215311232768154,-1.1352891006985812,-0.3688135844730242,-0.169370533461084,-1.9494965541283684,Software—Application,Technology,INLX
2019Q3,2019,Q3,2019-11-14,2019-09-30,-398753.0,755568.0,-153597.0,-1.0,607878.0,0.8045311606632362,905677.0,-5801877.0,779114.0,1235218.0,6707554.0,0.0,-20205053.0,25934.79,4163137.79,-15.659713843836792,0.6307501995599157,4.902722493780895,-0.7653183616267633,0.12286600144946318,-15.659713843836792,0.0687282753495119,0.034324892001778795,-0.01625993409453973,-0.0044700689104577715,0.0,0.0,0.0,0.8342576878953534,0.5279011478135843,-0.4402816898298179,-0.2665035194985357,0.8045311606632362,0.3333333333333333,0.7718134369258157,-0.12831089408869542,0.47259943301508495,0.19074091486060835,0.15814863763612028,0.3444849881569682,-0.46637181602821576,0.00912850028035663,-1.6902545518209082,Software—Application,Technology,INLX
2019Q2,2019,Q2,2019-08-14,2019-06-30,-473662.0,640608.0,-234315.0,-1.5,510504.0,0.7969054398321594,868484.0,-5461987.0,729693.0,1066746.0,6330471.0,0.0,-19806300.0,48164.61,4100340.61,-14.742324499253705,0.6840363122992728,5.14045163756615,-0.8173582251294264,0.2676818046287823,-14.742324499253705,0.08671972306049062,0.07518577663719467,-0.025421402814665314,-0.00881814804758781,0.0,0.0,0.0,0.737616352172291,0.549448509767086,-0.5453894372262471,-0.13188918097428737,0.7969054398321594,0.25,0.5358408435051016,-0.2830643716812325,0.4485721266257058,0.3689370374343023,0.29288664826461924,0.4634490938984122,-0.06832994147541098,-0.08788814280352278,-1.8565729520449241,Software—Application,Technology,INLX
2019Q1,2019,Q1,2019-05-15,2019-03-31,-669853.0,515385.0,-436706.0,-2.0,372920.0,0.7235755794212094,1209521.0,-5056821.0,1063794.0,1240398.0,6266342.0,0.0,-19332638.0,48048.39,3581438.39,-13.681763946721212,0.8576231177412411,3.573598143397262,-0.8547547955523837,0.7260536111817703,-13.681763946721212,0.1324652385362266,0.09322814982973893,-0.01793243816180565,-0.009501698794558875,0.0,0.0,0.0,0.4261066984368192,0.7567490434521823,-0.5538167588656997,-0.16659000842512559,0.7235755794212094,-0.3333333333333333,0.39268665627517857,-0.36930679224229035,0.4294625400787462,-0.1889182023615591,-0.21261651366846307,-0.35673542935255376,-0.10025917004572699,-0.24833768793802816,-2.2848797084661747,Software—Application,Technology,INLX
2018Q4,2018,Q4,2019-04-01,2018-12-31,-552403.0,633266.0,-321880.0,-1.5,459781.0,0.7260471902802298,1406279.0,-4530592.0,1386864.0,1243713.0,5936871.0,0.0,-18662785.0,1772940.0,4921980.0,-12.777059573364017,1.1150997054786755,3.0133920793811186,-0.935345756139595,1.098859081939902,-12.777059573364017,0.12192733311673176,2.799676597196123,-0.8023761637789801,-0.39132634322402016,0.0,0.0,0.0,0.45031320242995876,0.9844465724809501,-0.3928118104586643,-7.587366799332392,0.7260471902802298,0.0,0.5927073477976531,0.019394967913737494,0.3914602336384591,0.11772856889338354,-0.15104101551104776,-0.17786543908311805,0.9211945946664905,-0.5323706621783905,-0.00043732422777549703,Software—Application,Technology,INLX
2018Q3,2018,Q3,2018-11-14,2018-09-30,-479916.0,673111.0,-273274.0,-1.5,411353.0,0.6111220883331279,1747643.0,-4122917.0,1726196.0,1566346.0,5870560.0,0.0,-18110382.0,42195.972,2976294.972,-11.627344975013255,1.1020528031482189,2.4417898850051185,-1.035038299340006,-1.8916932022705246,-11.627344975013255,0.11640205223631715,0.06268798459689412,-0.021980915410196783,-0.010234494655119178,0.0,0.0,0.0,0.3851536040255361,0.9741442822977809,-0.27460757145481085,-0.39753141457440294,0.6111220883331279,0.25,0.6617232904884275,-0.32592603081642035,0.32286223576131967,0.054543077392412265,0.28312004911487176,0.3928566667703478,0.23955391173374718,-0.5652031272388354,0.652576383384808,Software—Application,Technology,INLX
2018Q2,2018,Q2,2018-08-14,2018-06-30,-669451.0,549678.0,-450098.0,-2.0,390077.0,0.7096463747866933,728145.0,-3769705.0,704269.0,2674161.0,4497850.0,0.0,-17630465.0,49216.8144,2823238.8144,-10.631225534987083,0.2633607325811722,4.1955846706356565,-0.810406649857217,0.6297622395625645,-10.631225534987083,0.17758710562232324,0.08953753724908038,-0.018379543237667884,-0.013055879544951132,0.0,0.0,0.0,0.7549018396061224,0.17963540714265147,-0.9193924287058209,-0.11852447561204685,0.7096463747866933,0.0,0.37521730077673704,-0.6390522019537345,0.19278843078784558,0.03245777022556073,-0.04845812908176849,-0.047894655969603704,0.5815428231486803,-0.6238912796086403,0.6717291047475596,Software—Application,Technology,INLX
2018Q1,2018,Q1,2018-05-15,2018-03-31,-638510.0,525374.0,-429526.0,-2.0,377814.0,0.7191334173369828,1125821.0,-3162477.0,1102971.0,2596604.0,4288298.0,0.0,-16961015.0,53157.6,2285479.6,-8.923870716510903,0.4247744361481381,2.613568231539472,-0.9304130907513319,1.9517964983391423,-8.923870716510903,0.20190186363410706,0.10118049237305234,-0.020813143098776837,-0.016808849518905593,0.0,0.0,0.0,0.46665855406854195,0.35477839516537757,-0.5671505505759796,-0.1310087836039393,0.7191334173369828,-1.1408506234291065,0.6963971802619248,-0.5270946539460647,0.2643986110833791,0.0952273280690159,-0.9667278596422059,0.21282639611770052,-0.22896793122230155,-0.638219656646686,0.7123248432149063,Software—Application,Technology,INLX
2017Q4,2017,Q4,2018-04-02,2017-12-31,-324656.0,501454.0,-545656.0,-0.9342081031307551,344964.0,0.687927506810196,1609230.0,-2635137.0,1584186.0,2680306.0,4244367.0,0.0,-16314087.0,62553.6,1762665.6,-7.582691643646409,0.5910466939222612,1.7561398929923007,-1.072442533348361,-2.8583940994049115,-7.582691643646409,0.12320270255398486,0.12474444315929277,-0.048169139027154896,-0.023738272431376432,0.0,0.0,0.0,0.31161114321756367,0.5304379425334271,-0.2017461767429143,-0.19829202883390076,0.687927506810196,0.06579189686924491,0.5355051657418775,-0.8244665036178846,0.8329743008395981,-0.2963967675745795,-0.13242875579894658,-2.757780272300922,0.45828605058976724,-0.6405844547336497,0.7586421361256378,Software—Application,Technology,INLX
2017Q3,2017,Q3,2017-11-14,2017-09-30,-286690.0,674240.0,-145207.0,-1.0,490282.0,0.7271624347413383,839985.0,-2507565.0,805732.0,2283128.0,3347550.0,0.0,-15989431.0,104256.0,1479799.0,-7.215599102209945,0.35290706434330443,1.856278385923558,-0.6218167824164079,0.1531204162312471,-7.215599102209945,0.1143300373071087,0.15462743236829615,-0.09091353029404584,-0.04157658924095686,0.0,0.0,0.0,0.8026810002559569,0.28065574948053723,-0.3413037137567933,-0.5969595465086318,0.7271624347413383,0.0,0.8419921478432216,-0.7428055016111065,0.867370791355592,-0.06473999465873106,0.04207403051302785,0.09864741556434242,0.8250944701514545,-0.17070801470724434,0.7569871904690579,Software—Application,Technology,INLX
2017Q2,2017,Q2,2017-08-14,2017-06-30,-299282.0,737354.0,-161099.0,-1.0,524220.0,0.7109475231706887,843407.0,-2284587.0,813697.0,1912251.0,3127994.0,0.0,-15702740.0,243263.99999999997,1397966.0,-6.573972720994475,0.4255178844199846,1.7314523118731526,-0.6392048103223908,0.1954449281059073,-6.573972720994475,0.13100048280061122,0.32991480347295865,-0.20320634050828315,-0.10648051485892197,0.0,0.0,0.0,0.8742564384692089,0.3247392732439413,-0.3548488452194492,-2.6888913451973027,0.7109475231706887,0.3333333333333333,0.48347244256427135,-0.7773322047274991,0.8777349861868355,0.041122987642846075,0.33301538413537507,0.49004134141168576,0.6873316891551129,-0.12023083133041743,0.7541044631501553,Software—Application,Technology,INLX
2017Q1,2017,Q1,2017-05-15,2017-03-31,-448709.0,710394.0,-315906.0,-1.5,503514.0,0.7087813241665892,1105909.0,-2022609.0,1073419.0,1896001.0,3128518.0,0.0,-15403459.0,312382.8,1292043.8,-5.827299390363362,0.5661489630016018,1.3333791478322357,-0.7290563821282314,0.5764571278418578,-5.827299390363362,0.22184663471783225,0.4397317544911697,-0.17404531667517256,-0.1544454711711458,0.0,0.0,0.0,0.6423620749989375,0.4543589375744,-0.40573772344740844,-0.5633685668477937,0.7087813241665892,-0.28713241487032104,0.9015744266504296,-0.5035925541790764,0.895026663689934,0.1371395017954335,-0.14520920640916354,0.14699997569846657,0.5667994683441552,-0.07428660520329797,0.7569982492516738,Software—Application,Technology,INLX
2016Q4,2016,Q4,2017-03-30,2016-12-31,-391814.0,682148.0,-370347.0,-1.1653812635517578,442790.0,0.6491113365428031,1129131.0,-1961757.0,1100063.0,2046472.0,3090888.0,0.0,-14954750.0,302589.9,896675.9,-5.834898322779445,0.5375411928430978,1.137186030673146,-0.6545316264960441,0.5464561584713564,-5.834898322779445,0.199726061892477,0.44358394366032006,-0.19306986223054817,-0.1542443330137219,0.0,0.0,0.0,0.6041353926160915,0.46394135859176183,-0.3470049090849512,-27.428381073241482,0.6491113365428031,-1.3307625271035155,-1.2423899346124512,0.0,0.07107196972237123,-0.1762536928034052,-0.5877892911126691,-0.6483089508329513,0.6953209363382452,0.1581026086181994,0.7220982150314351,Software—Application,Technology,INLX
2016Q3,2016,Q3,2016-11-14,2016-09-30,-246767.0,679445.0,-224683.0,-0.5,537532.0,0.7911339402011937,692296.0,-1957052.0,660702.0,1874897.0,2649348.0,0.0,-14562936.0,297210.524,1144940.524,-5.8209041346059465,0.3523937581637818,1.4549889064793093,-0.5146940398108992,0.2365659439295239,-5.8209041346059465,0.12609118204319558,0.4374313211518224,-0.3011044061807292,-0.15186644197497054,0.0,0.0,0.0,0.9814371309382114,0.2606207167647076,-0.35644724222009083,-1.7128808690891275,0.7911339402011937,0.5,-2.5490409647893095,0.0,-0.010289592130103114,0.17449434200550176,0.3860967648844175,0.4053677101087198,0.8165549213457735,-0.28239196783225573,0.6610099708897416,Software—Application,Technology,INLX
2016Q2,2016,Q2,2016-08-15,2016-06-30,-401964.0,636749.0,-377852.0,-1.0,457671.0,0.7187620239686281,883256.0,-1733522.0,853080.0,1749794.0,2616778.0,0.0,-14316169.0,302309.10000000003,975816.1000000001,-5.160842991494467,0.4875316751571899,1.217482813589718,-0.6203261337323668,0.5740922219538024,-5.160842991494467,0.23187706876520747,0.47476965020753864,-0.18802000925456014,-0.17439011446061833,0.0,0.0,0.0,0.7209110382493864,0.3904431035881938,-0.4550934270471981,-0.5660795071530224,0.7187620239686281,0.3333333333333333,-6.358147599148062,0.0,0.07092407069462882,0.0082391376662973,0.24973822478138735,0.04846422914300536,0.6039840455391347,-0.558612900152692,0.6081456313844574,Software—Application,Technology,INLX
2016Q1,2016,Q1,2016-05-16,2016-03-31,-535765.0,603391.0,-397097.0,-1.5,453931.0,0.7522999182951022,1381797.0,-1354715.0,1351865.0,1779131.0,2736512.0,0.0,-13914204.0,341518.8,480277.80000000005,-4.165073050151266,0.759845677468382,0.8273284715482809,-0.8438675293327379,1.8773940382478784,-4.165073050151266,0.3954817064843897,0.5659991614061197,-0.15936035388649875,-0.25209641880395506,0.0,0.0,0.0,0.436671233184035,0.717071986267453,-0.3877306145548152,-0.6221185111510653,0.7522999182951022,0.9241221054201413,-4.059399514142316,0.0,0.22757150742528814,0.05933158618178933,0.8097597696231342,0.5050683823428602,0.7224372220062418,-0.4082295643601291,0.6566698893382926,Software—Application,Technology,INLX
2015Q4,2015,Q4,2016-03-28,2015-12-31,-2816255.0,544072.0,-802327.0,-19.76860333705365,428507.0,0.7875924509991324,1417810.0,-1819437.0,1380667.0,2174447.0,3237247.0,0.0,-13378439.0,128015.4546,419145.45460000006,-12.77147429822899,0.6349508633689394,0.9932557959105945,-0.7740020676725823,1.9512365359968287,-12.77147429822899,1.5478716767879295,0.2352913853313532,-0.011363979344910171,-0.07035992705435802,0.0,0.0,0.0,0.38374112187105464,0.6135564582627215,-1.9863416113583625,-0.6080281112557114,0.7875924509991324,-8.884301668526826,-205.8552328283178,0.0,-1.5207162927590787,-0.12777438527927049,-10.107164971426092,-7.583332441829366,-8.829088507996063,-0.5354108162874279,0.7186797875714498,Software—Application,Technology,INLX
2015Q3,2015,Q3,2015-11-16,2015-09-30,-253553.0,621974.0,-93475.0,-2.0,491280.0,0.7898722454636368,540875.0,-4767791.0,499907.0,4035470.0,5308666.0,0.0,-10562184.0,106845.75,3368893.75,-33.4673419391974,0.12387825953358593,6.34909914490409,-0.7202641642639117,0.07008581998347482,-33.4673419391974,0.0531803931841811,0.17178491383884215,-0.10534853659787105,-0.0224099063906115,0.0,0.0,0.0,1.149940374393344,0.11066245071825587,-0.4687829905246129,-1.31949058351343,0.7898722454636368,0.5555555555555556,-22.95836602883249,0.0,-5.732465692380115,0.05714132013556404,0.6055135653185881,0.8291230295906448,0.6591065211331403,-0.4212337390925439,0.38484012014080893,Software—Application,Technology,INLX
2015Q2,2015,Q2,2015-08-17,2015-06-30,-642742.0,587170.0,-547031.0,-4.5,464725.0,0.7914658446446514,422257.0,-4613642.0,379586.0,4167283.0,5035899.0,0.0,-10308610.0,4060110.0,7230374.0,-32.385525761617295,0.09108716638634813,7.741768638530563,-0.708554326495207,0.4068276234432474,-32.385525761617295,0.13931336675017264,6.9147095389750834,-1.5792145215343014,-0.8800227672628262,0.0,0.0,0.0,1.3905512519626673,0.07864092743401396,-1.5221583064342332,-47.611961301671066,0.7914658446446514,-2.0,-74.77971056051953,0.0,-5.613677049920338,-0.011723850475716552,-2.077426181550056,-3.8428251458519616,-1.7060538991084424,-0.5674542090646568,0.3976828133245219,Software—Application,Technology,INLX
2015Q1,2015,Q1,2015-05-15,2015-03-31,-208857.0,583775.0,-112957.0,-1.5,470238.0,0.8055123977559847,386102.0,-4419233.0,336880.0,3922384.0,4805335.0,0.0,-9665868.0,68381.28,3184154.28,-31.02065126596051,0.08588654247008962,8.276434724502852,-0.7231001397753863,0.0923088866824387,-31.02065126596051,0.047260916091095444,0.11713636246841677,-0.08185179333227997,-0.015473562946330278,0.0,0.0,0.0,1.5119709299615127,0.0780321355583747,-0.5409373688817981,-0.2749007232189878,0.8055123977559847,0.1302035152636448,-4.825323641689174,0.0,-5.412918361163293,0.08288888274794816,0.10552215027238154,0.2808493028585981,0.8883803069904191,-0.006121924938911517,0.44119204458861777,Software—Application,Technology,INLX
2014Q4,2014,Q4,2015-03-31,2014-12-31,-233496.0,543576.0,-157070.0,-1.7245413453868652,434244.0,0.7988652920658749,385290.0,-4253709.0,328810.0,3700894.0,4638999.0,0.0,-9457011.0,2030940.0,3147088.0,-31.416799610032793,0.08884610042870722,3.374676217913779,-0.3056694757445796,0.05318133185259423,-31.416799610032793,0.05489233043445144,3.736257671420372,-2.174491211840888,-0.47745156050872306,0.0,0.0,0.0,1.4108230164291833,0.07650637926944139,-0.6060266292922214,-13.12799363942522,0.7988652920658749,0.6167685899140299,-27.89106138082474,0.0,-5.851272918810469,0.6894615824550346,0.634367821311632,0.7234074400176095,-2.3183081585958356,0.0,-4.001620279386978,Software—Application,Technology,INLX
2014Q3,2014,Q3,2014-11-12,2014-09-30,-638609.0,316762.0,-567875.0,-4.5,257031.0,0.8114325581982688,169692.0,-4020213.0,104676.0,2259602.0,4189905.0,0.0,-9223515.0,1692450.0,4371508.0,-29.69225826464593,0.04632497227387832,15.871950357117601,-0.669950323527634,0.4279808873514361,-29.69225826464593,0.15884954354408584,5.342970432059401,-0.6625532994367446,-0.42098515675661957,0.0,0.0,0.0,1.8666878815736747,0.02629799407152233,-3.7633418192961363,-4.886277023281597,0.8114325581982688,-0.2857142857142857,-78.01673612116312,0.0,-5.560591479484936,-0.0030486740595073248,-0.7134022333478216,-0.7907146145647417,-21.80683654017227,0.0,-4.15345705717271,Software—Application,Technology,INLX
2014Q2,2014,Q2,2014-08-14,2014-06-30,-372714.0,326352.0,-317122.0,-3.5,257817.0,0.7899966906898074,725088.0,-3617729.0,657316.0,2569090.0,4342817.0,0.0,-8584906.0,3315315.5,5431658.5,-26.73481920498969,0.25585557532044423,3.4443198618650426,-0.6903322498727793,0.28307033689370825,-26.73481920498969,0.10302430060405299,10.158710533411776,-2.2237664133893547,-0.9164079177848866,0.0,0.0,0.0,0.45008605851979344,0.23770868284100596,-0.5140258837547994,-19.833661370217044,0.7899966906898074,0.0,-35.697228626064025,0.0,-4.986086789448032,0.09358019978367373,0.07703394069664357,0.10875222726225205,-15.935849016374377,0.0,-3.8129108051966036,Software—Application,Technology,INLX
2014Q1,2014,Q1,2014-05-15,2014-03-31,-403822.0,299183.0,-355818.0,-3.5,235755.0,0.7879959757071758,331587.0,-3245015.0,256361.0,2479020.0,3576602.0,0.0,-8212192.0,3788932.0,5953534.0,-23.980483154619826,0.10341223548014941,6.586307665861448,-0.6730119891587558,0.3353353796741248,-23.980483154619826,0.12444380072203057,12.664262341108953,-2.3456696267167216,-1.167616174347422,0.0,0.0,0.0,0.9022760240902086,0.08185411977313616,-1.2178462967486663,-10.06123950109802,0.7879959757071758,0.08495463573344046,-15.948352465875766,0.0,-4.461151336162043,0.8331428304835662,0.21980030448928492,0.2526951389836916,-8.166027336429272,0.0,-3.447270967711729,Software—Application,Technology,INLX
2013Q4,2013,Q4,2014-03-31,2013-12-31,-517588.0,237071.0,-476135.0,-3.824946977142899,128607.0,0.5424830535999764,526024.0,-2841193.0,443873.0,1696340.0,3367217.0,0.0,-7808370.0,2368082.5,4156097.5,-20.996260687708304,0.2616651143049153,3.8944515839581464,-0.7210263435113349,0.6007118183033946,-20.996260687708304,0.1821727703820191,9.988916822386543,-1.1438067053331995,-0.8334817451683149,0.0,0.0,0.0,0.4506847596307393,0.238531780185576,-0.9839627089258285,-11.18217383708027,0.5424830535999764,-0.09284199346939978,-106.76912294690284,0.0,-3.9812879394152954,-0.5168093116222451,0.04400345762561598,0.0503339842152817,-39.02358103011987,0.0,-3.1440490867888617,Software—Application,Technology,INLX
2013Q3,2013,Q3,2013-11-14,2013-09-30,-541412.0,381078.0,-501371.0,-3.5,266162.0,0.6984449377817664,852984.0,-2323605.0,760701.0,1647178.0,3176589.0,0.0,-7290782.0,4736165.0,6312406.0,-17.171313710565403,0.46182076254053905,2.04835729626816,-0.7519419178388753,0.8698483142461081,-17.171313710565403,0.23300517945175708,12.428334881572802,-2.1869505108863487,-2.0382831849647425,0.0,0.0,0.0,0.44675867308179285,0.4273612202202798,-0.6347270288774467,-12.522315172731071,0.6984449377817664,0.0,-36.90471798307031,0.0,-3.1084273609122293,-0.3325944518694788,-0.3240467881449816,-0.3636069408181027,-52.85841004006061,0.0,-2.454271350844252,Software—Application,Technology,INLX
2013Q2,2013,Q2,2013-08-14,2013-06-30,-408907.0,581164.0,-367680.0,-3.5,398801.0,0.6862107769923808,1478971.0,-1782193.0,1383322.0,1636746.0,3261164.0,0.0,-6749370.0,5683398.0,6643506.0,-13.170308678012695,0.8451659573324144,1.0329898287390356,-0.8572371230276407,1.4451069248637156,-13.170308678012695,0.22944035803080812,9.779335953362562,-3.474749759725317,-3.1889913157553647,0.0,0.0,0.0,0.39295158593373364,0.801914286028498,-0.27648074235397446,-7.92484543241276,0.6862107769923808,0.5,-21.554343466586698,0.0,-2.2327866353961126,1.2738344347072474,0.3913235694711349,0.4125466537144026,-49.75454839448671,0.0,-1.6896017957310245,Software—Application,Technology,INLX
2013Q1,2013,Q1,2013-05-15,2013-03-31,-671797.0,354871.0,-625888.0,-7.0,175387.0,0.49422747984478865,1938708.0,-1373286.0,1847155.0,1641995.0,3311994.0,0.0,-6340463.0,11093698.0,11319144.0,-12.131394598987642,1.1249455692617822,0.8196169820313322,-1.1570772584880353,-2.9014982940216587,-12.131394598987642,0.48918943322803843,31.261213229596105,-4.1283669025017975,-8.078213860768987,0.0,0.0,0.0,0.18304510013885536,1.0911768915252482,-0.34651788717021853,-9.442899714764572,0.49422747984478865,-2.4804491942538545,-32.22582278567583,0.0,-2.0790329614721497,-0.7151522927554967,-2.5402082608741474,-5.951221679253665,-22.580597672984226,0.0,-1.50793068473497,Software—Application,Technology,INLX
2012Q4,2012,Q4,2013-04-01,2012-12-31,-189762.0,775600.0,-90040.0,-2.011234645101801,615722.0,0.7938653945332645,514043.0,-4283380.0,418675.0,2495530.0,4797423.0,0.0,-5668666.0,11557997.5,13691553.5,-45.39835295863319,0.16776997271120764,4.2404857181208575,-0.5088953116464101,,-45.39835295863319,0.04430192978442258,14.902008122743682,-15.226965224860614,-2.6983357768864775,0.0,0.0,0.0,1.5088231918341461,0.15173089483997387,-0.36915588773701813,634.8455179611117,0.7938653945332645,0.42536152997091403,-41.77023466283192,0.0,-15.996797681563354,0.27161429559793887,0.6147801391372839,0.7779920161944518,-32.69400434400276,0.0,-8.90032435018476,Software—Application,Technology,INLX
2012Q3,2012,Q3,2012-11-14,2012-09-30,-492607.0,711737.0,-405571.0,-3.5,484205.0,0.6803144981924503,458350.0,-5133100.0,353657.0,3555208.0,5591450.0,0.0,-5478906.0,18162567.5,21636529.5,-54.40429884155971,0.09947575500505175,7.625541616668484,-0.6809076386589,,-54.40429884155971,0.09596676472307183,25.518650147456153,-9.217574811157778,-3.5383233328787673,0.0,0.0,0.0,1.552824260935966,0.08506140850268114,-1.0747398276426312,-72.23678663331093,0.6803144981924503,-1.0992023031248126,-22.99253806676801,0.0,-16.77691982289895,-0.1891034175538373,-2.172991948470209,-3.889991439491675,-86.46694489880042,0.0,-11.020789265876507,Software—Application,Technology,INLX
2012Q2,2012,Q2,2012-08-13,2012-06-30,-155250.0,887285.0,-82939.0,-1.6673,597123.0,0.6729776790997256,575881.0,-5006682.0,462369.0,3480581.0,5582563.0,0.0,-4986298.0,52796772.0,56158345.0,-53.768224580093644,0.13284247658652393,5.867425735525221,-0.6748858825066182,0.05095337531784809,-53.768224580093644,0.031008560160201905,59.50373555283815,-85.01895652173913,-10.545261712247752,0.0,0.0,0.0,1.540743660582655,0.11996100651012001,-0.26958694591417326,-172.88027636339822,0.6729776790997256,0.8809071428571428,-4.801598743125996,0.0,-17.91395914063627,9.590855075291321,0.864749846019551,0.9240849628932637,-21.213839943336986,0.0,-11.039028817928289,Software—Application,Technology,INLX
2012Q1,2012,Q1,2012-05-15,2012-03-31,-1147873.0,360328.0,-1092524.0,-14.0,56381.0,0.15647132612508605,410979.0,-4851432.0,296514.0,3138835.0,5262411.0,0.0,-4831048.0,55975857.0,59032036.0,-55.51218619127171,0.09446625897825149,7.77822954457527,-0.6589165838045344,,-55.51218619127171,0.23660498590931503,155.34695333140917,-12.191213008756195,-11.53800712861687,0.0,0.0,0.0,0.8767552600011193,0.07971397031064073,-2.7930210546037633,-84.47273372066702,0.15647132612508605,-25.93835920177384,-48152.55736778268,0.0,-20.72349945716973,0.0,-168.67819660014783,-200.31269578035747,-73.59479329454248,0.0,-11.641965878545527,Software—Application,Technology,INLX
2011Q4,2011,Q4,2012-01-31,2011-12-31,-6765.0,0.0,-5427.0,-0.5197050011523392,0.0,0.0,68.0,-81764.0,68.0,81832.0,81832.0,0.0,-118108.0,5786056.5,5857983.5,-6.28132442190981,0.0008309707693811712,1058.75,-0.8805219901179003,0.5555328078616031,-6.28132442190981,0.08273812435790813,0.0,-213.82322616407984,-70.76533070789101,0.0,0.0,0.0,0.0,0.0008309707693811712,-99.48529411764706,-4617.762569832402,0.0,-1.5130014858841008,-3.0591019923832676,0.0,-1.4583235402457133,0.0,-1.513001485884101,-3.334664536741214,-13.64285714285714,0.0,-0.49022180910201024,Software—Application,Technology,INLX
2011Q3,2011,Q3,2011-11-02,2011-09-30,-2692.0,0.0,-1252.0,-0.2068064838288392,0.0,0.0,1321.0,-74999.0,1321.0,76320.0,76320.0,0.0,-111343.0,5786056.5,5856730.5,-5.761619420757471,0.017308700209643604,54.5003785011355,-0.9599461326151015,0.4167776298268975,-5.761619420757471,0.03589381191749223,0.0,-537.3380850668648,-77.14844864598194,0.0,0.0,0.0,0.0,0.017308700209643604,-2.037850113550341,-4621.450878594249,0.0,-0.2716107699574869,-0.23968922664043532,0.0,-1.3738788879077837,0.0,-0.271610769957487,-0.8493353028064993,-0.9592430858806403,0.0,-0.3785313849829978,Software—Application,Technology,INLX
2011Q2,2011,Q2,2011-08-02,2011-06-30,-2117.0,0.0,-677.0,-0.16263347929630484,0.0,0.0,2573.0,-72307.0,2573.0,74880.0,74880.0,0.0,-108651.0,5786056.5,5855478.5,-5.554812936928632,0.0343616452991453,27.980956082394094,-0.995685065069772,2.1698717948717947,-5.554812936928632,0.02927793989516921,0.0,-683.2848960793575,-80.02069647475348,0.0,0.0,0.0,0.0,0.0343616452991453,-0.8227749708511465,-6077.79044117647,0.0,0.5004719207173195,0.5582047556341784,0.0,0.0,0.0,0.5004719207173195,0.7576083064804869,-0.21387614678899078,0.0,-0.36348550847617433,Software—Application,Technology,INLX
2011Q1,2011,Q1,2011-05-02,2011-03-31,-4238.0,0.0,-2793.0,-0.32557424905892296,0.0,0.0,3525.0,-70190.0,3525.0,73715.0,73715.0,0.0,-106534.0,5786056.5,5854526.5,-5.392179457632327,0.04781930407651089,20.424113475177304,-1.0257159139478558,-1.5473684210526315,-5.392179457632327,0.060378971363442085,0.0,-341.3199917413874,-82.43420002849409,0.0,0.0,0.0,0.0,0.04781930407651089,-1.2022695035460993,-2071.627819548872,0.0,-2.406752411575563,-21.521137960374027,0.0,0.0,0.0,-2.4067524115755625,-1.245176848874598,-0.8227956989247313,0.0,-0.3685729327119934,Software—Application,Technology,INLX
2010Q4,2010,Q4,2011-03-17,2010-12-31,-1244.0,0.0,-1244.0,-0.0955673350234309,0.0,0.0,1318.0,-65952.0,1318.0,67270.0,67270.0,0.0,-102296.0,5786056.5,5784738.5,-5.066605208573404,0.019592686189980675,0.0,0.0,0.01886220281416788,-5.066605208573404,0.01886220281416788,0.0,-1162.7927049839227,-87.73132732896653,0.0,0.0,0.0,0.0,0.019592686189980675,-0.9438543247344461,-617.5746077489594,0.0,-0.2864529472595656,0.6834396786565754,0.0,-1.4574255193511951,0.0,-0.28645294725956566,-0.28645294725956566,-1.0323025734507099,0.0,-0.8968984126130276,Software—Application,Technology,INLX
2010Q3,2010,Q3,2010-11-05,2010-09-30,-967.0,0.0,-967.0,-0.07428747023123608,0.0,0.0,3687.0,-64708.0,3687.0,68395.0,68395.0,0.0,-101052.0,5786056.5,5782369.5,-4.971037873549973,0.05390744937495431,0.0,0.0,0.014944056376336775,-4.971037873549973,0.014944056376336775,0.0,-1495.87810237849,-89.41794677628732,0.0,0.0,0.0,0.0,0.05390744937495431,-0.2622728505560076,-3692.4419272495215,0.0,-0.247741935483871,0.3686770436676919,0.0,0.0,0.0,-0.24774193548387097,-0.24774193548387097,0.6586203016272778,0.0,-0.6243154235302059,Software—Application,Technology,INLX
2010Q2,2010,Q2,2010-08-13,2010-06-30,-775.0,0.0,-775.0,-0.05953752784819851,0.0,0.0,5254.0,-63741.0,5254.0,68995.0,68995.0,0.0,-100085.0,5786056.5,5780802.5,-4.8967504033187375,0.0761504456844699,0.0,0.0,0.012158579250403978,-4.8967504033187375,0.012158579250403978,0.0,-1866.4698387096773,-90.77448580976137,0.0,0.0,0.0,0.0,0.0761504456844699,-0.14750666159116863,1436.102382725242,0.0,0.7634310134310134,-0.5012137867748652,0.0,-1.9818400705323649,0.0,0.7634310134310134,0.7634310134310134,0.7928279379298924,0.0,-0.722521763989096,Software—Application,Technology,INLX
2010Q1,2010,Q1,2010-05-17,2010-03-31,-3276.0,0.0,-3276.0,-0.25167089191057845,0.0,0.0,1225.0,-62966.0,1225.0,64191.0,64191.0,0.0,-99310.0,5786056.5,5784831.5,-4.837212875470539,0.01908367216587995,0.0,0.0,0.05202807864561827,-4.837212875470539,0.05202807864561827,0.0,-441.54887820512823,-91.89175904456373,0.0,0.0,0.0,0.0,0.01908367216587995,-2.6742857142857144,6289.191847826087,0.0,-3.216216216216216,-3.976676504436692,0.0,-2.018482748510704,0.0,-3.2162162162162162,-3.2162162162162162,-921.6758239225626,0.0,-0.8929391631673985,Software—Application,Technology,INLX
2009Q4,2009,Q4,2010-03-24,2009-12-31,-777.0,0.0,-777.0,-0.05969117308135515,0.0,0.0,305.0,-59690.0,305.0,59995.0,59995.0,0.0,-96034.0,5786056.5,5785751.5,-4.58554198355996,0.005083756979748312,0.0,0.0,0.013017255821745686,-4.58554198355996,0.013017255821745686,0.0,-1861.6655405405404,-96.93510638297873,0.0,0.0,0.0,0.0,0.005083756979748312,-2.5475409836065572,-7446.6621621621625,0.0,0.0,-2.180810737657911,0.0,-1.954675739064207,0.0,0.0,0.0,0.5337882855754915,0.0,-0.7946447350578081,Software—Application,Technology,INLX
2009Q3,2009,Q3,2009-11-04,2009-09-30,-777.0,0.0,-777.0,-0.05969117308135515,0.0,0.0,1082.0,-58913.0,1082.0,59995.0,59995.0,0.0,-95257.0,5786056.5,5784974.5,-4.525850810478605,0.01803483623635303,0.0,0.0,0.01318893962283367,-4.525850810478605,0.01318893962283367,0.0,-1861.6655405405404,-98.21357764839678,0.0,0.0,0.0,0.0,0.01803483623635303,-0.7181146025878004,-7446.6621621621625,0.0,0.2047082906857728,-1.128791622090119,0.0,-1.9519078885210217,0.0,0.2047082906857728,0.2047082906857728,0.6421847960254018,0.0,-0.8647225552782207,Software—Application,Technology,INLX
2009Q2,2009,Q2,2009-08-05,2009-06-30,-977.0,0.0,-977.0,-0.07505569639701928,0.0,0.0,1859.0,-58136.0,1859.0,59995.0,59995.0,0.0,-94480.0,5786056.5,5784197.5,-4.46615963739725,0.030985915492957747,0.0,0.0,0.016805421769643593,-4.46615963739725,0.016805421769643593,0.0,-1480.5671699078812,-99.52622299435805,0.0,0.0,0.0,0.0,0.030985915492957747,-0.5255513717052178,7808.443319838057,0.0,0.5737347294938918,-0.10421024932083504,0.0,-1.9672419380641868,0.0,0.5737347294938918,0.5737347294938918,0.7961105556233312,0.0,0.0,Software—Application,Technology,INLX
2009Q1,2009,Q1,2009-05-14,2009-03-31,-2292.0,0.0,-2292.0,-0.17607743719751096,0.0,0.0,1118.0,-57159.0,1118.0,58277.0,58277.0,0.0,-93503.0,5786056.5,5784938.5,-4.391103941000231,0.019184240781097175,0.0,0.0,0.040098672125124656,-4.391103941000231,0.040098672125124656,0.0,-631.114365183246,-101.22739201175668,0.0,0.0,0.0,0.0,0.019184240781097175,-2.0500894454382825,5844.501515151515,0.0,-3.961038961038961,0.0,0.0,-2.0553549570117755,0.0,-3.961038961038961,-3.961038961038961,-11.179907551953107,0.0,0.0,Software—Application,Technology,INLX
2008Q4,2008,Q4,2009-03-30,2008-12-31,-462.0,0.0,-462.0,-0.035492048859184146,0.0,0.0,128.0,-54867.0,128.0,54995.0,54995.0,0.0,-91211.0,5786056.5,5785928.5,-4.2150265038027195,0.0023274843167560687,0.0,0.0,0.008420361966209197,-4.2150265038027195,0.008420361966209197,0.0,-3130.9829545454545,-105.45603914921537,0.0,0.0,0.0,0.0,0.0023274843167560687,-3.609375,-12523.931818181818,0.0,0.6637554585152837,-0.8912928710398389,0.0,-1.7159355633311417,0.0,0.6637554585152838,0.6637554585152838,0.8824349931988246,0.0,-1.044389343313956,Software—Application,Technology,INLX
2008Q3,2008,Q3,2008-11-07,2008-09-30,-1374.0,0.0,-1374.0,-0.10555427517861259,0.0,0.0,590.0,-54405.0,590.0,54995.0,54995.0,0.0,-90749.0,5786056.5,5785466.5,-4.179534454943536,0.010728248022547505,0.0,0.0,0.02525503170664461,-4.179534454943536,0.02525503170664461,0.0,-1052.7759279475981,-106.35155776123517,0.0,0.0,0.0,0.0,0.010728248022547505,-2.328813559322034,14574.449622166247,0.0,0.21215596330275235,-2.7644268838504806,0.0,-1.726029037309018,0.0,0.2121559633027523,0.2121559633027523,0.10295993588356635,0.0,0.0,Software—Application,Technology,INLX
2008Q2,2008,Q2,2008-08-08,2008-06-30,-1744.0,0.0,-1744.0,-0.13397864331259124,0.0,0.0,193.0,-53031.0,193.0,53224.0,53224.0,0.0,-89375.0,5786056.5,5785863.5,-4.073980179764923,0.0036261836765369006,0.0,0.0,0.032886424921272465,-4.073980179764923,0.032886424921272465,0.0,-829.4232368119266,-109.10706002149686,0.0,0.0,0.0,0.0,0.0036261836765369006,-9.036269430051814,-5700.548275862069,0.0,0.24983962310979152,-0.9710774563106822,0.0,-1.706684450555282,0.0,0.24989247311827956,0.24989247311827956,-2.37821528275531,0.0,-1.480820206466824,Software—Application,Technology,INLX
2008Q1,2008,Q1,2008-05-14,2008-03-31,-2325.0,0.0,-2325.0,-0.1786,0.0,0.0,1208.0,-51287.0,1208.0,52495.0,52495.0,0.0,-87631.0,5786056.5,5784848.5,-3.9400015364523315,0.023011715401466806,0.0,0.0,0.0453331253534034,-3.9400015364523315,0.0453331253534034,0.0,-622.1566129032258,-112.81721488876323,0.0,0.0,0.0,0.0,0.023011715401466806,-1.9246688741721854,-4060.3905263157894,0.0,-2.798047099767982,0.0,0.0,-1.7414753526174869,0.0,-1.697215777262181,-1.697215777262181,-2.5319819514088246,0.0,-1.458611389049145,Software—Application,Technology,INLX
2007Q4,2007,Q4,2008-03-27,2007-12-31,-862.0,0.0,-862.0,-0.047024166712126995,0.0,0.0,2633.0,-48962.0,2633.0,51595.0,51595.0,0.0,-85306.0,8148129.5,8145496.5,-2.670994490207845,0.05103207675162322,0.0,0.0,0.017605489971814877,-2.670994490207845,0.017605489971814877,0.0,-2363.1466067285382,-166.41741554675053,0.0,0.0,0.0,0.0,0.05103207675162322,-0.32738321306494494,-14498.451067615659,0.0,0.7839057407871647,-1.505813953488372,0.0,-0.7210446764385393,0.0,0.7839057407871647,0.7839057407871647,-1.505813953488372,0.0,-0.7210446764385393,Software—Application,Technology,INLX
2007Q3,2007,Q3,2007-11-09,2007-09-30,-3989.0,0.0,-3989.0,-0.21760951393813757,0.0,0.0,3195.0,-56100.0,3195.0,59295.0,59295.0,0.0,-84444.0,8148129.5,8144934.5,-3.060389504118706,0.05388312673918543,0.0,0.0,0.07110516934046346,-3.060389504118706,0.07110516934046346,0.0,-510.6624153923289,-145.24295008912657,0.0,0.0,0.0,0.0,0.05388312673918543,-1.2485133020344288,-2042.6496615693156,0.0,0.242786636294609,-6.760700389105058,0.0,-0.9960861056751469,0.0,0.24278663629460895,0.24278663629460895,-6.760700389105058,0.0,-0.9960861056751469,Software—Application,Technology,INLX
2007Q2,2007,Q2,2007-08-09,2007-06-30,-5268.0,0.0,-5268.0,-0.28738203044023786,0.0,0.0,7184.0,-52111.0,7184.0,59295.0,59295.0,0.0,-80455.0,8148129.5,8140945.5,-2.8427799901805684,0.12115692722826545,0.0,0.0,0.10109189998272917,-2.8427799901805684,0.10109189998272917,0.0,-386.68040527714504,-156.36102742223332,0.0,0.0,0.0,0.0,0.12115692722826545,-0.7332962138084632,1619.262619236884,0.0,-1052.6,-3.22792937399679,0.0,-0.8886955891413865,0.0,-1052.6,-1052.6,-3.22792937399679,0.0,-0.8886955891413865,Software—Application,Technology,INLX
2007Q1,2007,Q1,2007-05-14,2007-03-31,-5.0,0.0,-5.0,-0.00027276198788936775,0.0,0.0,2152.0,-46843.0,2152.0,48995.0,48995.0,0.0,-75187.0,8148129.5,8145977.5,-2.5553979597403305,0.04392284927033371,0.0,0.0,0.0001067395341886728,-2.5553979597403305,0.0001067395341886728,0.0,-407406.475,-173.94550946779668,0.0,0.0,0.0,0.0,0.04392284927033371,-0.0023234200743494425,-13467.982644628099,0.0,0.9978696207925011,0.0,0.0,-0.7780603530081608,0.0,0.9978696207925011,0.9980055843637814,0.0,0.0,-0.7780603530081608,Software—Application,Technology,INLX
