Quarters,Year,Quarter,FillingDate,Date,NetIncome,Revenue,OperatingIncome,EPSDiluted,GrossProfit,GrossProfitRatio,TotalAssets,CommonStockEquity,CurrentAssets,CurrentLiability,TotalLiability,Inventory,RetainedEarnings,MarketCap,EnterpriseValue,bookValuePerShare,currentRatio,debtToAssets,debtToEquity,roic,shareholdersEquityPerShare,roe,priceToSalesRatio,peRatio,pbRatio,payoutRatio,inventoryTurnover,dividendYield,assetTurnover,quickRatio,returnOnAssets,priceToFreeCashFlowsRatio,grossProfitMargin,epsdilutedGrowth,fiveYNetIncomeGrowthPerShare,fiveYRevenueGrowthPerShare,fiveYShareholdersEquityGrowthPerShare,grossProfitGrowth,netIncomeGrowth,operatingIncomeGrowth,threeYNetIncomeGrowthPerShare,threeYRevenueGrowthPerShare,threeYShareholdersEquityGrowthPerShare,Industry,Sector,Symbol
2023Q2,2023,Q2,2023-05-11,2023-03-31,-38792906.0,6585967.0,-35518766.0,-0.48,4092075.0,0.6213324482,70253570.0,16715902.0,43288277.0,39259798.0,53537668.0,7665194.0,-241209283.0,93767965.47999999,85869354.47999999,0.20679179953132112,1.1026107928522708,0.2220493563529939,0.9332287303431188,-0.9767143589569699,0.20679179953132112,-2.320718678537359,14.237539526086296,-0.6042855198834549,5.609506772652771,0.0,0.32535275689043225,0.0,0.0937456559147101,0.7056668503490517,-0.5521841238815337,-3.6489482838986165,0.6213324482190694,-0.04347826086956513,-5.68346791064122,0.6896146787375866,-0.7330450877239477,4.82871000135317,-0.05294819831367738,0.001949890130590908,-37.70435172067234,-0.46437246638927165,-0.5655585641314991,Biotechnology,Healthcare,VERU
2023Q1,2023,Q1,2023-02-09,2022-12-31,-36842179.0,2507794.0,-35588159.0,-0.46,702055.0,0.2799492303,103782452.0,49098858.0,73008645.0,40080447.0,54683594.0,8732627.0,-202416377.0,425349777.6,394625247.6,0.609479501089082,1.821552663821339,0.15612135469684219,0.3300006896290745,-0.5128488004069596,0.609479501089082,-0.7503673303358706,169.61113137681963,-2.8862962855698626,8.66312975344559,0.0,0.2067807316171869,0.0,0.024163950183023235,1.2672387860344971,-0.3549943009633266,-12.215817043007942,0.27994923027968005,0.09803921568627448,-4.710188394025529,-0.3602877186031415,-0.276069406700731,0.38909389499510294,0.101905490747931,0.20335485319212682,-7.999510232482117,-0.808598233462291,0.33725546449950056,Biotechnology,Healthcare,VERU
2022Q4,2022,Q4,2022-12-05,2022-09-30,-41022608.0,2588631.0,-44672536.0,-0.51,505405.0,0.1952402641,136126017.0,80838636.0,104769474.0,41437629.0,55287381.0,8618944.0,-165574198.0,925333701.12,860062229.12,1.0064056735346671,2.5283655587533738,0.10959846860134018,0.18455535296266007,-0.4475161314137825,1.0064056735346671,-0.5074628918775917,357.46064275673126,-5.639169144974887,11.446676328383374,0.0,0.2417031599230718,0.0,0.0190164309295849,2.0209064085206228,-0.3013575869188915,-44.006290921256905,0.19524026406235573,-0.8214285714285713,-9.131807322923134,-0.5360711589126587,0.1040459275685249,-0.9285002185008311,-0.8482335398729909,-1.0469664849458904,-9.853145314186136,-0.7598658144978289,1.0243694783797328,Biotechnology,Healthcare,VERU
2022Q3,2022,Q3,2022-08-11,2022-06-30,-22195576.0,9602195.0,-21823775.0,-0.28,7068623.0,0.736146579,160577308.0,116867796.0,128360694.0,27809438.0,43709512.0,7722551.0,-124551590.0,904999270.3000001,824272017.3000001,1.4592344305009546,4.61572412934055,0.12345055006153173,0.16962206594535248,-0.1547484506575183,1.4592344305009546,-0.1899203780654852,94.24920763429613,-10.193464570372043,7.743786580008749,0.0,0.3280744924831186,0.0,0.05979795725557935,3.914259432355303,-0.1382236150079188,-64.09866232004198,0.7361465789853258,-0.5555555555555558,-9.873506536380956,-0.13870326520237206,0.37821560186383685,-0.3674767643364219,-0.5655129169978763,-0.8549801767349224,-5.285629589253386,-0.22448599306835954,1.6431005155719227,Biotechnology,Healthcare,VERU
2022Q2,2022,Q2,2022-05-12,2022-03-31,-14177830.0,13028394.0,-11764964.0,-0.18,11175278.0,0.8577632823,172825249.0,135998443.0,140461353.0,21181458.0,36826806.0,6415463.0,-102356014.0,386653594.32,294876513.32,1.69886557202508,6.631335434982804,0.11710339847391164,0.1488136448738608,-0.0726980136452385,1.69886557202508,-0.10424994350854443,29.67776337743547,-6.817926197450527,2.84307368371857,0.0,0.28885148273787875,0.0,0.07538478362036094,5.790451016167065,-0.08203564052148422,-93.57762945975001,0.8577632822587342,-1.258469259723965,-2.0885265234980435,1.0961559378990997,0.5696222574281399,-0.05630800394727887,-1.2222283176536197,-1.4021558010555635,-1.7556771720829794,0.4643182951567614,2.1789017298260904,Biotechnology,Healthcare,VERU
2022Q1,2022,Q1,2022-02-09,2021-12-31,-6380006.0,14135132.0,-4897669.0,-0.0797,11842082.0,0.8377765415,172164557.0,148004235.0,145706668.0,13940503.0,24160322.0,4899868.0,-88178184.0,471336459.52,369440833.52,1.8495173172849142,10.452038064910571,0.08252764243455754,0.09599951650032176,-0.03055918474220709,1.8495173172849142,-0.04310691515009689,33.34503416876475,-18.4692796339063,3.1846146802488455,0.0,0.46798199461699785,0.0,0.08210245038994873,9.086867382044966,-0.037057604138580044,-52.60450970038954,0.8377765414571297,-0.4814126394052043,-0.8076918666870622,0.6868803086184476,0.6257339233208284,-0.03794696932646518,-0.48562945921275685,-1.6173583522246913,-1.3209372045951455,0.7341034958364668,2.1368909551597306,Biotechnology,Healthcare,VERU
2021Q4,2021,Q4,2021-12-02,2021-09-30,-4294480.0,15646460.0,-1871226.0,-0.0538,12309178.0,0.7867068973,178146723.0,152293944.0,151753487.0,15767310.0,25852779.0,5574253.0,-81798178.0,681436800.93,572819436.93,1.9063651105239408,9.624564177402487,0.07713962271424998,0.090234520421902,-0.010338134000634698,1.9063651105239408,-0.02819862620407283,43.55213900971849,-39.669343024650246,4.4744839028530246,0.0,0.5986958252522805,0.0,0.08782906436061695,8.635192623218545,-0.02410642153658925,-662.4245538110684,0.7867068972790011,-0.5917159763313611,0.11813442900063788,0.5788856116533215,0.613683773456867,-0.11273130354602486,-0.5947618633827305,0.3484280592674305,0.6257373688926521,1.0754111573906513,2.5653199861311218,Biotechnology,Healthcare,VERU
2021Q3,2021,Q3,2021-08-12,2021-06-30,-2692866.0,17655592.0,-2871864.0,-0.0338,13873112.0,0.7857630602,180073083.0,154968278.0,154405534.0,17211957.0,25104805.0,6945916.0,-77503698.0,643416015.9,533164422.9,1.9436786970723587,8.970829638953896,0.07166187630607734,0.08327107435497218,-0.008216110674729852,1.9436786970723587,-0.01737688535198152,36.442619193964155,-59.73338590743097,4.151920794396386,0.0,0.5445617251921848,0.0,0.09804681358179446,7.928762022819369,-0.014954294973669107,-49.582830734640666,0.7857630602247718,0.10817941952506613,-2.697227804088894,0.14115244350192932,0.5684795590748253,0.2717941384083679,0.053800429447701865,-0.951776867086672,0.7709173620078305,1.1650176988275351,1.9146709448181138,Biotechnology,Healthcare,VERU
2021Q2,2021,Q2,2021-05-12,2021-03-31,-2845981.0,13340487.0,-1471410.0,-0.0379,10908300.0,0.8176837922,181151249.0,155496006.0,156051653.0,18867200.0,25655243.0,7794523.0,-74810832.0,810011454.6750001,687874662.6750001,2.0684515693944685,8.271055217520352,0.08025537268031754,0.0934966844100163,-0.008651228393776208,2.0684515693944685,-0.018302598717551626,60.71828222425464,-71.1539759642633,5.2092106769288975,0.0,0.31203795280352625,0.0,0.07364280993723649,7.649482011109226,-0.015710523751343276,-312.21075804278235,0.817683792203388,-1.1647826086956523,-31.95256311789418,0.06534198482380614,0.7007474574926221,0.0066134010444018915,-1.1651979564771875,-3.1780500116199377,0.47276507411657576,2.680123809334291,1.6702379325797605,Biotechnology,Healthcare,VERU
2021Q1,2021,Q1,2021-02-10,2020-12-31,17227701.0,14616989.0,675563.0,0.23,10836633.0,0.7413724537,72788477.0,48748133.0,47567306.0,17062532.0,24040344.0,6665908.0,-71964851.0,608212544.85,592069256.85,0.6932960426753355,2.7878222294323023,0.20302949874881981,0.3031543382389639,0.010338586283338249,0.6932960426753355,0.3534022728624294,41.6099748621279,8.826084003460474,12.476632589190647,0.0,0.5671179380213468,0.0,0.20081460146500935,2.2023277670629424,0.23668170718835072,932.7626424918144,0.7413724536564952,2.3529411764705883,3.7072633412219136,-0.2768031254284956,-0.4282465603238955,0.13328450190108979,2.4559590519199377,-0.7558268979570888,4.059183130943393,3.271926492316997,-0.176513378039546,Biotechnology,Healthcare,VERU
2020Q4,2020,Q4,2020-12-10,2020-09-30,-11832545.0,11749186.0,2766738.0,-0.17,9562147.0,0.8138561259,51543675.0,30111316.0,27014690.0,14727141.0,21432359.0,6704134.0,-89192552.0,183042844.22,183590416.22,0.4310009946369702,1.8343472096858446,0.27425964485458204,0.4694696837561002,0.05520275479943406,0.4310009946369702,-0.3929600752089347,15.579193675204392,-3.8673599851088674,6.078872282433621,0.0,0.3262224472243544,0.0,0.22794622230564662,1.2776420759467164,-0.2295634721427993,-490.17035249191946,0.8138561258626767,-2.752759381898455,-7.886304655207938,-0.3285752618424585,-0.6284079188388753,0.4667853841577956,-2.911093813008614,2.9863833343384654,-2.3599766274988507,1.4209367326508344,-0.5271838132274406,Biotechnology,Healthcare,VERU
2020Q3,2020,Q3,2020-08-13,2020-06-30,-3025380.0,10321754.0,-1392852.0,-0.0453,6519118.0,0.6315901348,65187636.0,41279107.0,26858946.0,17372912.0,23908529.0,5194442.0,-77360007.0,222874131.88,221075693.88,0.6186102272929244,1.546024408573531,0.2085669282438774,0.3293672268637013,-0.02696802067059056,0.6186102272929244,-0.07329082966838406,21.592660693134132,-18.41703619710582,5.399199451674185,0.0,0.7320586118778495,0.0,0.1583391365810535,1.1246689098523035,-0.04641033462235078,67.13595958482328,0.6315901347774806,-2.653225806451613,-2.104986146120301,-0.43500015658460706,-0.4546931148979628,-0.12336182972146298,-2.732691432174103,-3.647828669438531,-0.7788516022841953,0.11120035514599452,-0.4157359167882621,Biotechnology,Healthcare,VERU
2020Q2,2020,Q2,2020-05-13,2020-03-31,-810509.0,9943104.0,-299678.0,-0.0124,7436498.0,0.7479050807,55876155.0,31114577.0,17459890.0,16820159.0,24761578.0,6016323.0,-74334627.0,213751702.11,225868597.11,0.4759946507356493,1.038033588148602,0.2626238151139784,0.4716248914455755,-0.005469641598243076,0.4759946507356493,-0.026049173029091797,21.497482286215654,-65.93131665101807,6.869825101912843,0.0,0.4166342132894128,0.0,0.1779489658871481,0.4969947073627544,-0.014505454070703326,-87.25050721632485,0.7479050807474206,0.7559055118110236,-1.2120731468201653,-0.6047855674406062,-0.5628501110650453,0.023029414253081023,0.7547702778220696,0.8320560549161535,0.7837717147374814,0.9591504022643009,-0.5602172352455095,Biotechnology,Healthcare,VERU
2020Q1,2020,Q1,2020-02-12,2019-12-31,-3305101.0,10578016.0,-1784393.0,-0.0508,7269095.0,0.6871888831,54536398.0,29642533.0,16815924.0,16908706.0,24893865.0,4595390.0,-73524118.0,217879011.85,228334121.85,0.4557689366535467,0.9945127675648272,0.26826243640073183,0.49354982585327645,-0.03818225521907661,0.4557689366535467,-0.11149860236303018,20.597341869212524,-16.48051087167987,7.3502157136841175,0.0,0.720052269774709,0.0,0.19396249821999612,0.5999938729788075,-0.06060358074986911,-86.03966255697863,0.6871888830570875,-0.07855626326963895,-2.799479545119775,-0.30386246929557753,-0.5559626905342759,0.24625882926580045,-0.07993708129210768,-0.22422036601890125,-0.15221414632133398,0.5532228475695516,-0.5993770836375525,Biotechnology,Healthcare,VERU
2019Q4,2019,Q4,2019-12-12,2019-09-30,-3060457.0,8728403.0,-1457575.0,-0.0471,5832733.0,0.6682474446,53628770.0,32333136.0,16806912.0,14019975.0,21295634.0,3647406.0,-70219017.0,140481224.64000002,146303621.64000002,0.49714525153786415,1.1987833073882086,0.22595239458223637,0.3747718439683673,-0.02882439730319215,0.49714525153786415,-0.09465388695980495,16.094722555775668,-11.47551040906636,4.344806660263329,0.0,0.793898458246765,0.0,0.16275597967285096,0.807149014174419,-0.05706744719298988,-142.1053466468266,0.6682474445783495,-0.0680272108843538,-1.3691706946350535,-0.31128520321324044,-0.4951096466624665,-0.11237364860196634,-0.10323473473689979,0.2087006420188469,0.2280483418581626,0.08188570406066384,-0.5791807030934911,Biotechnology,Healthcare,VERU
2019Q3,2019,Q3,2019-08-08,2019-06-30,-2774076.0,9727060.0,-1842002.0,-0.0441,6571158.0,0.6755543813,53840765.0,34736167.0,17142801.0,11663285.0,19104598.0,3130720.0,-67158560.0,135901501.92000002,138837242.92000002,0.5520919170133038,1.4698089774879033,0.2038391727903569,0.3159489934511197,-0.040290017034753774,0.5520919170133038,-0.07986131572893462,13.971487985064348,-12.247456623394601,3.912392001109392,0.0,1.0080435171462157,0.0,0.18066348054304207,1.097982086521936,-0.05152371070507635,-225.77625624242023,0.6755543812827308,0.31415241057542764,-2.086078229860114,-0.44106122701868694,-0.45564536321910404,0.42576924270279076,0.3123321934489909,0.13300825100372307,-3.215601125399287,-0.20330736517595616,-0.5544814645187395,Biotechnology,Healthcare,VERU
2019Q2,2019,Q2,2019-05-15,2019-03-31,-4034035.0,6976115.0,-2124590.0,-0.0643,4608851.0,0.6606615573,51012054.0,33544017.0,14142880.0,11272127.0,17468037.0,2998201.0,-64384484.0,87874161.19999999,92873696.19999999,0.5344190278313575,1.254677134138038,0.213597966472787,0.32482904477421415,-0.04810809148684318,0.5344190278313575,-0.12026093952909694,12.596432426931033,-5.445798140075631,2.6196672032452164,0.0,0.7895614736970603,0.0,0.13675424635910563,0.8803814045033382,-0.07908003469140842,-35.20461183815699,0.6606615573281117,-0.8691860465116278,-5.894179486946056,-0.2695896455150017,-0.44995511759189627,-0.007585786635889132,-0.8773449156225945,-1.0999637253923242,-53.54664691115512,-0.33277591489798075,-0.5605834740013078,Biotechnology,Healthcare,VERU
2019Q1,2019,Q1,2019-02-13,2018-12-31,-2148798.0,6371809.0,-1011727.0,-0.0344,4644080.0,0.7288479614,52334960.0,36881843.0,15373031.0,9742231.0,15453117.0,2698306.0,-60350449.0,87575307.39999999,88238363.39999999,0.5896020434636807,1.5779784938378079,0.1842408783726977,0.2614359320384288,-0.022724516058736332,0.5896020434636807,-0.058261676348440615,13.74418275877384,-10.188871569128413,2.3744829508655516,0.0,0.6403013594455188,0.0,0.12175052775429655,1.176966446392002,-0.04105855817984766,-58.132367683362745,0.7288479613874176,0.7542857142857143,-1.6679683369283143,-0.5663851197026434,-0.4264062618671111,0.45532672054792545,0.7286703686629137,0.7319606829640749,-1.6599672606457416,-0.6456381169622172,-0.5137618338486842,Biotechnology,Healthcare,VERU
2018Q4,2018,Q4,2018-12-13,2018-09-30,-7919511.0,5203268.0,-3774547.0,-0.14,3191091.0,0.6132859195,48452639.0,29481418.0,11182516.0,13552927.0,18971221.0,2302030.0,-58201651.0,72229082.24000001,79617666.24000001,0.534696778392847,0.8250996998655715,0.23008226652009606,0.37813964714994375,-0.1982542299541822,0.534696778392847,-0.2686272078229073,13.881484144195534,-2.2800991828914694,2.4499867082377107,0.0,0.8740880874706237,0.0,0.10738874305690553,0.5705144726301559,-0.16344849658240493,-25.631955587273076,0.6132859195413344,0.06666666666666654,-1.6207184513293862,-0.43881321075291657,-0.5150791447497575,0.03691183901192366,0.0013866703116622542,0.23972733249434813,-6.84005714941036,-0.6232299109582733,-0.5390054984896231,Biotechnology,Healthcare,VERU
2018Q3,2018,Q3,2018-08-14,2018-06-30,-7930508.0,5501730.0,-4964728.0,-0.15,3077495.0,0.5593685986,53470995.0,35870028.0,12858481.0,12720132.0,17600967.0,2653887.0,-50282140.0,108654606.18,114297475.18,0.6668604222812711,1.0108763808425887,0.20983916607499076,0.31280457879765244,-0.1243405016193524,0.6668604222812711,-0.2210900978387862,19.749170929871152,-3.4252095256697306,3.029119636594652,0.0,0.9134657956423917,0.0,0.10289185753883952,0.726888132921891,-0.1483142028683027,-23.65239445688873,0.559368598604439,-1.0891364902506961,-6.756583540158214,-0.6012660350006189,-0.29201012358546197,1.5658556798674006,-1.0699709778903153,-0.057101063546645944,-4.593307089029733,-0.6263968564904877,-0.41216041438022244,Biotechnology,Healthcare,VERU
2018Q2,2018,Q2,2018-05-11,2018-03-31,-3831217.0,2572872.0,-4696550.0,-0.0718,1199403.0,0.4661728217,58195100.0,41331218.0,16160155.0,10587927.0,16863882.0,3589057.0,-42351632.0,96574258.64,97709411.64,0.7746319322923046,1.5262813013350016,0.17368560239607803,0.24455245911214132,-0.06813958312630918,0.7746319322923046,-0.09269547778630671,37.5355861620788,-6.301800357432116,2.3365935801843536,0.0,0.3826824149073141,0.0,0.04421114492457269,1.127847878059605,-0.06583401351660191,-21.557461514920245,0.46617282165611035,0.10362047440699128,-1.5838293402302093,-0.855543970606455,-0.15044057650376785,-0.08723941983457112,0.10005163076159837,0.3684530565860844,-2.2281279381874013,-0.8747124214632673,-0.28858388924392836,Biotechnology,Healthcare,VERU
2018Q1,2018,Q1,2018-02-14,2017-12-31,-4257152.0,2586613.0,-7436581.0,-0.0801,1314039.0,0.508015308,51048185.0,44750588.0,10265191.0,6229151.0,6297597.0,3067036.0,-38520414.0,60595646.63999999,57023296.63999999,0.8419032248815688,1.6479277834170338,0.0,0.0,-0.09428593476742633,0.8419032248815688,-0.09513063828345675,23.426638093908906,-3.5584615395456867,1.3540748702564533,0.0,0.4149198118313577,0.0,0.05067002871894466,1.05514507514748,-0.08339477691518317,205.58458968339053,0.5080153080495613,-0.5892857142857144,-1.642144909117286,-0.8608736600007919,-0.02568012282443745,-0.26780575028459447,-0.5888838088555556,-3.045419285067716,-3.8360595941793507,-0.7917158119286353,-0.17976761305454989,Biotechnology,Healthcare,VERU
2017Q4,2017,Q4,2018-01-02,2017-09-30,-2679335.0,3692406.0,-1838272.0,-0.0504,1794659.0,0.4860405383,55306366.0,48453205.0,10297973.0,5487581.0,6853161.0,2767924.0,-34263262.0,140858301.4,137580699.4,0.9115614200498942,1.8765960812241314,0.0,0.0,-0.036226997419085756,0.9115614200498942,-0.055297374033358576,38.14810760246842,-13.143028158106397,2.907099775959093,0.0,0.6856210647402169,0.0,0.06676276651407544,1.245166495036702,-0.04844532725220095,250.03603679404708,0.48604053833733346,-0.9764705882352943,-1.1744853476673622,-0.8014258271281675,0.06645450697945922,-0.21798420332962368,-2.3920398942129846,-0.45187562789463376,-1.5378447303088951,-0.6435143665954024,-0.07423722536993471,Biotechnology,Healthcare,VERU
2017Q3,2017,Q3,2017-08-09,2017-06-30,-789889.0,4314068.0,-1266136.0,-0.0255,2294914.0,0.5319605532,57426795.0,32813077.0,12034566.0,4870877.0,24613718.0,2765369.0,-31583927.0,32540809.35,29869677.35,1.0587853079935763,2.4707185174250963,0.0,0.0,-0.02345249729004195,1.0587853079935763,-0.024072384311901014,7.542952347992661,-10.29917157663925,0.9917024651482701,0.0,0.7301571688986171,0.0,0.07512291082934369,1.7385745934459031,-0.01375471154188563,22.763149064138858,0.5319605532411635,0.5549738219895287,-1.2754354472981633,-0.5569014332983035,0.45976314833830767,0.7961922428198536,0.5554033958445201,0.509103675394972,-1.627827411057483,-0.49672995385726104,0.0439469841901412,Biotechnology,Healthcare,VERU
2017Q2,2017,Q2,2017-05-10,2017-03-31,-1776642.0,2405519.0,-2579233.0,-0.0573,1277655.0,0.5311348611,57177733.0,33533608.0,11700600.0,3407871.0,23644125.0,2538266.0,-30794038.0,31292321.97,30050728.97,1.0823403936745317,3.4334046095054656,0.0,0.0,-0.052544121495782595,1.0823403936745317,-0.052980937810211175,13.008553235289348,-4.403295932720267,0.9331629918856331,0.0,0.4443442885812598,0.0,0.0420709054694421,2.5101806963937308,-0.031072270738680737,-13.945935308853473,0.5311348611256033,-0.2993197278911564,-1.8297741657917934,-0.7267902763341436,0.7198451426886164,-0.22673402393293163,-0.3004440846417861,-0.3758184019757933,-5.366735589169881,-0.48975492438015256,0.11398689709849552,Biotechnology,Healthcare,VERU
2017Q1,2017,Q1,2017-02-09,2016-12-31,-1366181.0,3243599.0,-1874690.0,-0.0441,1652284.0,0.5093983566,60561087.0,35240027.0,15121794.0,4373743.0,25321060.0,2522281.0,-29017396.0,28188287.400000002,24702863.400000002,1.1376506885622288,3.45740341853648,0.0,0.0,-0.038327092745939664,1.1376506885622288,-0.03876787608590652,8.690435346662767,-5.158227094360118,0.7998940352684747,0.0,0.630903138865178,0.0,0.053559127827411686,2.7158817973529765,-0.022558726530123214,25.617751026499036,0.509398356578603,0.2698675496688742,-1.455643680663044,-0.6667405409430105,0.8437404771513609,-0.11574427138773782,0.21974469727991977,-1.6966028770182993,-1.857619925850367,-0.5542463351260594,0.10676229564672572,Biotechnology,Healthcare,VERU
2016Q4,2016,Q4,2016-12-12,2016-09-30,-1750941.0,3563106.0,2691189.0,-0.0604,1868559.0,0.5244185831,38623707.0,33933411.0,18314901.0,3346477.0,4690296.0,2492644.0,-27651215.0,35042872.519999996,32657790.519999996,1.1813746546140733,5.472890146861909,0.0,0.0,0.4414111310422704,1.1813746546140733,-0.05159932197797622,9.834922822952782,-5.003434227652446,1.032695254833061,0.0,0.6798190997190132,0.0,0.0922517872248772,3.9332913389214985,-0.04533332339125294,-42.445236954367836,0.5244185831125989,-4.02,-1.3710375964494954,-0.5204938210458087,0.9378608623452216,-0.4220700712886611,-4.070436539250655,2.171630806145767,-1.2634321243635245,-0.26233204281085915,0.07139827849406032,Biotechnology,Healthcare,VERU
2016Q3,2016,Q3,2016-07-28,2016-06-30,570258.0,5560776.0,848519.0,0.02,3233193.0,0.5814283834,40618411.0,35510822.0,25002133.0,4987234.0,5107589.0,2337436.0,-25900274.0,36106522.2,32895838.200000003,1.239212003641824,5.013226369566778,0.0,0.0,0.017001432036740385,1.239212003641824,0.016058710215156383,6.493072585552809,15.829029228875351,1.0167751734949984,0.0,0.9957846974205925,0.0,0.1369028443776395,4.386464922239462,0.014039397060608796,86.11389355288013,0.5814283833767085,15.666666666666668,0.3039244682460949,0.5061872975457853,1.513352633941047,0.1362896891292773,15.272164360108432,6.425367322114585,-0.22300745956158258,-0.24351378620530517,0.31564196043971393,Biotechnology,Healthcare,VERU
2016Q2,2016,Q2,2016-04-28,2016-03-31,35045.0,4772801.0,114273.0,0.0012,2845395.0,0.5961687906,39889763.0,34847377.0,24222654.0,4915634.0,5042386.0,2191693.0,-26470532.0,53580427.45,50789031.45,1.2162014767577223,4.927676470624135,0.0,0.0,0.015914839183276287,1.2162014767577223,0.0010056711011563366,11.226201857148455,382.225905621344,1.5375741895867803,0.0,0.8794142245287091,0.0,0.11964977079457705,4.351779648362754,0.0008785462074567854,-60.85586820573163,0.5961687906116345,-0.976,-0.5877387939761645,0.06075655697433906,1.327048874078817,-0.4733029427819849,-0.9764855944491375,-0.9522380885705867,-0.9900552591476054,-0.5009902165256337,0.3338404762013722,Biotechnology,Healthcare,VERU
2016Q1,2016,Q1,2016-02-02,2015-12-31,1490363.0,8230659.0,2392555.0,0.05,5402337.0,0.6563674914,39317137.0,34720217.0,23542106.0,4476556.0,4596920.0,1562117.0,-26505577.0,41518389.4,37846748.4,1.2125787001265516,5.258977213733058,0.0,0.0,0.04427086625331944,1.2125787001265516,0.0429249333320699,5.044357857615046,6.9644760034971345,1.1957986725716605,0.0,1.8105698868906746,0.0,0.20934024265296836,4.776809449049671,0.037906193424002366,-95.62637335808537,0.656367491351543,1.5,2.6675586805322906,1.144876283047389,1.143073247335929,0.31008811623893817,1.1212987726507357,2.1426527977176395,-0.5826792063256759,-0.1781802182512681,0.4032961215218045,Biotechnology,Healthcare,VERU
2015Q4,2015,Q4,2015-12-02,2015-09-30,702571.0,7154985.0,761317.0,0.02,4123644.0,0.5763316066,37471711.0,33133062.0,21585955.0,4225008.0,4338649.0,1745180.0,-27995940.0,45134313.18,41028499.18,1.1598766940625018,5.109092101127382,0.0,0.0,0.020648975442876843,1.1598766940625018,0.021204529783573883,6.308093333529001,16.060409972799903,1.36221376641857,0.0,1.7369789935708637,0.0,0.19094364279229203,4.311342132369927,0.018749370691933442,30.473755225887995,0.5763316065652129,-0.5,-0.8785122029572775,-0.12508794636520965,0.9589161543256556,-0.10985151758162648,-0.4000114434650129,-0.47634346919347825,-0.914864833991919,-0.28400685595772923,0.35696366774241706,Biotechnology,Healthcare,VERU
2015Q3,2015,Q3,2015-07-30,2015-06-30,1170974.0,7813207.0,1453848.0,0.04,4632535.0,0.5929108239,37164528.0,32375275.0,20852782.0,4605506.0,4789253.0,2546340.0,-28698511.0,51370034.4,48745308.4,1.1344258511923442,4.527793905816212,0.0,0.0,0.03611844124763647,1.1344258511923442,0.036168773855974966,6.574769412867213,10.967372973268407,1.5867057314571074,0.00011955858968687605,1.2491152006409199,2.7253242407795624e-06,0.21023291349213422,3.6825402029657544,0.0315078399488889,-166.28050599476913,0.5929108239420765,-0.3333333333333333,13.858191028337009,3.2476348866301468,1.5499733351227702,-0.2754992995894501,-0.29779787883476233,-0.5070687426192441,-0.5565928238354043,-0.1285461572745773,0.5640498971704166,Biotechnology,Healthcare,VERU
2015Q2,2015,Q2,2015-04-30,2015-03-31,1667574.0,10977467.0,2949393.0,0.06,6394107.0,0.5824756294,35894261.0,31056069.0,19298154.0,4645158.0,4838192.0,2808907.0,-29869485.0,80716294.97,77782492.97,1.0888591368405323,4.154466651080544,0.0,0.0,0.05325097190432055,1.0888591368405323,0.05369559167324107,7.35290709323016,12.100856539200059,2.599050606501422,0.0,1.631723656212185,0.0,0.30582791494161143,3.3165885853613593,0.04645795605041151,-49.403480051021596,0.5824756293961075,1.0,-0.13746391995599783,0.4588391453213824,1.4686643019822623,0.6739932973319968,1.0717341042616817,1.0286790443849396,-0.1539681109346568,0.35435069148705983,0.7302034632650283,Biotechnology,Healthcare,VERU
2015Q1,2015,Q1,2015-02-03,2014-12-31,804917.0,6659206.0,1453849.0,0.03,3819673.0,0.5735928578,32913013.0,29255608.0,14450888.0,3447225.0,3657405.0,3464673.0,-31537059.0,111730035.2,107161465.2,1.0264203636445288,4.192035042679256,0.0,0.0,0.027112345851677287,1.0264203636445288,0.027513254894582947,16.778281855224183,34.702346701585384,3.8190980409636333,0.00645780869331869,0.8195673877448175,4.652285297051442e-05,0.20232745023981852,3.0182015969366662,0.024455889225334673,-91.39807616640286,0.5735928577671272,2.5228426395939083,2.063551805760935,0.11953151106386985,1.1833236954220465,0.32316361556658596,2.4218108849521567,4.012677769558019,-0.7082494791531874,-0.2564311172072578,0.6634743775486415,Biotechnology,Healthcare,VERU
2014Q4,2014,Q4,2014-12-02,2014-09-30,-566121.0,5554113.0,-482577.0,-0.0197,2886773.0,0.5197540993,31673154.0,28065326.0,13072763.0,3378210.0,3607828.0,2983447.0,-32341976.0,99473934.4,93677711.4,0.9846598340640279,3.8697307153788545,0.0,0.0,-0.019582815627501464,0.9846598340640279,-0.020171545486412666,17.909958691873932,-43.92785923857267,3.544371243006406,0.0,0.8940463832607048,0.0,0.1753571178923324,2.5871905535771904,-0.0178738435711202,45.75815808043218,0.5197540993494371,-1.4925,-1.229199800485409,-0.35226512376147695,0.9990994464077225,-0.3077731178077199,-1.4882466377691035,-1.2380005227778244,-1.1208959271954317,-0.24675514096742107,0.6151808807675507,Biotechnology,Healthcare,VERU
2014Q3,2014,Q3,2014-07-31,2014-06-30,1159498.0,7900055.0,2027630.0,0.04,4170270.0,0.5278786034,32675200.0,28967614.0,14700544.0,3388250.0,3707586.0,3029417.0,-31775855.0,157374680.48,153232449.48,1.01421367562544,4.338683391131115,0.0,0.0,0.0403620305852079,1.01421367562544,0.04002739058867603,19.920706941913693,33.93164121024788,5.4327802241496315,1.7434527700780855,1.2311890373626344,0.012845331878255388,0.2417752607482127,2.845078432819302,0.0354855670355499,503.9037385170551,0.5278786033768119,3.0,0.5939816590586775,0.010552056052317755,1.4188278343233045,0.7478512670682134,2.091326940047616,1.5497627709460113,1.660007759895723,1.146869003593666,1.05701413924409,Biotechnology,Healthcare,VERU
2014Q2,2014,Q2,2014-05-01,2014-03-31,375081.0,4346223.0,795223.0,0.01,2385941.0,0.5489688403,33210549.0,27751230.0,15113335.0,5125987.0,5459319.0,4124655.0,-32935213.0,221646140.72,215704824.72,0.9715916735588267,2.948375600640423,0.0,0.0,0.012214043228165019,0.9715916735588267,0.013515833352251413,50.99741562271425,147.73218366166242,7.9868943005409125,5.389859790285298,0.475259627774929,0.009120997971960537,0.13086874896286718,1.6736763085821327,0.011294031905344292,-12401.865528200537,0.5489688403011074,-0.7999999999999999,-0.8304845027016445,-0.47010959683382514,1.5790096592065008,-0.35138102712686226,-0.7439026138823968,-0.49784988469572555,3.4262667697173153,-0.03100727023208173,0.8590187178911148,Biotechnology,Healthcare,VERU
2014Q1,2014,Q1,2014-02-03,2013-12-31,1464603.0,6690195.0,1583636.0,0.05,3678494.0,0.5498335998,34505602.0,29274428.0,16278093.0,4886971.0,5231174.0,2532874.0,-31283532.0,242076574.5,234085387.5,1.027908786771105,3.3309166352736694,0.0,0.0,0.05067515579409492,1.027908786771105,0.05003011502052235,36.18378455336504,41.321193268756105,8.269216208084407,1.3867239108481957,1.1890449347263228,0.008389907219213398,0.19388721286474006,2.1977392540287224,0.04244536872592456,220.11823930195487,0.5498335997680187,-0.7826086956521738,-0.18706480316445473,0.13482892311873493,2.0478390164629996,0.6169467371557251,-0.7777595182644702,-0.09089886221426194,2.6236278305930685,0.7528512813548542,0.8166934825762497,Biotechnology,Healthcare,VERU
2013Q4,2013,Q4,2013-12-03,2013-09-30,6590172.0,4789187.0,1741980.0,0.23,2274963.0,0.4750207081,35169953.0,31402957.0,16888665.0,3407199.0,3766996.0,2459417.0,-28715040.0,280808826.41999996,271886396.41999996,1.1026475199069705,4.956759203087345,0.0,0.0,0.21372755110400762,1.1026475199069705,0.2098583263990076,58.63392396663566,10.652560601604934,8.942114158867268,0.30468734351698257,1.022284549549751,0.007150565833699126,0.13617268695241078,3.3350077292227427,0.18738074514913342,-287.5990397484611,0.47502070810766,6.666666666666667,1.525956405649435,-0.44617393155196994,1.93233223050076,-0.39222164634472145,8.065995699611094,0.5982992872714461,0.14302334039844877,-0.41260076204943713,0.8622617820756813,Biotechnology,Healthcare,VERU
2013Q3,2013,Q3,2013-08-01,2013-06-30,726911.0,7280498.0,1089896.0,0.03,3743080.0,0.5141241712,31877853.0,26733124.0,18383044.0,4818141.0,5144729.0,2816369.0,-33294260.0,271898822.34,260020652.33999997,0.9419067199921584,3.8153810774736563,0.0,0.0,0.028068213660079562,0.9419067199921584,0.027191397458822993,37.34618460715187,93.51173057637043,10.170858532657837,2.7581437067261327,1.2560207842083193,0.007373790672373384,0.22838733838191674,2.6575120985458915,0.022803009976863874,35.147469718946994,0.5141241711762025,-0.75,0.23850254300023568,0.18530045478843005,1.7657368295841667,-0.3219200466077162,-0.7918156045146318,-0.6753060383646137,8.27460581086503,2.9799211640477052,1.1172269810569726,Biotechnology,Healthcare,VERU
2013Q2,2013,Q2,2013-05-02,2013-03-31,3491669.0,9476866.0,3356687.0,0.12,5520116.0,0.5824832809,32514456.0,25886103.0,18889566.0,6286845.0,6628353.0,2479904.0,-34021171.0,219454522.21,213307172.21,0.9118042962838611,3.004617737513809,0.0,0.0,0.12548913796265526,0.9118042962838611,0.13488584975498244,23.156866648742316,15.712723786962625,8.477696399879116,0.4926572364104387,1.595525471953753,0.007838507872505417,0.29146623274275296,2.158053840996557,0.10738820295809347,58.01310395300467,0.5824832808652143,0.0,1.6601100446052186,0.3603833110535113,1.5347967863938294,-0.07476837430330434,-0.011935155069009799,-0.0678546772954657,0.8144080548932163,0.2652599186010847,1.0672451012914488,Biotechnology,Healthcare,VERU
2013Q1,2013,Q1,2013-01-30,2012-12-31,3533846.0,9910227.0,3601034.0,0.12,5966199.0,0.6020244541,30485968.0,24482665.0,16767889.0,5649129.0,6003303.0,1823199.0,-35504904.0,203433524.79999998,199158270.79999998,0.8640932455592983,2.9682255441502576,0.0,0.0,0.14602403602549666,0.8640932455592983,0.14434074068325486,20.52763521965743,14.39179330395269,8.309288421011356,0.49101885028379844,2.1632460307404733,0.008529493856560263,0.3250750312406022,2.149676702373056,0.11591713276088199,214.48236958689952,0.60202445413208,-0.5862068965517241,2.8122248556283127,0.5931930530180846,1.7559366114826032,0.03757023277944768,-0.5682642035233082,0.13049052654116175,5.697220611437029,0.6760356939137021,0.8380337383262646,Biotechnology,Healthcare,VERU
2012Q4,2012,Q4,2012-12-04,2012-09-30,8185205.0,9911701.0,3185373.0,0.29,5750164.0,0.5801389691,30446427.0,24218190.0,16826215.0,5860441.0,6228237.0,1458199.0,-35594455.0,201450189.60000002,196159409.60000002,0.8547588425799129,2.8711516761281275,0.0,0.0,0.34663157112847637,0.8547588425799129,0.3379775697523225,20.324482104534834,6.152875511364713,8.318135649278497,0.20903337179704112,2.8538882553067175,0.008493320375609117,0.3255456214944368,2.147801846311566,0.2688395915882018,181.3376663498099,0.5801389690831069,2.2222222222222223,5.474044252527633,0.7660466286652553,1.9980089740806215,0.08622039331013107,2.2102078523208024,0.13437351097524755,2.333652444895511,0.16283086714995626,0.7353687739663578,Biotechnology,Healthcare,VERU
2012Q3,2012,Q3,2012-07-31,2012-06-30,2549743.0,8656390.0,2808046.0,0.09,5293736.0,0.6115408386,25483810.0,19985487.0,15475913.0,5125510.0,5498323.0,1329541.0,-42063780.0,161743682.3,153457121.3,0.7253130819193672,3.0193898753489896,0.0,0.0,0.12687775511274285,0.7253130819193672,0.12757972822978994,18.684888538986808,15.858822075401326,8.093056841697178,0.6571972155625097,2.529184131967348,0.01036012026047462,0.3396819392390698,2.5430774693640243,0.100053445697484,43.13952876725482,0.6115408386174838,0.28571428571428553,5.705059402853291,0.7601439367686872,2.059932055342709,0.16066037721370174,0.3388490723466194,0.2980795855828619,2.6333209399754485,0.14778204692654104,0.7298203655787677,Biotechnology,Healthcare,VERU
2012Q2,2012,Q2,2012-05-01,2012-03-31,1904429.0,7831364.0,2163231.0,0.07,4560969.0,0.582397779,22733271.0,17342660.0,12983235.0,4998090.0,5390611.0,1117708.0,-44613523.0,149362121.54,143090420.54,0.6293243309002344,2.597639298211917,0.0,0.0,0.11145884060673969,0.6293243309002344,0.10981181664173777,19.072299734758847,19.607205301431556,8.612411333670845,0.7332407771568276,2.9259833516446156,0.00934912403226701,0.34448909705954767,2.148439703966915,0.08377276635641215,49.597662786508266,0.5823977789820521,-0.22222222222222213,3.6394201600552245,0.2796809242646802,1.7106523127722941,-0.09074201219103757,-0.28403417515556717,-0.22277636457704578,-0.10791467668529782,-0.010379406684544866,0.6704893344962404,Biotechnology,Healthcare,VERU
2012Q1,2012,Q1,2012-01-31,2011-12-31,2659944.0,8634442.0,2783280.0,0.09,5016144.0,0.5809459372,21354149.0,16956103.0,11671706.0,3926722.0,4398046.0,1202097.0,-44836421.0,123934849.61,119273754.61,0.6170340688728254,2.9723789970362047,0.0,0.0,0.15985614312232285,0.6170340688728254,0.15687236625066503,14.353544746724802,11.64825740786272,7.309158809073051,0.5299378483156036,3.009988378641657,0.011373758103033697,0.40434493549707834,2.407439589560962,0.12456333427288532,70.17633690231698,0.5809459372128506,-0.43750000000000006,16.54578642377904,0.7923652815241579,1.9324271629629441,0.18659189649128036,-0.4108283175161771,0.20510744424286773,0.5301198125182307,0.5178988554939088,0.8295597175552621,Biotechnology,Healthcare,VERU
2011Q4,2011,Q4,2011-12-02,2011-09-30,4514718.0,7109050.0,2309570.0,0.16,4227354.0,0.5946440101,19442791.0,16752590.0,9746993.0,2293410.0,2690201.0,2026528.0,-44697131.0,112118444.88,107805245.88,0.6096282130309191,4.250000218015967,0.0,0.0,0.26789234228446734,0.6096282130309191,0.26949373201397514,15.771227502971565,6.208496570549921,6.692603643973857,0.3072331428009457,1.421986767515672,0.012371479121785692,0.36563937759758874,2.8859523591507843,0.23220524254979646,47.78739211991511,0.5946440100998024,15.0,41.428371580616194,0.4012264313161604,2.0596908935676206,1.3308093742849503,9.835314531748375,4.1266700850830516,0.7933979423038278,-0.1479989988008461,0.6212184088020879,Biotechnology,Healthcare,VERU
2011Q3,2011,Q3,2011-08-05,2011-06-30,416667.0,3517439.0,450501.0,0.01,1813685.0,0.5156265681,15319906.0,13461004.0,9116030.0,1502780.0,1858902.0,2127551.0,-47820191.0,136507110.0,133159978.0,0.49305138757973854,6.06611080796923,0.0,0.0,0.03228427410935263,0.49305138757973854,0.03095363466202075,38.808664485723845,81.90420047663962,10.140930795355235,3.3289701368238904,0.8008052450916571,0.010161170359551235,0.2295992547212757,3.1371378378738073,0.027197751735552424,66.14844682814123,0.5156265680797876,2.571428571428571,943.2831976131556,-0.060253110009586525,1.7966636387342034,0.003569543291018208,4.1441640534334185,3.447855062447549,-0.261991579527923,-0.4046799792342742,0.44775523155648894,Biotechnology,Healthcare,VERU
2011Q2,2011,Q2,2011-05-06,2011-03-31,80998.0,4287245.0,101285.0,0.0028,1807234.0,0.4215373742,15963766.0,14268729.0,9650569.0,1358725.0,1695037.0,1539265.0,-46845449.0,136234095.78,133564788.78,0.5226368428721405,7.102665366428085,0.0002919110691048716,0.00032658830369544477,0.007885218100256863,0.5226368428721405,0.005676609318181038,31.776606137507887,420.48598662929953,9.547738679457716,17.124756166818933,1.6111657187034072,0.01018152608609768,0.26856100246019643,4.327610811606469,0.005073865402436994,317.3400786862334,0.4215373742345026,-0.72,-0.07177733496353489,0.013494987409830928,2.275804871172448,-0.10396258053128585,-0.7905231361271168,-0.7666174332410879,-0.9358316896037967,-0.3600373459606376,0.4529194424314175,Biotechnology,Healthcare,VERU
2011Q1,2011,Q1,2011-02-04,2010-12-31,386668.0,3651368.0,433987.0,0.01,2016918.0,0.5523732475,17396576.0,15415892.0,10972845.0,1693576.0,1980684.0,2842084.0,-45533701.0,155027236.4,151397077.4,0.565812998521594,6.479098074134258,0.0004977416245587638,0.0005616930891835516,0.026927406299012645,0.565812998521594,0.02508242792567566,42.45730268765022,100.2327813524781,10.056326056254157,3.5795462774266293,0.5750885617736844,0.008928082781716928,0.20989003813164153,3.558205241453587,0.022226672650986032,74.43473695784421,0.5523732475061401,-0.9473684210526315,2.3288194460856158,-0.07223434099336154,3.1639824482373973,-0.5617765869242897,-0.9298973101871971,-0.8582451993821396,-0.5662180646595967,-0.38956033153825037,0.8046024151815949,Biotechnology,Healthcare,VERU
2010Q4,2010,Q4,2010-12-03,2010-09-30,5515737.0,7799923.0,3061533.0,0.19,4602488.0,0.5900683891,18368101.0,16132130.0,11791328.0,1938433.0,2235971.0,2194330.0,-44544073.0,140314634.0,137408857.0,0.5921012451203058,6.082917490570992,0.0007076942793378586,0.0008057832412706815,0.3517784771527266,0.5921012451203058,0.34191002676026044,17.989233227045958,6.359740955741726,8.697836801463911,0.24924756202117687,1.4571349796976754,0.009797866129914859,0.4246450408782051,3.821371179710622,0.3002889084723565,246.5951867109074,0.590068389136662,72.07692307692308,43.512093469270106,1.099493191282858,3.220998667450298,3.8991459869476404,72.38757833393207,39.5331143331823,3.5368246490532482,0.44526215284160725,1.076755171174526,Biotechnology,Healthcare,VERU
2010Q3,2010,Q3,2010-08-06,2010-06-30,75159.0,1754211.0,-79452.0,0.0026,939447.0,0.5355381992,14036516.0,12108142.0,10340852.0,1773600.0,1928374.0,2551092.0,-48680426.0,141255181.62,137456179.62,0.4448775348224284,5.8304307622913845,0.0011579796582000834,0.0013424024924715947,-0.010077914565636477,0.4448775348224284,0.006207310750072141,80.52348413047234,469.854513830679,11.666131898684373,18.284689790976465,0.3193785249610755,0.0097289103609451,0.12497481568788152,2.9265663058186737,0.005354533845863175,2206.9397956409657,0.5355381992246087,-0.9566666666666667,1.3326714231541028,-0.4593276867566695,2.210863248321794,-0.7752531505209421,-0.9592530567390843,-1.0420223535310582,-0.7999035380441056,-0.6388851117418357,0.8768378282970576,Biotechnology,Healthcare,VERU
2010Q2,2010,Q2,2010-05-07,2010-03-31,1844531.0,7179147.0,1890708.0,0.06,4180023.0,0.5822450773,16499274.0,12002247.0,12773736.0,4332284.0,4497027.0,1025106.0,-48755588.0,195106641.42,189959569.42,0.44107217654754094,2.948499221196025,0.0012131442874395565,0.001667687725473405,0.1552863844771912,0.44107217654754094,0.15368213968601047,27.176855609726335,26.443936347505137,16.255842878421014,0.7454464034488983,2.925672076838883,0.007047422834982242,0.4351189634162085,2.0816070691579776,0.1117946765415254,67.91403838074217,0.5822450773051451,3.255639097744361,14.57623883775551,0.7066814095594406,1.9440343146067998,0.3050903551543448,3.6412663545981894,-0.3939815089338229,3.5506472053657396,0.18802456749188698,0.8998046901314491,Biotechnology,Healthcare,VERU
2010Q1,2010,Q1,2010-02-08,2009-12-31,-698351.0,5488674.0,3119885.0,-0.0266,3202861.0,0.5835400317,15493415.0,12364379.0,11668050.0,2950695.0,3129036.0,1743964.0,-47841662.0,124401700.83000001,121245330.83000001,0.4701182723371291,3.9543395708468685,0.0017688805211762545,0.0022165286263062627,0.26561511942743193,0.4701182723371291,-0.05648087946835017,22.665164815764246,-44.53408845623476,10.061297929317762,0.0,1.3106996474697872,0.0,0.35425850272519005,2.4638195408200443,-0.04507405242807993,286.07167522110467,0.5835400317089338,-1.3057471264367817,0.5108574762440035,1.991448898115959,2.5583391387209016,-0.16506101862284095,-1.3064061095978883,-0.04528981571272201,-3.2644761275788112,0.1904506811719237,1.2342163279978366,Biotechnology,Healthcare,VERU
2009Q4,2009,Q4,2009-12-17,2009-09-30,2279168.0,7912227.0,3267887.0,0.087,3836042.0,0.4848245633,18540435.0,12954391.0,14603049.0,5394473.0,5586044.0,1203063.0,-47143309.0,132817883.55,130042114.55,0.49255170163415846,2.707039037918996,0.0018569143604235823,0.002657631686429721,0.8367439143308975,0.49255170163415846,0.17593787311190467,16.78640963536562,14.568680714848576,10.252730796067526,0.014199041053577445,3.3881725229684565,0.00024365694690366867,0.426755197491321,1.9806031098867303,0.1229295860641889,-195.2911233167966,0.4848245632993088,3.3499999999999996,4.013620157108726,3.3431071228807783,4.9785582131614285,0.14589202505521043,2.515845591864942,1.1995738010124581,21.37967620725499,0.62947317559723,1.472090241048007,Biotechnology,Healthcare,VERU
2009Q3,2009,Q3,2009-08-07,2009-06-30,648256.0,6966767.0,1485691.0,0.02,3347647.0,0.4805165725,15444013.0,10672536.0,12824122.0,3845071.0,4771477.0,2114521.0,-49411928.0,122175566.39999999,118881133.39999999,0.41929965466482993,3.3352107152247643,0.0033084017735545805,0.0047875219160656846,0.13359357189913595,0.41929965466482993,0.06074057749723215,17.536910076079764,47.117021053411,11.447660274933718,0.03514043834534505,1.7115554775762454,0.00018645299278105085,0.4510982346362956,2.213535198699842,0.041974582642477706,60.348305241720574,0.48051657246467405,-0.7142857142857143,28.24664580395008,0.9918416306875921,3.803024943039202,-0.1400711802277716,-0.6716969703722235,-0.3398340177055483,1573.465155684756,0.9964468502743967,1.3783324162033583,Biotechnology,Healthcare,VERU
2009Q2,2009,Q2,2009-05-08,2009-03-31,1974566.0,7319509.0,2250481.0,0.07,3892935.0,0.5318573964,13121217.0,9602521.0,11320490.0,2716687.0,3518696.0,1576040.0,-50038369.0,94054767.92999999,92531592.92999999,0.3767305291356536,4.167020345001099,0.0017606598534267057,0.002405826553256171,0.2240461117545317,0.3767305291356536,0.20562995904929549,12.849873936899318,11.908283634226459,9.794799504213529,0.01244577289389162,2.1741668993172762,0.00026128393637938566,0.5578376609425787,2.8006115537049356,0.15048649831795327,-151.6303147398797,0.5318573964455813,0.16666666666666682,3.1479897269207875,1.5659239397950842,5.026787248173967,0.5946848140704918,0.20887527848506574,4.12713955369246,23.237082760156657,0.8533441417099507,1.361287228967631,Biotechnology,Healthcare,VERU
2009Q1,2009,Q1,2009-02-10,2008-12-31,1633391.0,5344838.0,438935.0,0.06,2441194.0,0.4567386327,12012316.0,8708083.0,10509458.0,2446045.0,3304233.0,1817324.0,-51990155.0,91661795.19999999,88501527.19999999,0.3372582282787322,4.296510489381839,0.002545137840196678,0.0035108760447046727,0.049793660806084106,0.3372582282787322,0.1875718226388058,17.149592784664378,14.029371289544267,10.526058973025407,0.01534721325145051,1.5977580222348904,0.00027348362472394606,0.44494650323884255,2.7126565537428786,0.1359763595962677,27.123641018569533,0.45673863267698667,-0.2941176470588236,2.2199637879160194,0.742239482143697,60.166440521554655,-0.30515897672652564,-0.3094532373309929,0.8953679674242064,13.83808652252934,0.433022362276069,1.4819814086025926,Biotechnology,Healthcare,VERU
2008Q4,2008,Q4,2008-12-19,2008-09-30,2365359.0,7839973.0,231583.0,0.085,3513313.0,0.4481282015,13830738.0,9709202.0,12280763.0,3031723.0,4121536.0,1322652.0,-53598971.0,78751683.19999999,76879132.19999999,0.37603089733071254,4.050753647348389,0.003585998086291563,0.0051082467951537106,0.02601809307257058,0.37603089733071254,0.24362033048648077,10.044892144398965,8.32343876764584,8.111035613431463,0.011685752564409884,3.2712005879097448,0.0003509893233621704,0.5668513856599698,2.880275671623034,0.17102189340872484,48.27402336841885,0.4481282014619183,3.25,3.4197289380316502,1.825310750072861,13.945696234093909,0.6132950670998404,3.3749472866496504,-0.41574918764001856,20.237194662543235,1.2267653526996645,1.6806664056762413,Biotechnology,Healthcare,VERU
2008Q3,2008,Q3,2008-08-12,2008-06-30,540660.0,5658125.0,396376.0,0.02,2177725.0,0.3848845687,13485909.0,8903869.0,11733937.0,3382910.0,4582040.0,2161161.0,-55939262.0,69283144.95,67696302.95,0.340562670286231,3.4685927204684726,0.0,0.0,0.06441339940648706,0.340562670286231,0.060721917629291265,12.244894722191539,32.036374500610364,7.781240374268759,0.10166463211630229,1.6104306898005285,0.0007933531314097774,0.4195582959962135,2.2322728065482087,0.040090734706870704,294.8695744418246,0.3848845686512758,-0.5,2.59995425925463,0.38212477090776775,7.657566850143145,-0.1851804596716289,-0.551742463749972,-0.5207832355860544,3.4912313113378826,0.8154326808858371,1.4579801769690601,Biotechnology,Healthcare,VERU
2008Q2,2008,Q2,2008-05-14,2008-03-31,1206137.0,6401277.0,827133.0,0.04,2672647.0,0.4175177859,13458808.0,9383972.0,11669078.0,2842766.0,4074836.0,1967212.0,-56448328.0,64696367.6,62232331.6,0.3597149488188576,4.104832406184681,0.0,0.0,0.12822094971843545,0.3597149488188576,0.12853160687180226,10.106790816894817,13.409829812036278,6.894347894473683,0.03135630529533544,1.8953879907198614,0.0005845768688874581,0.4756199063096821,2.799922680938213,0.08961692595659289,69.83390858692273,0.4175177859042813,0.3333333333333334,1.7644014592298143,1.797195093677174,9.21671358102959,0.12955028409427094,0.41132866298233933,0.13361018029315627,9.624242132192842,0.5873434816433305,1.4009974083813013,Biotechnology,Healthcare,VERU
2008Q1,2008,Q1,2008-02-13,2007-12-31,854611.0,5734751.0,729645.0,0.03,2366116.0,0.4125926304,12511024.0,8190093.0,10786504.0,3056047.0,4320931.0,1785430.0,-57614264.0,68177010.6,66632704.599999994,0.3135388680418323,3.5295609000777803,0.0,0.0,0.11414125342176112,0.3135388680418323,0.10434692255631285,11.888399444021195,19.943872299794876,8.324326793358756,0.05269766010500684,1.886735968366164,0.0006605745779061777,0.4583758291887219,2.4906096012266827,0.06830863724663945,61.751462200705575,0.41259263043853167,-0.26829268292682934,1.818406852589478,0.791689078913235,6.3667331262745,0.1650458092658454,-0.2668122270742358,0.8132060655159218,1.6026953895767282,2.1469978608450844,1.3731849862313588,Biotechnology,Healthcare,VERU
2007Q4,2007,Q4,2007-12-21,2007-09-30,1165610.0,5174226.0,402406.0,0.041,2030921.0,0.3925072078,11193548.0,7447459.0,9563127.0,2414505.0,3746089.0,1372582.0,-58428233.0,58773285.0,57993864.0,0.2851088338860079,3.960698776767909,0.0,0.0,0.16177345099733104,0.2851088338860079,0.1565110999604026,11.358855411418055,12.605692512933143,7.8917232038471115,0.0,2.2900671872427294,0.0,0.46225075373777824,2.8492688977657945,0.10413230907662165,-58.555750387311136,0.39250720784132737,3.1,-0.6796931644571611,0.45404095472948514,7.283816507514165,0.1202615258765105,2.2606664503351275,0.08589038175601832,2.551790783760791,1.8596634651948731,2.4606311475909033,Biotechnology,Healthcare,VERU
2007Q3,2007,Q3,2007-08-14,2007-06-30,357476.0,4623190.0,370577.0,0.01,1812899.0,0.3921316234,9388185.0,6139826.0,8027067.0,2162632.0,3248359.0,1627011.0,-59553201.0,56208509.629999995,54352994.629999995,0.2370356821005076,3.711711932497068,0.0,0.0,0.05391345397723128,0.2370356821005076,0.05822249685903151,12.157949301240052,39.30928903618704,9.154739829760647,0.0,1.7272722802734586,0.0,0.49244768823792884,2.6769626085251677,0.03807722152897498,399.95239458367126,0.3921316234028885,0.0,1.0387142875657271,0.4372806557905386,5.559677624166464,-0.10890276865030817,0.0010305005768563012,0.15325629957893885,15.76434477246526,0.29887108449844313,1.7152140023323117,Biotechnology,Healthcare,VERU
2007Q2,2007,Q2,2007-05-14,2007-03-31,357108.0,5323953.0,321331.0,0.01,2034457.0,0.3821327874,9216905.0,5565964.0,7922338.0,2557643.0,3650941.0,1481067.0,-59870474.0,53461919.65,51789478.65,0.23216711635606224,3.0975151731496537,0.0,0.0,,0.23216711635606224,0.06415923638744339,10.041771527659993,37.42699662987107,9.605150096191782,0.0,2.221031189000903,0.0,0.5776291499152916,2.262650416809539,0.03874489321523874,115.31657999180345,0.38213278742317974,2.7857142857142856,2.166814081265026,0.5722974473414992,7.246641046709393,0.5914112819325437,3.3944963355840603,2.471255368442259,1.413023620174548,0.9843158740226188,2.7141184695339735,Biotechnology,Healthcare,VERU
2007Q1,2007,Q1,2007-02-13,2006-12-31,-149137.0,4198879.0,-218406.0,-0.0056,1278398.0,0.3044617385,8036041.0,5039929.0,6866385.0,1880425.0,2996112.0,1361487.0,-60050374.0,,,,,,,,,,,,,,,,,,,,,,,,,,,,,,,Biotechnology,Healthcare,VERU
