Quarters,Year,Quarter,FillingDate,Date,NetIncome,Revenue,OperatingIncome,EPSDiluted,GrossProfit,GrossProfitRatio,TotalAssets,CommonStockEquity,CurrentAssets,CurrentLiability,TotalLiability,Inventory,RetainedEarnings,MarketCap,EnterpriseValue,bookValuePerShare,currentRatio,debtToAssets,debtToEquity,roic,shareholdersEquityPerShare,roe,priceToSalesRatio,peRatio,pbRatio,payoutRatio,inventoryTurnover,dividendYield,assetTurnover,quickRatio,returnOnAssets,priceToFreeCashFlowsRatio,grossProfitMargin,epsdilutedGrowth,fiveYNetIncomeGrowthPerShare,fiveYRevenueGrowthPerShare,fiveYShareholdersEquityGrowthPerShare,grossProfitGrowth,netIncomeGrowth,operatingIncomeGrowth,threeYNetIncomeGrowthPerShare,threeYRevenueGrowthPerShare,threeYShareholdersEquityGrowthPerShare,Industry,Sector,Symbol
2023Q1,2023,Q1,2023-03-31,2023-03-31,1562000.0,11470000.0,1589000.0,0.27,3015000.0,0.2628596338,41191000.0,22073000.0,24417000.0,10978000.0,19118000.0,5307000.0,-8311000.0,24266970.0,25199970.0,3.773162393162393,2.2241756239752233,0.21830011410259523,0.4073755266615322,0.03462451423498039,3.773162393162393,0.07076518823902506,2.1156904969485613,3.8839580665813065,1.0993960947764239,0.0,1.5931788204258526,0.0,0.27845888664999635,1.684733102568774,0.03792090505207448,9.828663426488458,0.26285963382737576,0.9285714285714285,1.8085975251945399,-0.5551574023898747,1.779864377533223,0.36301989150090413,0.9403726708074535,0.8716136631330977,1.1617327835442435,-0.06216065613248099,1.4792156138690793,Electronic Components,Technology,ELTK
2022Q4,2022,Q4,2022-12-31,2022-12-31,805000.0,10479000.0,849000.0,0.14,2212000.0,0.2110888444,41522000.0,21020000.0,23398000.0,10474000.0,20502000.0,5130000.0,-9873000.0,24068655.0,27998655.0,3.5931623931623933,2.2339125453503916,0.2720485525745388,0.5373929590865842,0.017940657347134216,3.5931623931623933,0.03829686013320647,2.2968465502433437,7.474737577639751,1.1450359181731684,1.2347826086956522,1.6115009746588693,0.0412985270676737,0.25237223640479745,1.6960091655527973,0.01938731274986754,35.0855029154519,0.21108884435537742,-0.1764705882352941,1.4178880700138186,-0.6003305357203289,1.1072822291902953,-0.08557255064076065,-0.19820717131474103,-0.24533333333333332,0.6333819748453896,-0.08567586707663623,1.5104564176186446,Electronic Components,Technology,ELTK
2022Q3,2022,Q3,2022-09-30,2022-09-30,1004000.0,10327000.0,1125000.0,0.17,2419000.0,0.2342403409,41126000.0,21104000.0,22955000.0,9751000.0,20022000.0,4635000.0,-9684000.0,20826000.0,24513000.0,3.6075213675213673,2.354117526407548,0.2804551865000243,0.5465314632297195,0.023602016713445816,3.6075213675213673,0.047573919636087945,2.016655369419967,5.1857569721115535,0.9868271417740714,0.0,1.7061488673139158,0.0,0.251106356076448,1.8459645164598504,0.024412780236346836,-181.09565217391304,0.23424034085407186,0.30769230769230776,1.2886868222987626,-0.5351050439888555,0.8020728505673098,0.44159713945172824,0.3333333333333333,2.2514450867052025,0.9225391828972392,-0.1667194464478655,1.7130741053817975,Electronic Components,Technology,ELTK
2022Q2,2022,Q2,2022-06-30,2022-06-30,753000.0,9089000.0,346000.0,0.13,1678000.0,0.1846187699,40154000.0,20247000.0,23005000.0,9363000.0,19907000.0,5079000.0,-10688000.0,21996000.0,25561000.0,3.461025641025641,2.4570116415678735,0.29414255117796484,0.5833456808416062,0.006804411749727146,3.461025641025641,0.037190694917765596,2.420068214325008,7.302788844621513,1.0863831678767224,0.0,1.4591455010828904,0.0,0.22635353887532997,1.8734380006408202,0.0187528017134034,118.8972972972973,0.18461876994168774,0.18181818181818185,1.2402182435779492,-0.5793131956137829,0.3182569687166006,-0.14431412544620092,0.19145569620253164,-0.4685099846390169,-0.3242035592340149,-0.21393908118094263,1.7105705886397082,Electronic Components,Technology,ELTK
2022Q1,2022,Q1,2022-03-31,2022-03-31,632000.0,9755000.0,651000.0,0.11,1961000.0,0.2010251153,43367000.0,21360000.0,24004000.0,10223000.0,22007000.0,5469000.0,-11441000.0,23839440.0,27874440.0,3.65565634092076,2.3480387361831165,0.30181935573131646,0.6127808988764045,0.012358385242123808,3.65565634092076,0.02958801498127341,2.4438175294720654,9.430158227848102,1.116078651685393,0.0,1.4251234229292375,0.0,0.2249406230543962,1.7561381199256578,0.01457329305693269,458.45076923076925,0.20102511532547412,-0.8405797101449275,1.2695586100001641,-0.6000016049261612,0.19726581420598227,-0.015562248995983935,-0.842746951978104,0.8760806916426513,-0.09312407443815658,-0.6121975708387798,5.399764206840572,Electronic Components,Technology,ELTK
2021Q4,2021,Q4,2021-12-31,2021-12-31,4019000.0,9521000.0,347000.0,0.69,1992000.0,0.2092217204,42783000.0,21072000.0,22581000.0,9260000.0,21711000.0,4893000.0,-12073000.0,21724800.0,26187800.0,3.6082191780821917,2.4385529157667385,0.3212958418063249,0.6523348519362187,0.07593824718224998,3.6082191780821917,0.19072703113135914,2.2817771242516542,1.3513809405324708,1.030979498861048,0.0,1.5387287962395257,0.0,0.2225416637449454,1.8468682505399567,0.09393918145057617,85.53070866141732,0.2092217204075202,154.33333333333331,1.4577219514933752,-0.5921515287427972,0.10335143573372532,0.42795698924731185,155.57692307692307,2.18348623853211,3.212879914464972,-0.5773737860339428,7.300540490168671,Electronic Components,Technology,ELTK
2021Q3,2021,Q3,2021-09-30,2021-09-30,-26000.0,7965000.0,109000.0,-0.0045,1395000.0,0.1751412429,37210000.0,16549000.0,20712000.0,8200000.0,20661000.0,4216000.0,-16090000.0,33755200.0,38339200.0,2.833732876712329,2.5258536585365854,0.36197258801397475,0.8138860354099946,0.006066911569519015,2.833732876712329,-0.0015710919088766694,4.237940991839297,-324.5692307692308,2.039712369327452,0.0,1.558349146110057,0.0,0.2140553614619726,1.9789024390243903,-0.0006987368986831496,-149.35929203539823,0.1751412429378531,-1.0321428571428573,0.9812236208811551,-0.7009569385960236,-0.43151596976872725,-0.41064638783269963,-1.0315151515151515,-0.8845338983050848,0.9804941152105092,-0.6746229638532089,3.1236545871739945,Electronic Components,Technology,ELTK
2021Q2,2021,Q2,2021-06-30,2021-06-30,825000.0,9132000.0,944000.0,0.14,2367000.0,0.2591984231,37639000.0,16319000.0,21667000.0,8688000.0,21320000.0,3904000.0,-16065000.0,35740800.0,40089800.0,2.794349315068493,2.4938996316758746,0.3591487552804272,0.8283595808566702,0.023383118037307304,2.794349315068493,0.050554568294625894,3.913797634691196,10.830545454545454,2.190134199399473,0.0,1.7328381147540983,0.0,0.24262068599059486,2.0445441988950277,0.021918754483381597,729.4040816326531,0.2591984231274639,2.5,0.34542012348060985,-0.6797133439927412,-0.4500759584256941,1.069055944055944,2.6995515695067263,5.9411764705882355,1.3400130405108956,-0.6339281734685652,2.134181735917066,Electronic Components,Technology,ELTK
2021Q1,2021,Q1,2021-03-31,2021-03-31,223000.0,7205000.0,136000.0,0.04,1144000.0,0.158778626,33576000.0,14988000.0,17731000.0,8744000.0,18588000.0,4065000.0,-16889000.0,36266400.0,40373400.0,2.5664383561643835,2.0277904849039343,0.3131105551584465,0.7014278089137977,0.0037191305906829944,2.5664383561643835,0.014878569522284495,5.033504510756419,40.657399103139014,2.419695756605284,0.0,1.491020910209102,0.0,0.21458780081010245,1.4997712717291858,0.006641648796759591,16.0470796460177,0.15877862595419848,-0.75,1.2054693688456088,-0.7446172945205479,-0.49517338802336197,-0.48282097649186256,-0.7088772845953003,-0.7891472868217054,1.1156376507871602,-0.7200890073969233,0.8908146059032441,Electronic Components,Technology,ELTK
2020Q4,2020,Q4,2020-12-31,2020-12-31,766000.0,9502000.0,645000.0,0.16,2212000.0,0.2327930962,35157000.0,15267000.0,18820000.0,9701000.0,19890000.0,3704000.0,-17112000.0,24350230.0,30800230.0,3.153687254699442,1.9400061849293888,0.31814432403219844,0.7326259251981397,0.01767804388561631,3.153687254699442,0.050173576996135456,2.5626426015575667,7.947203002610967,1.594958407021681,0.0,1.9681425485961124,0.0,0.27027334527974517,1.4943820224719102,0.021787979634212248,-29.12706937799043,0.23279309619027574,0.14285714285714277,0.4016985555512458,-0.6173948512837968,-0.3809801678874419,0.2133845309928689,0.2809364548494983,0.0109717868338558,1.4805224090138251,-0.5620576569853137,0.8495432104317111,Electronic Components,Technology,ELTK
2020Q3,2020,Q3,2020-09-30,2020-09-30,598000.0,9256000.0,638000.0,0.14,1823000.0,0.1969533276,22996000.0,8250000.0,14475000.0,12456000.0,14746000.0,3552000.0,-17878000.0,20805000.0,24374000.0,1.8835616438356164,1.1620905587668593,0.2704818229257262,0.7539393939393939,0.038676144615149434,1.8835616438356164,0.07248484848484849,2.2477312013828867,8.697742474916387,2.521818181818182,0.0,2.092623873873874,0.0,0.40250478344059837,0.8648041104688503,0.026004522525656635,39.628571428571426,0.1969533275713051,-0.12499999999999993,-0.5561472602739725,-0.6046368403831017,-0.6195745568812295,-0.04052631578947368,-0.15056818181818182,-0.21137206427688504,1.2296551489129695,-0.44347361551005743,-0.059100430759682056,Electronic Components,Technology,ELTK
2020Q2,2020,Q2,2020-06-30,2020-06-30,704000.0,8792000.0,809000.0,0.16,1900000.0,0.2161055505,23225000.0,7556000.0,14672000.0,12965000.0,15669000.0,3474000.0,-18476000.0,17389663.96,21651663.96,1.7250086067793111,1.1316621673736984,0.33020452099031217,1.0149550026469032,0.045509040984154106,1.7250086067793111,0.09317098994176813,1.9778962647861693,6.175306803977273,2.3014377924827953,0.0,1.983880253310305,0.0,0.3785575888051668,0.8637099884303895,0.03031216361679225,15.160997349607673,0.21610555050045496,0.3333333333333334,-0.23104213955996253,-0.607842465419428,-0.6440853885564981,0.05379922351636162,0.30129390018484287,0.32189542483660133,1.2999430844770707,-0.4565173943472932,-0.34296799479674983,Electronic Components,Technology,ELTK
2020Q1,2020,Q1,2020-03-31,2020-03-31,541000.0,9157000.0,612000.0,0.12,1803000.0,0.1968985476,22219000.0,6666000.0,13515000.0,13856000.0,15553000.0,3404000.0,-19180000.0,15505200.0,20710200.0,1.521917808219178,0.9753897228637414,0.3339034159953193,1.112961296129613,0.0367381830238197,1.521917808219178,0.08115811581158115,1.6932619853663864,7.165064695009242,2.326012601260126,0.0,2.160399529964747,0.0,0.41212475808992305,0.7041714780600462,0.024348530536927853,12.160941176470589,0.1968985475592443,0.4999999999999999,2.052792103142627,-0.5635411318392705,-0.6526369863013699,0.23747426218256693,0.46612466124661245,-0.4755784061696658,1.307818821311972,-0.4991058436379109,-0.5015559467624435,Electronic Components,Technology,ELTK
2019Q4,2019,Q4,2019-12-31,2019-12-31,369000.0,8581000.0,1167000.0,0.08,1457000.0,0.1697937303,22829000.0,6269000.0,13518000.0,14766000.0,16560000.0,3735000.0,-19720000.0,15768000.0,22596000.0,1.4312785388127853,0.9154815115806583,0.3704060624644093,1.3488594672196523,0.06337546855752715,1.4312785388127853,0.058861062370394,1.837548071320359,10.682926829268293,2.515233689583666,0.0,1.9073627844712182,0.0,0.3758815541635639,0.6266422863334687,0.016163651495904333,-39.02970297029703,0.16979373033445985,-0.11111111111111106,1.090090987211242,-0.6251017802662711,-0.6880314125028886,-0.1698005698005698,-0.056265984654731455,1.0545774647887325,1.056033640242533,-0.5098907353067874,-0.5623316786500427,Electronic Components,Technology,ELTK
2019Q3,2019,Q3,2019-09-30,2019-09-30,391000.0,9279000.0,568000.0,0.09,1755000.0,0.1891367604,23137000.0,5824000.0,13533000.0,15271000.0,17313000.0,3785000.0,-20090000.0,14278799.999999998,20724800.0,1.3296803652968037,0.8861895095278632,0.37753382028785065,1.4998282967032968,0.03058481996535094,1.3296803652968037,0.06713598901098901,1.538829615260265,9.129667519181584,2.4517170329670326,0.0,1.9878467635402906,0.0,0.40104594372649865,0.61135485560867,0.01689933872152829,12.945421577515864,0.18913676042677013,-0.5263157894736842,1.3188237989581324,-0.6336565335027319,-0.7680861844174108,0.39729299363057324,-0.5050632911392405,80.14285714285714,1.376490473613761,-0.5354977080113,-0.7332486561470435,Electronic Components,Technology,ELTK
2019Q2,2019,Q2,2019-06-30,2019-06-30,790000.0,8198000.0,7000.0,0.19,1256000.0,0.1532080995,23169000.0,5296000.0,13697000.0,15570000.0,17873000.0,3910000.0,-20481000.0,16922481.36,24747481.36,1.2768623903510095,0.8797045600513809,0.4170227459104838,1.8243957703927491,0.00038226511087761987,1.2768623903510095,0.1491691842900302,2.0642207074896315,5.355215620253165,3.1953325830815706,0.0,1.7754475703324808,0.0,0.3538348655531098,0.6285806037251124,0.0340972851655229,-43.169595306122446,0.1532080995364723,0.5833333333333334,3.099915446442542,-0.6667280772868174,-0.8015443575646599,-0.1838856400259909,2.2644628099173554,-0.9838337182448037,0.814011465471492,-0.5951540284569569,-0.7487152653214922,Electronic Components,Technology,ELTK
2019Q1,2019,Q1,2019-03-31,2019-03-31,242000.0,8735000.0,433000.0,0.12,1539000.0,0.1761877504,21467000.0,1159000.0,11643000.0,17772000.0,20308000.0,4142000.0,-21271000.0,3144950.0,13679950.0,0.571217348447511,0.6551316677920324,0.5405040294405367,10.011216566005176,0.02589322559521603,0.571217348447511,0.2088006902502157,0.3600400686891815,3.2489152892561983,2.713503019844694,0.0,1.7373249637856107,0.0,0.4069036195090138,0.4136281791582264,0.011273116877067127,2.1467235494880548,0.17618775042930737,1.3870967741935483,2.168851651059635,-0.287835116248628,-0.9109048506027511,1.5522388059701493,1.3835182250396196,2.038369304556355,1.6417832672926909,-0.10884918679152296,-0.8876397252922893,Electronic Components,Technology,ELTK
2018Q4,2018,Q4,2018-12-31,2018-12-31,-631000.0,7827000.0,-417000.0,-0.31,603000.0,0.0770410119,18160000.0,882000.0,11445000.0,16759000.0,17278000.0,3611000.0,-21513000.0,4301277.1,12891277.1,0.4346968950221784,0.6829166418044036,0.5276431718061674,10.863945578231293,-0.04023348623853211,0.4346968950221784,-0.7154195011337868,0.5495435160342405,-1.7041509904912837,4.876731405895692,0.0,2.0005538631957904,0.0,0.4310022026431718,0.46745032519840085,-0.03474669603524229,-15.039430419580418,0.0770410118819471,-0.3478260869565217,-1.1614728876299074,-0.5618049291194834,-0.9527675956944434,-0.3802672147995889,-0.36285097192224625,-0.3583061889250814,-3.754915300199509,-0.2480583286366141,-0.9146757502426713,Electronic Components,Technology,ELTK
2018Q3,2018,Q3,2018-09-30,2018-09-30,-463000.0,8503000.0,-307000.0,-0.23,973000.0,0.1144302011,21701000.0,1394000.0,14013000.0,19904000.0,20307000.0,4330000.0,-20882000.0,7262216.16,16010216.16,0.6871896801265139,0.7040293408360129,0.4584581355697894,7.137015781922525,-0.028544794065841334,0.6871896801265139,-0.3321377331420373,0.8540769328472304,-3.9212830237581,5.209624218077475,0.0,1.7390300230946882,0.0,0.39182526150868624,0.48648512861736337,-0.021335422330768166,93.10533538461539,0.11443020110549218,0.45238095238095233,-1.5157870514045757,-0.5656549349487964,-0.8656315993008058,0.6833910034602076,0.45077105575326215,0.5742024965325936,-1.7420047365350713,-0.21578887764701088,-0.861207388978032,Electronic Components,Technology,ELTK
2018Q2,2018,Q2,2018-06-30,2018-06-30,-843000.0,8667000.0,-721000.0,-0.42,578000.0,0.0666897427,21972000.0,1809000.0,14450000.0,19696000.0,20163000.0,4555000.0,-20419000.0,7913100.0,17020100.0,0.8915722030556925,0.7336515028432169,0.4595849262697979,5.582089552238806,-0.061798856391269634,0.8915722030556925,-0.4660033167495854,0.9130148840429214,-2.3467081850533806,4.3742951907131005,0.0,1.7758507135016466,0.0,0.3944565811032223,0.49162266450040615,-0.038367012561441836,-13.166555740432612,0.06668974270220376,-0.2727272727272726,-2.620232295433035,-0.542752597458312,-0.8046638295592269,0.30180180180180183,-0.2582089552238806,-0.15175718849840256,-2.98781558905307,-0.16543471298645795,-0.8160452226282773,Electronic Components,Technology,ELTK
2018Q1,2018,Q1,2018-03-31,2018-03-31,-670000.0,8943000.0,-626000.0,-0.33,444000.0,0.0496477692,22425000.0,2754000.0,14294000.0,19125000.0,19671000.0,4395000.0,-19576000.0,7405850.0,16237850.0,1.3573188762937407,0.7473986928104576,0.41324414715719066,3.3649237472766886,-0.05343125283688716,1.3573188762937407,-0.24328249818445896,0.8281169629878117,-2.7633768656716415,2.6891249092229486,0.0,1.9337883959044369,0.0,0.3987959866220736,0.5049934640522876,-0.02987736900780379,-7.886954206602769,0.049647769204964776,0.0,-4.437324154096313,-0.5320563838476368,-0.6818483059467508,-0.4,-0.0029940119760479044,-0.10211267605633803,-1.8145710723914996,-0.0798356525654331,-0.6902050998594191,Electronic Components,Technology,ELTK
2017Q4,2017,Q4,2017-12-31,2017-12-31,-668000.0,9092000.0,-568000.0,-0.33,740000.0,0.0813902332,22145000.0,3459000.0,13502000.0,18067000.0,18686000.0,3871000.0,-18906000.0,8682408.0,16688408.0,1.7051168293404317,0.7473293850666962,0.40158049221043124,2.570974270020237,-0.047550490062400745,1.7051168293404317,-0.1931193986701359,0.9549502859656841,-3.2494041916167666,2.510091934084996,0.0,2.157582020149832,0.0,0.41056671934974037,0.43449382852714896,-0.03016482275908783,-9.520184210526315,0.08139023317201936,0.44067796610169485,-0.28413829727521805,-0.4781960978700315,-0.5834877220273372,24.125,0.4461028192371476,0.5270607826810991,0.6478650500790722,-0.142345061786624,-0.6283442570108521,Electronic Components,Technology,ELTK
2017Q3,2017,Q3,2017-09-30,2017-09-30,-1206000.0,7703000.0,-1201000.0,-0.59,-32000.0,-0.0041542256,21198000.0,4061000.0,12520000.0,15576000.0,17137000.0,4342000.0,-18237000.0,6694380.0,13752380.0,2.0018732130533374,0.8038007190549563,0.3802717237475233,1.9849790691947795,-0.09924063822894702,2.0018732130533374,-0.29697118936222605,0.8690614046475399,-1.3877238805970147,1.6484560453090369,0.0,1.781437125748503,0.0,0.3633833380507595,0.5026964560862865,-0.05689215963770167,-4.944150664697194,-0.004154225626379333,-0.09259259259259246,-6.865128660159716,-0.5342890386738587,-0.5183846428286603,-1.2388059701492538,-0.10947562097516099,-0.1786064769381747,-1.1232394366197183,-0.343363737106811,-0.6508468747313214,Electronic Components,Technology,ELTK
2017Q2,2017,Q2,2017-06-30,2017-06-30,-1087000.0,7492000.0,-1019000.0,-0.54,134000.0,0.0178857448,21135000.0,5326000.0,11759000.0,13960000.0,15809000.0,4305000.0,-17032000.0,7100100.0,12570100.0,2.6254559794932466,0.8423352435530086,0.29628578187840077,1.1757416447615472,-0.09017566969083177,2.6254559794932466,-0.20409312805107022,0.9476908702616124,-1.632957681692732,1.3331017649267742,0.0,1.7091753774680605,0.0,0.3544830849302105,0.505730659025788,-0.05143127513603028,-12.09557069846678,0.01788574479444741,-0.35000000000000003,-3.0239348741567027,-0.5766588251884295,-0.34966220631626904,-0.7231404958677686,-0.3353808353808354,-0.6200317965023847,-4.907608695652174,-0.37727537195578087,-0.5919399325773828,Electronic Components,Technology,ELTK
2017Q1,2017,Q1,2017-03-31,2017-03-31,-814000.0,8467000.0,-629000.0,-0.4,484000.0,0.0571631038,21704000.0,6194000.0,12451000.0,13556000.0,15510000.0,3992000.0,-15945000.0,7303974.3,11995974.3,3.0533372769397613,0.9184862791383889,0.26359196461481754,0.9236357765579594,-0.05432559856930119,3.0533372769397613,-0.1314175008072328,0.8626401677099327,-2.24323535012285,1.1792015337423312,0.0,1.999749498997996,0.0,0.39011242167342425,0.6046031277663028,-0.037504607445632145,-8.42442249134948,0.05716310381481044,0.7333333333333334,-2.00849487312421,-0.5393402314839028,-0.24282275743493442,2.0476190476190474,0.7331147540983607,0.6098014888337469,-2.9323671497584543,-0.3095490499877681,-0.5237582654159619,Electronic Components,Technology,ELTK
2016Q4,2016,Q4,2016-12-31,2016-12-31,-3050000.0,8109000.0,-1612000.0,-1.5,-462000.0,-0.0569737329,20145000.0,6634000.0,11320000.0,11413000.0,13511000.0,3926000.0,-15131000.0,8012970.0,11600970.0,3.270235630484078,0.9918513975291334,0.23936460660213452,0.726861621947543,-0.2179646958016859,3.270235630484078,-0.45975278866445585,0.988157602663707,-0.6568008196721312,1.2078640337654507,0.0,2.1831380539989813,0.0,0.40253164556962023,0.6079032682029265,-0.1514023330851328,-5.428841463414634,-0.05697373288938217,-5.25,-12.166443454111818,-0.5398797629252151,-0.06645400485857247,-1.525,-5.340956340956341,-3.7551622418879056,-1.7806488384511154,-0.5459276254880651,-0.6446694392294186,Electronic Components,Technology,ELTK
2016Q3,2016,Q3,2016-09-30,2016-09-30,-481000.0,9252000.0,-339000.0,-0.24,880000.0,0.0951145698,24129000.0,10112000.0,13055000.0,11665000.0,14169000.0,4834000.0,-12125000.0,10447290.0,13054290.0,4.984718525091196,1.1191598799828546,0.1429400306684902,0.34107990506329117,-0.02660202049996313,4.984718525091196,-0.047567246835443035,1.1291926070038911,-5.429984407484408,1.0331576344936708,0.0,1.7318990484071162,0.0,0.38343901529280117,0.6772396056579512,-0.0199345186290356,26.787923076923075,0.09511456982274102,-3.3999999999999995,-1.5470480677791008,-0.4964629812390022,0.44958158604719795,-0.39808481532147744,-3.2582159624413145,-2.389344262295082,-1.535826568952863,-0.5274061559300683,-0.025322010032456477,Electronic Components,Technology,ELTK
2016Q2,2016,Q2,2016-06-30,2016-06-30,213000.0,9904000.0,244000.0,0.1,1462000.0,0.1476171244,24672000.0,10308000.0,13509000.0,11762000.0,14481000.0,4618000.0,-11679000.0,10934154.0,13836154.0,5.0813368825791185,1.1485291617071927,0.15385862516212712,0.3682576639503298,0.015210677890398722,5.0813368825791185,0.020663562281722933,1.1040139337641357,12.833514084507042,1.060744470314319,0.0,1.8280640970116935,0.0,0.40142671854734113,0.7366094201666383,0.008633268482490273,-37.834442906574395,0.14761712439418417,1.5263157894736843,-0.45989087565325576,-0.44031839663331185,0.5542636184103643,0.5602988260405549,1.5649867374005304,1.8327645051194539,-0.5905367405394889,-0.47738880566602043,0.11327931036950521,Electronic Components,Technology,ELTK
2016Q1,2016,Q1,2016-03-31,2016-03-31,-377000.0,9800000.0,-293000.0,-0.19,937000.0,0.0956122449,25080000.0,10313000.0,13552000.0,11831000.0,14856000.0,4481000.0,-11891000.0,10853010.0,13458010.0,5.083801636596668,1.1454653030174964,0.14126794258373207,0.34354697954038593,-0.02251997135997703,5.083801636596668,-0.03655580335498885,1.10745,-7.1969562334217505,1.0523620672937068,0.0,1.9779067172506137,0.0,0.39074960127591707,0.7496407742371736,-0.01503189792663477,13.737987341772152,0.09561224489795918,-2.9000000000000004,-1.3117813740665838,-0.4605563451345814,0.686520894248631,-0.44589000591366057,-2.646288209606987,-1.6439560439560439,-2.9345175020824263,-0.4871126381343004,0.1916286814859566,Electronic Components,Technology,ELTK
2015Q4,2015,Q4,2015-12-31,2015-12-31,229000.0,10407000.0,455000.0,0.1,1691000.0,0.1624867877,25419000.0,10335000.0,13963000.0,11981000.0,15175000.0,4450000.0,-11507000.0,12881610.0,16023610.0,5.094646554273884,1.1654285952758534,0.16444391990243518,0.40445089501693277,0.018254949241150127,5.094646554273884,0.02215771649733914,1.237783222830787,14.062893013100437,1.2464063860667633,0.0,1.9586516853932585,0.0,0.40941815177623037,0.75561305400217,0.009009009009009009,11.626001805054152,0.1624867877390218,-0.6666666666666666,1.209599635327181,-0.31425239898570756,1.1388131929978005,-0.02197802197802198,-0.6330128205128205,-0.2504118616144975,1.4402210629880612,-0.40272621981229834,0.2444794428584764,Electronic Components,Technology,ELTK
2015Q3,2015,Q3,2015-09-30,2015-09-30,624000.0,10843000.0,607000.0,0.3,1729000.0,0.1594577147,26317000.0,10044000.0,14935000.0,13126000.0,16336000.0,4703000.0,-11735000.0,12678750.0,16748750.0,4.951197870452529,1.137818071004114,0.20093475700117794,0.5264834727200318,0.03692736783116645,4.951197870452529,0.06212664277180406,1.169302775984506,5.079627403846154,1.262320788530466,0.0,1.9379119710822879,0.0,0.41201504730782385,0.7600944689928386,0.023710909298172284,24.01278409090909,0.1594577146546159,0.4999999999999999,2.253191363501923,-0.21756431474166998,0.7422101636247656,-0.09095688748685594,0.4716981132075472,0.11786372007366483,2.0346934361025397,-0.34444970093997784,0.1911708070497258,Electronic Components,Technology,ELTK
2015Q2,2015,Q2,2015-06-30,2015-06-30,424000.0,10383000.0,543000.0,0.2,1902000.0,0.1831840509,26560000.0,9832000.0,15235000.0,13664000.0,16791000.0,5278000.0,-12359000.0,9027270.0,13256270.0,4.846692300108449,1.1149736533957846,0.19664909638554218,0.5312245728234337,0.03473190892652866,4.846692300108449,0.043124491456468676,0.8694279110083791,5.322682783018868,0.9181519528071603,0.0,1.6068586585827964,0.0,0.3909262048192771,0.708650468384075,0.015963855421686747,-23.386709844559586,0.1831840508523548,2.666666666666667,1.5283226156591714,-0.24490531961415105,0.8984673246647021,0.5513866231647635,2.7815126050420167,6.027777777777778,-0.21053506288643817,-0.4133006649668263,0.20054847681157392,Electronic Components,Technology,ELTK
2015Q1,2015,Q1,2015-03-31,2015-03-31,-238000.0,9717000.0,-108000.0,-0.12,1226000.0,0.1261706288,24806000.0,8888000.0,13880000.0,12722000.0,15996000.0,4725000.0,-12783000.0,12273030.0,15918030.0,4.3813467415951886,1.0910234239899388,0.18338305248730147,0.5118136813681368,-0.008501897745032372,4.3813467415951886,-0.02677767776777678,1.263047236801482,-12.891838235294117,1.3808539603960397,0.0,1.797037037037037,0.0,0.39171974522292996,0.6987894985065242,-0.009594452954930258,-30.9925,0.12617062879489555,0.8723404255319149,0.7892662105800102,-0.34263636353308696,0.4123726877319773,-0.07680722891566265,0.8745387453874539,0.6,-1.2948670513557272,-0.4713321163728692,0.08650166805268045,Electronic Components,Technology,ELTK
2014Q4,2014,Q4,2014-12-31,2014-12-31,-1897000.0,10601000.0,-270000.0,-0.94,1328000.0,0.1252712008,26266000.0,9307000.0,14883000.0,14955000.0,17042000.0,4670000.0,-12550000.0,11841952.5,15272952.5,4.587893128265799,0.9951855566700101,0.1736084672199802,0.4899537982163963,-0.11615060051622489,4.587893128265799,-0.20382507789835608,1.1170599471747948,-1.5606157749077492,1.2723705275599013,,1.9856531049250534,,0.4036016142541689,0.6256101638248077,-0.07222264524480317,0.0,0.12527120083011037,-2.3571428571428568,-0.736290428889354,-0.22991083706321416,0.25599393571492773,-0.11877903118779032,-2.339788732394366,0.39461883408071746,-7.945161715557417,-0.3984788958897775,0.3096943890234045,Electronic Components,Technology,ELTK
2014Q3,2014,Q3,2014-09-30,2014-09-30,-568000.0,11731000.0,-446000.0,-0.28,1507000.0,0.1284630466,27970000.0,11631000.0,14952000.0,15216000.0,16349000.0,5173000.0,-10727000.0,15823080.0,18956080.0,5.733510795622597,0.9826498422712934,0.13539506614229532,0.3255953916258275,-0.02971187243392507,5.733510795622597,-0.04883500988736996,1.348826187025829,-6.964383802816901,1.3604230074800103,,1.9764160061859657,,0.419413657490168,0.6189537329127235,-0.020307472291741152,0.0,0.12846304662859093,-2.08710033076075,-5.169246442538369,-0.1996577294768562,0.3540016562724319,-0.10083532219570406,-2.0869565217391304,-5.861538461538461,-1.6459943918888345,-0.3615442318325481,0.6673341996949128,Electronic Components,Technology,ELTK
2014Q2,2014,Q2,2014-06-30,2014-06-30,-184000.0,12031000.0,-65000.0,-0.0907,1676000.0,0.1393067908,29640000.0,13052000.0,16296000.0,15073000.0,16573000.0,5635000.0,-10197000.0,15315930.0,17215930.0,6.433993887410036,1.081138459497114,0.10583670715249663,0.24034630707937482,-0.004588653671364153,6.433993887410036,-0.014097456328532026,1.27303881639099,-20.8096875,1.173454642966595,,1.8376220053238688,,0.40590418353576246,0.691169641080077,-0.006207827260458839,0.0,0.139306790790458,0.09300000000000003,0.5125638331213244,-0.06961271428633435,0.560686223698361,0.10919920582395765,0.1111111111111111,0.4628099173553719,-1.4665731402807558,-0.32012021707344257,0.9680101617667903,Electronic Components,Technology,ELTK
2014Q1,2014,Q1,2014-03-31,2014-03-31,-207000.0,12263000.0,-121000.0,-0.1,1511000.0,0.1232161787,29483000.0,13006000.0,16557000.0,14835000.0,16413000.0,5889000.0,-10072000.0,22618890.0,24158890.0,6.411318150448586,1.116076845298281,0.08574432723942611,0.19437182838689834,-0.00853120957408327,6.411318150448586,-0.015915731200984162,1.8444825899045911,-27.3175,1.7391119483315391,,1.825776872134488,,0.41593460638333957,0.7012470508931581,-0.007020995149747312,0.0,0.12321617874908261,-1.0512820512820513,-2.2847424684159376,-0.15807378424476048,0.6028295376121464,-0.14632768361581922,-1.0746483952398125,0.34946236559139787,-1.1711903035325806,-0.3249798428964665,1.1269165859204593,Electronic Components,Technology,ELTK
2013Q4,2013,Q4,2013-12-31,2013-12-31,2773000.0,12675000.0,-186000.0,1.95,1770000.0,0.1396449704,31454000.0,13251000.0,18355000.0,16358000.0,18107000.0,6109000.0,-9885000.0,17277600.0,17993600.0,9.203361577996944,1.1220809389900965,0.1026896420169136,0.2437551882876764,0.10250575517222119,9.203361577996944,0.20926722511508566,1.3631242603550295,1.5576631806707537,1.3038714059316279,0.0,1.7850712064167622,0.0,0.4029694156546067,0.7116395647389656,0.08816048833216761,25.787462686567164,0.13964497041420118,3.333333333333333,2.7743008247854792,0.29569923752677374,1.161457453564036,-0.24391285775309696,3.74017094017094,-1.2530612244897958,4.576013600515677,0.1767412084393813,2.8637167374124988,Electronic Components,Technology,ELTK
2013Q3,2013,Q3,2013-09-30,2013-09-30,585000.0,12758000.0,735000.0,0.45,2341000.0,0.1834927105,27896000.0,6761000.0,17903000.0,19326000.0,21019000.0,6323000.0,-12658000.0,8593000.0,13522000.0,5.114220877458396,0.926368622580979,0.22608976197304273,0.9328501700931815,0.051688650881514094,5.114220877458396,0.08652566188433664,0.6735381721272927,3.6722222222222225,1.2709658334565894,,1.6474774632294797,,0.4573415543447089,0.5820138673289869,0.0209707484944078,0.0,0.18349271045618434,0.8,30.249999999999996,0.03639317627944758,-0.1098090849242923,0.11795606494746896,0.7256637168141593,0.4969450101832994,3.68,0.41268962462628717,0.7995741282938515,Electronic Components,Technology,ELTK
2013Q2,2013,Q2,2013-06-30,2013-06-30,339000.0,12350000.0,491000.0,0.25,2094000.0,0.1695546559,26354000.0,6034000.0,16646000.0,18461000.0,20217000.0,5647000.0,-13370000.0,7403199.999999999,12950200.0,4.564296520423601,0.901684632468447,0.241936707900129,1.0566788200198873,0.038517561738635825,4.564296520423601,0.056181637388133907,0.5994493927125505,5.459587020648967,1.2269141531322505,,1.8161855852665132,,0.4686195643925021,0.5816044634635177,0.012863322455794187,0.0,0.16955465587044535,1.4999999999999998,2.039877300613497,0.08514190317195332,-0.2360091162319574,0.17114093959731544,1.669291338582677,1.1347826086956523,1.6481835564053537,0.3781943979466577,0.7878518518518519,Electronic Components,Technology,ELTK
2013Q1,2013,Q1,2013-03-31,2013-03-31,127000.0,12452000.0,230000.0,0.1,1788000.0,0.1435913909,25681000.0,5640000.0,15966000.0,18758000.0,19929000.0,5125000.0,-13583000.0,8526900.0,13730900.0,4.266263237518911,0.851156839748374,0.2500292044702309,1.1384751773049646,0.017718330768723554,4.266263237518911,0.022517730496453902,0.6847815611949888,16.78523622047244,1.5118617021276597,,2.080780487804878,,0.4848720844203886,0.5613604861925579,0.004945290292434095,0.0,0.14359139094121426,1.3846153846153846,1.1569839307787393,0.18987099856665077,-0.285623812539582,-0.02826086956521739,1.3746312684365782,1.118312757201646,1.172554347826087,0.29263988373300115,0.3752743233357717,Electronic Components,Technology,ELTK
2012Q4,2012,Q4,2012-12-31,2012-12-31,-339000.0,11355000.0,-1944000.0,-0.26,1840000.0,0.1620431528,23449000.0,5412000.0,14258000.0,16970000.0,17913000.0,5244000.0,-13708000.0,7271000.0,11169000.0,4.093797276853253,0.8401885680612846,0.24875261205168664,1.077790096082779,-0.1775916568980153,4.093797276853253,-0.06263858093126386,0.6403346543372963,-5.362094395280236,1.3434959349593496,0.0,1.8144546147978642,0.0,0.4842423983965201,0.5065998821449617,-0.014456906477888182,2.053954802259887,0.16204315279612505,-3.5999999999999996,-0.2194244604316547,0.14824552533117608,-0.32970027247956407,0.06113033448673587,-3.529850746268657,-7.821052631578947,0.523876404494382,0.2657451789098205,0.1207289293849658,Electronic Components,Technology,ELTK
2012Q3,2012,Q3,2012-09-30,2012-09-30,134000.0,10779000.0,285000.0,0.1,1734000.0,0.1608683551,22838000.0,5495000.0,13863000.0,16166000.0,17202000.0,5124000.0,-13386000.0,7072699.999999999,11703700.0,4.156580937972769,0.8575405171347272,0.2655661616603906,1.1037306642402185,0.023203745165886424,4.156580937972769,0.024385805277525024,0.6561554875220335,13.19533582089552,1.287115559599636,,1.765222482435597,,0.47197653034416326,0.5098354571322529,0.005867413959190822,0.0,0.16086835513498468,-0.6,1.6063348416289593,0.22893626724432772,-0.330857282026303,-0.09404388714733543,-0.6171428571428571,-0.3870967741935484,3.233333333333333,0.12845477386934656,-0.018399428367273894,Electronic Components,Technology,ELTK
2012Q2,2012,Q2,2012-06-30,2012-06-30,350000.0,11533000.0,465000.0,0.25,1914000.0,0.1659585537,22786000.0,5337000.0,14477000.0,16677000.0,17325000.0,4540000.0,-13521000.0,8394700.0,12312700.0,4.037065052950076,0.8680817892906398,0.2430878609672606,1.0378489788270564,0.0403082356171577,4.037065052950076,0.06557991380925614,0.7278851989941906,5.996214285714286,1.5729248641558928,,2.1187224669603526,,0.5061441235846572,0.5622114289140733,0.015360308961643114,0.0,0.1659585537154253,-0.37500000000000006,2.897532535322168,0.24427042170799051,-0.3804373993368879,-0.17535545023696683,-0.33460076045627374,-0.3505586592178771,2.4227642276422765,0.3685771923578974,-0.020733944954128534,Electronic Components,Technology,ELTK
2012Q1,2012,Q1,2012-03-31,2012-03-31,526000.0,11978000.0,716000.0,0.4,2321000.0,0.1937719152,24379000.0,5331000.0,15603000.0,17106000.0,18912000.0,5005000.0,-13872000.0,10840399.999999998,15652399.999999998,4.032526475037821,0.912136092599088,0.2553837319004061,1.1678859501031702,0.06138955203109069,4.032526475037821,0.0986681673232039,0.9050258807814324,5.152281368821292,2.033464640780341,,1.9294705294705294,,0.49132450059477417,0.5833625628434468,0.021575946511341728,0.0,0.19377191517782602,2.076923076923077,-0.2078979288554483,-0.003104121509402319,-0.43017766593937923,0.3090806542583192,1.9550561797752808,1.4049773755656108,4.0095238095238095,0.261904761904762,0.008131618759455339,Electronic Components,Technology,ELTK
2011Q4,2011,Q4,2011-12-31,2011-12-31,178000.0,11485000.0,-1768000.0,0.13,1773000.0,0.1543752721,22869000.0,4631000.0,14566000.0,16353000.0,18107000.0,4434000.0,-13703000.0,8586390.0,14154390.0,3.5030257186081695,0.890723414663976,0.28247846429664614,1.3949470956596848,-0.1730165746342343,3.5030257186081695,0.03843662275966314,0.7476177622986504,12.059536516853932,1.8541114230187865,0.0,2.1903473161930536,0.0,0.5022082294809568,0.5978719501008989,0.007783462328916874,5.612019607843138,0.1543752720940357,-0.7111111111111111,-0.7708803193254616,-0.09762615624627594,-0.4788090835594618,-0.2578484721640854,-0.6893542757417103,-2.843587069864442,1.12404181184669,0.2786684480071254,-0.1772961449635815,Electronic Components,Technology,ELTK
2011Q3,2011,Q3,2011-09-30,2011-09-30,573000.0,11974000.0,959000.0,0.45,2389000.0,0.1995156172,23617000.0,4546000.0,15449000.0,18308000.0,18874000.0,5154000.0,-14716000.0,6345600.0,12021600.0,3.4387291981845687,0.8438387590124535,0.29580387009357667,1.5367355917289924,0.08003785874355851,3.4387291981845687,0.12604487461504618,0.529948221145816,2.7685863874345547,1.3958644962604487,,1.8597206053550641,,0.5070076639708685,0.5317347607603233,0.024262184019985603,0.0,0.19951561717053617,1.25,0.01568078668683816,-0.005965144158560661,-0.42841989033279104,0.14580335731414867,1.2295719844357977,1.2511737089201878,29.65,-0.027294882209585588,-0.40144832126398944,Electronic Components,Technology,ELTK
2011Q2,2011,Q2,2011-06-30,2011-06-30,257000.0,11532000.0,426000.0,0.2,2085000.0,0.1808012487,25333000.0,4322000.0,16335000.0,20153000.0,20792000.0,5005000.0,-14594000.0,8658439.0,14463439.0,3.26928895612708,0.8105492978712847,0.30276714167291674,1.7746413697362333,0.03513615137364304,3.26928895612708,0.05946321147616844,0.7508185050294832,8.422606031128405,2.0033408144377605,,1.8875124875124876,,0.4552165160067896,0.5363965662680494,0.010144870327241148,0.0,0.18080124869927158,-0.6666666666666666,-0.521326671444117,0.009414528282735514,-0.4040977857241095,-0.15995165189363417,-0.6738578680203046,-0.5142531356898518,1.7883435582822085,0.013267726913276592,-0.45277285388706,Electronic Components,Technology,ELTK
2011Q1,2011,Q1,2011-03-31,2011-03-31,788000.0,11839000.0,877000.0,0.6,2482000.0,0.209646085,25617000.0,3985000.0,15462000.0,19691000.0,21432000.0,5246000.0,-15546000.0,7602161.0,13684161.0,3.014372163388805,0.7852318318013306,0.30542218058320647,1.9633626097867,0.07245624608246419,3.014372163388805,0.19774153074027603,0.6421286426218431,2.4118531091370556,1.9076941028858216,,1.783644681662219,,0.4621540383339189,0.507795439540907,0.030760822891048912,0.0,0.20964608497339302,2.111111111111111,0.09061706396704794,0.0805016912256765,-0.3715762419225123,1.283348666053358,2.106741573033708,2.583032490974729,1.9740420271940669,0.13129479216435744,-0.49525015832805575,Electronic Components,Technology,ELTK
2010Q4,2010,Q4,2010-12-31,2010-12-31,-712000.0,9890000.0,-554000.0,-0.54,1087000.0,0.109908999,23837000.0,3149000.0,13600000.0,17664000.0,20513000.0,4282000.0,-15549000.0,10047200.0,16649200.0,2.381996974281392,0.769927536231884,0.3404371355455804,2.5770085741505238,-0.04988385457135458,2.381996974281392,-0.22610352492854874,1.0158948432760364,-3.5278089887640447,3.190600190536678,0.0,2.0558150397010744,0.0,0.4149012040105718,0.5096807065217391,-0.02986953056173176,9.947722772277228,0.10990899898887765,-6.3999999999999995,-1.6750431925807232,-0.26751121850555337,-0.5761186643604409,-0.2323446327683616,-6.696,-6.12962962962963,-1.561151079136691,0.00010112245929827049,-0.6099826603913797,Electronic Components,Technology,ELTK
2010Q3,2010,Q3,2010-09-30,2010-09-30,125000.0,9031000.0,108000.0,0.1,1416000.0,0.1567932676,23547000.0,3757000.0,13241000.0,17874000.0,19556000.0,4283000.0,-15587000.0,7204238.999999999,14038239.0,2.8419062027231465,0.7407966879265973,0.34199685734913154,2.1434655310087836,0.009213037269200147,2.8419062027231465,0.03327122704285334,0.7977232864577565,14.408478,1.9175509715198296,,1.7779593742703712,,0.38353081071898754,0.48914624594382905,0.005308531872425362,0.0,0.15679326763370613,1.25,-0.6773643039002252,-0.279984077364783,-0.43870680786686844,0.1053864168618267,1.2390057361376674,1.5320197044334976,1.5656108597285068,0.029643142173070233,-0.542498782269849,Electronic Components,Technology,ELTK
2010Q2,2010,Q2,2010-06-30,2010-06-30,-523000.0,8961000.0,-203000.0,-0.4,1281000.0,0.1429527954,23044000.0,3375000.0,13032000.0,17939000.0,19468000.0,3989000.0,-15712000.0,7601500.0,14368500.0,2.5529500756429653,0.7264618986565583,0.34286582190591913,2.341037037037037,-0.01817661045224011,2.5529500756429653,-0.15496296296296297,0.8482870215377748,-3.6336042065009564,2.2522962962962962,,1.9252945600401103,,0.38886478042006595,0.4951223591058587,-0.02269571254990453,0.0,0.14295279544693673,0.28571428571428575,-4.2878941298063245,-0.23100952637219033,-0.4517916875173433,0.2329162656400385,0.28940217391304346,0.6368515205724508,-1.8354557599242685,-0.0332170945178789,-0.6082024026160758,Electronic Components,Technology,ELTK
2010Q1,2010,Q1,2010-03-31,2010-03-31,-736000.0,9633000.0,-559000.0,-0.56,1039000.0,0.1078584034,24563000.0,4101000.0,13658000.0,16262000.0,20227000.0,3732000.0,-14888000.0,8262500.0,15927500.0,3.1021180030257187,0.8398720944533268,0.3427512925945528,2.052913923433309,-0.04501553678497965,3.1021180030257187,-0.1794684223360156,0.8577286411294508,-2.8065557065217392,2.0147524993903927,,2.302786709539121,,0.39217522289622603,0.5495633993358751,-0.029963766640882628,0.0,0.10785840340496211,-0.03703703703703707,-3.433963691376702,-0.22449030912624185,-0.35450722564705295,-0.11120615911035073,-0.033707865168539325,-0.03136531365313653,-2.1083405406129088,-0.19827199887293986,-0.5616504610799838,Electronic Components,Technology,ELTK
2009Q4,2009,Q4,2009-12-31,2009-12-31,-712000.0,8971000.0,-542000.0,-0.54,1169000.0,0.1303087727,23771000.0,4829000.0,12591000.0,14575000.0,18632000.0,3938000.0,-13827000.0,7469300.000000001,14466300.0,3.652798789712557,0.8638765008576329,0.3472718859114047,1.7094636570718575,-0.04171760146709521,3.652798789712557,-0.14744253468627044,0.8326050607513099,-2.6226474719101125,1.546759163387865,0.0,1.9812087353986796,0.0,0.3773926212612006,0.5619210977701544,-0.02995246308527197,20.74805555555556,0.13030877271207222,-10.894273127753305,-2.161809585128949,-0.3600575615249884,-0.12725784844982227,-0.18022440392706873,-10.866666666666667,-21.074074074074073,-1.916478722698154,-0.2951505657540567,-0.45652538641948626,Electronic Components,Technology,ELTK
2009Q3,2009,Q3,2009-09-30,2009-09-30,-60000.0,9552000.0,27000.0,-0.0454,1426000.0,0.1492881072,25407000.0,5598000.0,14168000.0,15227000.0,19513000.0,3785000.0,-13793000.0,8261839.0,15041839.0,4.234493192133131,0.9304524857161621,0.348722792931082,1.5827081100392997,0.0014939825702033477,4.234493192133131,-0.010718113612004287,0.8649328936348408,-34.424329166666666,1.475855484101465,,2.146895640686922,,0.37595938127287754,0.6428055427858409,-0.0023615539024678237,0.0,0.14928810720268007,0.7610526315789474,0.8856776502712077,-0.17852776535046308,0.25620763926046436,0.06180193596425912,0.7560975609756098,1.228813559322034,-1.1063540090771558,-0.20703015341594885,-0.29614926222678495,Electronic Components,Technology,ELTK
2009Q2,2009,Q2,2009-06-30,2009-06-30,-246000.0,8427000.0,-118000.0,-0.19,1343000.0,0.1593686959,25213000.0,5450000.0,14113000.0,15096000.0,19490000.0,4073000.0,-13720000.0,8791300.0,15074300.0,4.122541603630863,0.9348834128245893,0.34878832348391703,1.6135779816513762,-0.008562649996814227,4.122541603630863,-0.04513761467889908,1.0432300937462917,-8.934247967479676,1.6130825688073394,,1.739258531794746,,0.3342323404592869,0.6320217276099629,-0.009756871455201682,0.0,0.1593686958585499,-2.9000000000000004,0.8410127239759256,-0.1260278329959987,0.15107937577553854,-0.1725200246457178,-3.342857142857143,-1.715151515151515,-1.4581853650768375,-0.26237112124188244,-0.24857309861092006,Electronic Components,Technology,ELTK
2009Q1,2009,Q1,2009-03-31,2009-03-31,105000.0,9492000.0,165000.0,0.1,1623000.0,0.1709860936,23748000.0,5288000.0,13176000.0,14839000.0,18144000.0,3778000.0,-13537000.0,6147300.000000001,12464300.0,4.0,0.8879304535346048,0.3192268822637696,1.4336232980332828,0.009638237839662809,4.0,0.01985627836611195,0.647629582806574,14.636428571428572,1.1625,,2.08284806776072,,0.3996968165740273,0.5986926342745468,0.004421424962102072,0.0,0.17098609355246525,1.0917431192660552,1.122192535940379,-0.06774090971717027,0.0,0.5196629213483146,1.0731707317073171,1.151376146788991,-0.854676660258198,-0.13370030804002692,-0.1660966542750929,Electronic Components,Technology,ELTK
2008Q4,2008,Q4,2008-12-31,2008-12-31,-1435000.0,8982000.0,-1090000.0,-1.09,1068000.0,0.1189044756,25453000.0,5629000.0,13643000.0,15524000.0,19494000.0,4429000.0,-12947000.0,4759200.0,11708200.0,4.257942511346445,0.8788327750579747,0.3341452873924488,1.510925564043347,-0.08428466906513664,4.257942511346445,-0.2549298276780956,0.5298597194388778,-0.8291289198606272,0.8454787706519807,0.0,1.7868593361932716,0.0,0.3528857109181629,0.5671218758052048,-0.056378422975680666,4.009435551811289,0.11890447561790247,-71.18543046357617,-0.005647781931168173,-0.13579049751112873,-0.20551734220440235,-0.478515625,-70.75,-4.41692789968652,-4.391414299653564,-0.3347609468773388,-0.2422902387059135,Electronic Components,Technology,ELTK
2008Q3,2008,Q3,2008-09-30,2008-09-30,-20000.0,12310000.0,319000.0,-0.0151,2048000.0,0.1663688058,30097000.0,7595000.0,16226000.0,17521000.0,22134000.0,4426000.0,-12352000.0,8130300.000000001,16104300.0,5.745083207261724,0.9260886935677187,0.31541349636176363,1.2499012508229097,-0.028720109478536444,5.745083207261724,-0.0026333113890717576,0.6604630381803412,-101.62875,1.0704805793285057,0.0,2.3185720741075464,0.0,0.40901086487025284,0.6533302893670453,-0.0006645180582782337,0.0,0.16636880584890332,0.9396,0.9825387300433573,0.2565556413051104,-0.053481506682398476,0.20968694624926165,0.9386503067484663,4.038095238095238,-1.0516217113759638,-0.018558741264586228,0.13468772804129206,Electronic Components,Technology,ELTK
2008Q2,2008,Q2,2008-06-30,2008-06-30,-326000.0,11381000.0,-105000.0,-0.25,1693000.0,0.1487566998,30393000.0,7898000.0,15848000.0,17646000.0,22130000.0,5018000.0,-12331000.0,8196400.0,16486400.0,5.9742813918305595,0.8981072197665193,0.29941104859671636,1.1521904279564448,-0.00613953148003065,5.9742813918305595,-0.041276272474044064,0.7201827607415868,-6.28558282208589,1.037781716890352,0.0,1.9306496612196093,0.0,0.3744612246240911,0.5968491442819902,-0.01072615404862962,0.0,0.1487566997627625,0.5901639344262295,0.7565590346225748,-0.15820007835486086,-0.3968115344060882,0.6170009551098377,0.5970333745364648,0.8592493297587132,-3.0494330522310933,-0.023336616409094842,0.2828886672557104,Electronic Components,Technology,ELTK
2008Q1,2008,Q1,2008-03-31,2008-03-31,-809000.0,10465000.0,-746000.0,-0.61,1047000.0,0.1000477783,30426000.0,7895000.0,16153000.0,16324000.0,22162000.0,4510000.0,-12005000.0,14542000.0,20931000.0,5.972012102874433,0.9895246263170792,0.30115690527838035,1.160607979734009,-0.04319916349462604,5.972012102874433,-0.10246991766941102,1.3895843287147636,-4.493819530284302,1.8419252691576946,0.0,2.088248337028825,0.0,0.3439492539275619,0.6975006125949522,-0.02658910142641162,0.0,0.10004777830864788,-1.9047619047619049,0.3014529723443664,0.1716141409035267,0.0,0.16983240223463686,-1.910071942446043,-0.6323851203501094,-3.6753758509833587,-0.1575097150426784,0.24266409498086244,Electronic Components,Technology,ELTK
2007Q4,2007,Q4,2007-12-31,2007-12-31,-278000.0,9889000.0,-457000.0,-0.21,895000.0,0.0905046011,29182000.0,8074000.0,15857000.0,15124000.0,20755000.0,4271000.0,-11196000.0,16920939.0,23319939.0,6.107413010590015,1.048466014281936,0.30381742169830717,1.098092643051771,-0.015495379901841208,6.107413010590015,-0.034431508545949965,1.7110869653149965,-15.216671762589929,2.0957318553381223,0.0,2.1058300163896044,0.0,0.33887327804811185,0.7525786828881248,-0.009526420396134603,12.000665957446808,0.09050460107189807,-0.23529411764705868,0.862546562166374,0.16360732896285082,-0.10293642056988382,-0.18339416058394162,-0.2579185520361991,-0.17480719794344474,-1.453627899811584,-0.2945724251388486,0.45920897320690307,Electronic Components,Technology,ELTK
2007Q3,2007,Q3,2007-09-30,2007-09-30,-221000.0,8771000.0,-389000.0,-0.17,1096000.0,0.1249572455,27153000.0,8212000.0,15381000.0,14076000.0,18589000.0,4373000.0,-10724000.0,20953700.0,26781700.0,6.211800302571861,1.0927109974424551,0.27816447538025263,0.9197515830491964,-0.02445361311527636,6.211800302571861,-0.026911836337067705,2.3889750313533233,-23.703280542986427,2.551595226497808,0.0,1.75508804024697,0.0,0.3230213972673369,0.7634981528843422,-0.00813906382351858,0.0,0.1249572454680196,-0.21428571428571425,0.8823058678885802,0.2129793421821688,-0.22613828968979818,-0.24828532235939643,-0.29239766081871343,-54.57142857142857,0.5789126784989483,-0.24569378453610882,0.8427969156139576,Electronic Components,Technology,ELTK
2007Q2,2007,Q2,2007-06-30,2007-06-30,-171000.0,8593000.0,-7000.0,-0.14,1458000.0,0.1696729896,25844000.0,7986000.0,15073000.0,12982000.0,17524000.0,3950000.0,-10500000.0,26595520.0,30839520.0,6.515992167101827,1.1610691727006626,0.26180157870298715,0.8472326571500125,-0.00047451193058568327,6.515992167101827,-0.021412471825694966,3.095021529151635,-38.88233918128655,3.330267968945655,0.0,1.8063291139240507,0.0,0.33249496981891347,0.8402403327684487,-0.006616622813805912,0.0,0.16967298964273245,-1.3111111111111113,0.38026198670780914,0.1559647490948401,-0.32037276703042955,-0.32122905027932963,-1.3026548672566372,-1.0101010101010102,0.8807918152829266,-0.038715094685431835,0.8193689518281614,Electronic Components,Technology,ELTK
2007Q1,2007,Q1,2007-03-31,2007-03-31,565000.0,10223000.0,693000.0,0.45,2148000.0,0.2101144478,25797000.0,7960000.0,15022000.0,13473000.0,17508000.0,3593000.0,0.0,24126960.0,28141960.0,7.076813655761025,1.1149706821049505,0.2347172151800597,0.760678391959799,0.03855335720334066,7.076813655761025,0.07097989949748744,2.3600665166780788,10.675646017699115,3.0310251256281404,,2.2474255496799334,,0.3962863898902973,0.8366362354338306,0.0219017715238206,0.0,0.2101144478137533,-0.2372881355932203,3.0624320140574013,0.5395222589368251,-0.26688621812682356,-0.17257318952234207,-0.14523449319213314,-0.24179431072210067,1.7727872965348106,0.1800853135616608,0.0,Electronic Components,Technology,ELTK
