Quarters,Year,Quarter,FillingDate,Date,NetIncome,Revenue,OperatingIncome,EPSDiluted,GrossProfit,GrossProfitRatio,TotalAssets,CommonStockEquity,CurrentAssets,CurrentLiability,TotalLiability,Inventory,RetainedEarnings,MarketCap,EnterpriseValue,bookValuePerShare,currentRatio,debtToAssets,debtToEquity,roic,shareholdersEquityPerShare,roe,priceToSalesRatio,peRatio,pbRatio,payoutRatio,inventoryTurnover,dividendYield,assetTurnover,quickRatio,returnOnAssets,priceToFreeCashFlowsRatio,grossProfitMargin,epsdilutedGrowth,fiveYNetIncomeGrowthPerShare,fiveYRevenueGrowthPerShare,fiveYShareholdersEquityGrowthPerShare,grossProfitGrowth,netIncomeGrowth,operatingIncomeGrowth,threeYNetIncomeGrowthPerShare,threeYRevenueGrowthPerShare,threeYShareholdersEquityGrowthPerShare,Industry,Sector,Symbol
2023Q4,2023,Q4,2023-04-25,2023-02-25,311100000.0,18265100000.0,433600000.0,0.54,5084300000.0,0.2783614653,26168200000.0,1610700000.0,6270400000.0,8428800000.0,24557500000.0,4782000000.0,-185000000.0,11050520000.0,25555820000.0,2.9938661710037175,0.7439255884586181,0.5717282808905465,9.28857018687527,0.016963583435042597,2.9938661710037175,0.19314583721363382,0.6050073637702503,8.880199292831886,6.860694108151735,12.845387335261973,2.75633626097867,0.36163004093924994,0.697988398132084,0.1356539483675019,0.011888475325012802,56.69840944073884,0.278361465308156,1.7,-0.15413962492113653,0.37409236338242957,0.2162179839294174,-0.007302262920514673,-0.1715046604527297,-0.2554945054945055,3.0855244173849385,0.05351875157739966,-0.37046574302600693,Grocery Stores,Consumer Defensive,ACI
2023Q3,2023,Q3,2023-01-10,2022-12-03,375500000.0,18154900000.0,582400000.0,0.2,5121700000.0,0.2821111656,30214700000.0,819000000.0,10685700000.0,13309000000.0,29395700000.0,5054900000.0,-417200000.0,11215908000.0,22015608000.0,1.531986531986532,0.8028927793222631,0.5034635458899145,18.573870573870575,0.01991143293182415,1.531986531986532,0.45848595848595847,0.6177895774694435,7.467315579227697,13.694637362637362,0.21278295605858855,2.5783299372885713,0.007123810216702919,0.6008631560134636,0.38448418363513415,0.012427725577285229,-129.96417149478563,0.28211116558064214,-0.6610169491525424,0.8292524991796476,0.41840378498090386,0.0,0.02339847340446789,0.09571053399474759,0.0967984934086629,6.2802914246547665,0.3677148982296437,-0.6390241640386832,Grocery Stores,Consumer Defensive,ACI
2023Q2,2023,Q2,2022-10-19,2022-09-10,342700000.0,17919400000.0,531000000.0,0.59,5004600000.0,0.2792839046,28754100000.0,4387000000.0,9264600000.0,8244500000.0,24367100000.0,4746400000.0,3239900000.0,15802749000.0,26450949000.0,8.247790938146268,1.1237309721632605,0.48829905996014483,3.2005014816503303,0.01611993363785832,8.247790938146268,0.07811716434921359,0.8818793597999933,11.528121534870149,3.602176658308639,0.22001750802451123,2.7209674700825888,0.004771321749146303,0.6231946052910715,0.49052095336284796,0.011918300346733161,74.08696202531645,0.27928390459501995,-0.2976190476190476,2.0302900192917113,0.3834588584527562,6.857674023594567,-0.23535523300229183,-0.29223461379595206,-0.3014077095119063,0.2413806473962547,0.3497914107275309,0.9973332990266812,Grocery Stores,Consumer Defensive,ACI
2023Q1,2023,Q1,2022-07-27,2022-06-18,484200000.0,23310300000.0,760100000.0,0.84,6545000000.0,0.2807771672,28220000000.0,4070600000.0,8678200000.0,7912300000.0,24149400000.0,4573200000.0,2972100000.0,14049021000.0,24926721000.0,7.930255211377363,1.0967986552582687,0.49931963146704467,3.46160271213089,0.024131006747809627,7.930255211377363,0.11895052326438363,0.6026958469002973,7.253728314745973,3.4513391146268364,0.1771995043370508,3.665988804338319,0.006107187112895624,0.826020552799433,0.47753497718741705,0.017158043940467754,37.15689235651944,0.28077716717502565,0.06329113924050624,3.6149289799103723,0.397311513734658,2.7982839700331748,0.31312320686957046,0.06394199077125906,0.14421195243113052,9.934672407829291,0.37655138878142147,1.1925549844540213,Grocery Stores,Consumer Defensive,ACI
2022Q4,2022,Q4,2022-04-26,2022-02-26,455100000.0,17383500000.0,664300000.0,0.79,4984300000.0,0.2867259183,28123000000.0,3024600000.0,8366400000.0,8348500000.0,25098400000.0,4500800000.0,2564900000.0,14339900000.0,25463500000.0,6.26860103626943,1.0021440977421094,0.4987234647797177,4.6371751636580045,0.021665308587275,6.26860103626943,0.15046617734576473,0.8249144303506198,7.877334651724895,4.741089730873504,0.1854537464293562,2.754888019907572,0.005885675632326585,0.6181239554812786,0.41475714200155717,0.01618248408775735,42.11424375917768,0.2867259182558173,0.06756756756756763,14.483949803827608,0.4811091171474367,1.5966783755841867,0.0319248048694644,0.07208480565371024,0.04746136865342163,2.950919345224449,0.4599754739365661,1.454377465086535,Grocery Stores,Consumer Defensive,ACI
2022Q3,2022,Q3,2022-01-12,2021-12-04,424500000.0,16728400000.0,634200000.0,0.74,4830100000.0,0.2887365199,27936100000.0,3909800000.0,8379700000.0,7461200000.0,24026300000.0,4671000000.0,2187100000.0,16636200000.000002,28108900000.0,8.390128755364806,1.1231035222216266,0.5059296036311439,3.6149419407642336,0.021293054930281725,8.390128755364806,0.10857332855900557,0.9944884149111691,9.797526501766784,4.255000255767559,0.20141342756183744,2.5472703917790622,0.005139394813719478,0.5988094257967289,0.4380528601297378,0.015195392341808627,66.22691082802548,0.2887365199301786,0.423076923076923,15.293268204775568,0.4977435481555355,2.944700879933127,0.023977104091583632,0.4380081300813008,0.30520683268162174,10.346848881861305,0.47322195282505053,2.4282376325783828,Grocery Stores,Consumer Defensive,ACI
2022Q2,2022,Q2,2021-10-20,2021-08-31,295200000.0,16505700000.0,485900000.0,0.52,4717000000.0,0.2857800638567283,27344300000.0,3559000000.0,7988300000.0,7069700000.0,23785300000.0,4179100000.0,1846200000.0,14126508000.0,25703108000.0,7.6488287126585,1.1299347921411091,0.5275834451787027,4.053498173644282,0.015066730603970124,7.6488287126585,0.08294464737285755,0.8558563405369054,11.963506097560977,3.9692351784209046,0.25779132791327913,2.820870522361274,0.0053870354938389585,0.6036248870879855,0.48014767246134915,0.01079566856712368,18.35564968814969,0.2857800638567283,-0.3333333333333333,2.513464508272697,0.4541466980741364,2.5751602277732295,-0.2380875464383783,-0.3363309352517986,-0.2928249163149469,12.122095661102753,0.4367269245930249,2.188415315419072,Grocery Stores,Consumer Defensive,ACI
2022Q1,2022,Q1,2021-07-29,2021-05-31,444800000.0,21269400000.0,687100000.0,0.78,6191000000.0,0.2910754417143878,26781900000.0,3297500000.0,7377500000.0,6704200000.0,23484400000.0,4271900000.0,1624800000.0,9143866000.0,21405566000.0,7.0898731455600945,1.1004295814564005,0.539002087230555,4.377710386656558,0.022235810243910584,7.0898731455600945,0.13489006823351024,0.4299070965800634,5.1393131744604315,2.772969219105383,0.17086330935251798,3.5296706383576395,0.008311582868777822,0.7941706899062426,0.4165299364577429,0.016608231678857735,16.759285190615834,0.2910754417143878,3.108108108108108,5.065933924453823,0.412327322026474,1.7711587852175432,0.35782432284241694,4.084604715672677,4.9307780320366135,31.68976114728987,0.39251291499213553,1.8944497568303986,Grocery Stores,Consumer Defensive,ACI
2021Q4,2021,Q4,2021-02-28,2021-02-28,-144200000.0,15772300000.0,-174800000.0,-0.37,4559500000.0,0.28908275901422115,26598000000.0,2923400000.0,6988000000.0,6832200000.0,23674600000.0,4301300000.0,1263000000.0,7731906000.0,20481806000.0,6.299073475544064,1.0228037820906881,0.5439093164899617,4.94865567489909,-0.005009414911584497,6.299073475544064,-0.04932612711226654,0.4902205765804607,-13.404830097087379,2.644833413149073,-0.5270457697642164,2.6068397926208355,0.009829400409161726,0.5929881946010979,0.3319428588156084,-0.005421460260169938,21.5193598664069,0.28908275901422115,-2.85,-0.6602319341514737,0.39621066098355484,1.2178736264003398,0.011289535554274054,-2.165723524656427,-1.6762088974854932,-1.4545007844457936,0.3754968749102616,1.5589141282427605,Grocery Stores,Consumer Defensive,ACI
2021Q3,2021,Q3,2021-01-13,2020-11-30,123700000.0,15408900000.0,258500000.0,0.2,4508600000.0,0.29259713542173676,26319300000.0,2973800000.0,7444200000.0,6597300000.0,23345500000.0,4638000000.0,1481400000.0,7513261000.000001,20158961000.0,6.344783443567314,1.1283706971033605,0.55023499865118,4.869796220324164,0.008920954138080457,6.344783443567314,0.04159661039747125,0.4875923005535762,15.184440177849638,2.5264849687268813,0.0,2.3502156101768,0.0,0.5854600996227103,0.36160247373925697,0.004699973023598652,-71.62307912297427,0.29259713542173676,-0.5918367346938775,3.0563429829405857,0.3915071683773727,0.9401545065659405,-0.014492120046339811,-0.5652021089630932,-0.5400355871886121,-0.31266665081903405,0.3731300074090379,0.0,Grocery Stores,Consumer Defensive,ACI
2021Q2,2021,Q2,2020-10-21,2020-08-31,284500000.0,15757600000.0,562000000.0,0.49,4574900000.0,0.2903297456465452,26469600000.0,3100700000.0,7578600000.0,6727700000.0,23368900000.0,4267100000.0,1432200000.0,6581967000.0,18946767000.0,6.4963335428451705,1.1264771021299997,0.5574092543899417,4.758409391427742,0.01696481267351859,6.4963335428451705,0.09175347502176928,0.4177011093059857,5.783802284710017,2.122735833843971,0.0,2.620679149773851,0.0,0.5953093359929882,0.4365087622813146,0.010748179043128721,20.04863539445629,0.2903297456465452,-0.51,2.995066286360088,0.3954541395965745,0.924438016238686,-0.32438898323857346,-0.5146707608324804,-0.4216917061123688,1.9531608918786794,0.35572439992805,5.189059799288925,Grocery Stores,Consumer Defensive,ACI
2021Q1,2021,Q1,2020-05-31,2020-05-31,586200000.0,22751600000.0,971800000.0,1.0,6771500000.0,0.2976274196100494,25987800000.0,2794000000.0,7132800000.0,6750300000.0,23193800000.0,4271600000.0,1174600000.0,8775600000.0,21423000000.0,4.919014084507042,1.0566641482600774,0.5644802561201795,5.250393700787401,0.030851515830189736,4.919014084507042,0.2098067287043665,0.3857135322350956,3.742579324462641,3.140873299928418,0.0,3.7410103942316697,0.0,0.8754723370196784,0.3780868998414885,0.022556738161752823,5.193892045454546,0.2976274196100494,6.042253521126761,4.198718903399851,0.05434585529571529,0.13237201140442445,0.5327071072883658,7.646017699115045,1.9755052051439068,3.8609077598828696,0.23248104008667383,1.3560165275318323,Grocery Stores,Consumer Defensive,ACI
2020Q4,2020,Q4,2020-05-13,2020-02-29,67800000.0,15436800000.0,326600000.0,0.142,4418000000.0,0.2861992122719735,24735100000.0,2278100000.0,5731300000.0,5904300000.0,22457000000.0,4352500000.0,592300000.0,7400963333.849999,21610863333.85,4.755684282209599,0.9706993208339685,0.5935128622888123,6.444229840656687,0.010720605540977103,4.755684282209599,0.029761643474825513,0.4794363685381685,27.289687809181412,3.2487438364645977,0.0,2.531602527283171,0.0,0.6240848025680107,0.1686906153142625,0.0027410441033187656,58.971819393227086,0.2861992122719735,0.5125047931489923,1.0797175801867653,0.7404595048384629,0.04201589088089171,0.10585467197316713,0.23722627737226276,0.5808325266214908,1.3234972453416658,0.32478273514135214,0.9699742359211293,Grocery Stores,Consumer Defensive,ACI
2020Q3,2020,Q3,2020-01-08,2019-11-30,54800000.0,14103200000.0,206600000.0,0.093884,3995100000.0,0.283276135912417,24991600000.0,2410600000.0,5979600000.0,5972200000.0,22581000000.0,4624200000.0,524500000.0,8775600000.0,23098600000.0,4.244014084507042,1.0012390743779511,0.5893740296739705,6.110263005060981,0.007233202444147871,4.244014084507042,0.02273292956110512,0.6222417607351524,40.034671532846716,3.6404214718327386,0.0,2.185913239046754,0.0,0.564317610717201,0.1519707980308764,0.002192736759551209,-134.59509202453987,0.283276135912417,-0.8141109663521129,1.2352020685833833,1.1143993508921834,0.0,0.013598883673728275,-0.8141112618724559,-0.645260989010989,2.513812154696133,0.03594881664193677,0.9953646221339294,Grocery Stores,Consumer Defensive,ACI
2020Q2,2020,Q2,2019-10-16,2019-09-07,294800000.0,14176700000.0,582400000.0,0.505054,3941500000.0,0.2780266211459649,24698500000.0,2345500000.0,5630600000.0,5729700000.0,22353000000.0,4340300000.0,469700000.0,8775600000.0,23060400000.0,4.129401408450704,0.9827041555404297,0.595991659412515,6.275890002131741,0.019177323559057467,4.129401408450704,0.1256874866766148,0.6190157088744207,7.441994572591588,3.741462374760179,0.0,2.358178006128609,0.0,0.5739903232989858,0.16648341099883066,0.011935947527177764,-121.71428571428571,0.2780266211459649,5.01634364539531,4.533006807145163,1.1139389801118385,0.0,-0.24774791968852583,5.016326530612245,0.8115085536547434,2.238135237295254,0.023137823774366573,0.9301349572086898,Grocery Stores,Consumer Defensive,ACI
2020Q1,2020,Q1,2019-07-24,2019-06-15,49000000.0,18738400000.0,321500000.0,0.083947,5239600000.0,0.2796183238697007,24981200000.0,2054400000.0,5906800000.0,5714800000.0,22926800000.0,4385400000.0,174900000.0,8775600000.0,23368300000.0,3.6169014084507043,1.0335969762721355,0.6106512097097017,7.425428348909658,0.010711879986581236,3.6169014084507043,0.023851246105919002,0.4683217350467489,44.7734693877551,4.27161214953271,0.0,3.0781228622246544,0.0,0.750100075256593,0.20289423951844335,0.001961475029221975,19.91738538356786,0.2796183238697007,-0.6386438868585647,1.4191616766467068,1.598333264001553,0.0,0.2909552319708281,-0.6386430678466076,0.11477115117891817,1.3667664670658681,0.018850894697064448,0.41370767960363347,Grocery Stores,Consumer Defensive,ACI
2019Q4,2019,Q4,2019-02-28,2019-02-28,135600000.0,14016600000.0,288400000.0,0.232311,4058700000.0,0.2895638029193956,20776600000.0,1450700000.0,6250000000.0,5152700000.0,19325900000.0,4332800000.0,-431800000.0,8775600000.0,18435900000.0,2.554049295774648,1.212956314165389,0.5095347650722447,7.297442613910526,0.02371442014399884,2.554049295774648,0.09347211690907838,0.6260862120628398,16.17920353982301,6.049217619080443,0.0,2.298259785819793,0.0,0.6746339632086097,0.29349661342597083,0.006526573164040314,50.696707105719234,0.2895638029193956,1.9736949898876117,1.1344607520911385,0.33278703237716356,-0.44038338241961567,0.05355103312220953,1.9736842105263157,0.6536697247706422,2.275634995296331,0.013822284908321587,-0.10073146541036446,Grocery Stores,Consumer Defensive,ACI
2019Q3,2019,Q3,2018-11-30,2018-11-30,45600000.0,13840400000.0,174400000.0,0.078122,3852400000.0,0.27834455651570766,20981700000.0,1390100000.0,6112600000.0,5540700000.0,19591600000.0,4639500000.0,-567700000.0,8775600000.0,19290900000.0,2.4473591549295777,1.1032180049452236,0.5232130856889575,7.897201640169772,-0.03247481281116469,2.4473591549295777,0.03280339543917704,0.6340568191670761,48.11184210526315,6.31292712754478,0.0,2.152818191615476,0.0,0.6596414971141519,0.1858068475102424,0.0021733224667209996,-21.514096592302035,0.27834455651570766,2.3695522597384384,1.1957155899161,1.0749994877820763,0.0,0.01038606798153588,2.4074074074074074,0.3272450532724505,1.625514403292181,0.03135711943724114,-0.25162853297442794,Grocery Stores,Consumer Defensive,ACI
2019Q2,2019,Q2,2018-08-31,2018-08-31,-32400000.0,14024100000.0,131400000.0,-0.057042,3812800000.0,0.271874844018511,21816800000.0,1362600000.0,6845700000.0,5474000000.0,20454200000.0,4308100000.0,-613300000.0,8775600000.0,18879100000.0,2.398943661971831,1.2505845816587504,0.5392816545047853,8.634522236900043,0.007320455098815208,2.398943661971831,-0.023778071334214,0.6257513851156223,-67.71296296296296,6.4403346543372955,0.0,2.3702560293400805,0.0,0.6428119614242236,0.4000365363536719,-0.0014850940559568773,-4387.8,0.271874844018511,-0.8304986842949748,0.611704814954195,1.091184242523749,0.0,-0.2626143462200476,-0.8305084745762712,-0.31952356292076645,0.8090748379493223,0.04362288750474403,-0.2893501616772713,Grocery Stores,Consumer Defensive,ACI
2019Q1,2019,Q1,2018-05-31,2018-05-31,-17700000.0,18653400000.0,193100000.0,-0.031162,5170700000.0,0.27719879485777393,21820200000.0,1391300000.0,6488900000.0,5129500000.0,20428900000.0,4323200000.0,-580900000.0,8775600000.0,19380300000.0,2.4494718309859156,1.2650160834389317,0.5426943841028038,8.511248472651477,0.01247747999347262,2.4494718309859156,-0.012721914755983612,0.47045578822091416,-123.94915254237287,6.307482210881909,0.0,3.1186852331606216,0.0,0.854868424670718,0.3486304708061215,-0.0008111749663156159,15.612168653264543,0.27719879485777393,-1.046510447761194,0.8485885372112917,1.5865468613503058,0.0,0.3096016006889041,-1.0455833118722637,-0.1733732876712329,0.9034163688328603,-0.13557134543622887,-0.4361241304699442,Grocery Stores,Consumer Defensive,ACI
2018Q4,2018,Q4,2018-06-04,2018-02-28,388300000.0,14033700000.0,233600000.0,0.67,3948300000.0,0.2813441929070737,21812300000.0,1398200000.0,6148600000.0,5029600000.0,20414100000.0,4421100000.0,-569000000.0,326600000.0,11532100000.0,2.4616197183098594,1.2224829012247496,0.5444542757985174,8.493634673151194,0.44662906797996177,2.4616197183098594,0.2777142039765413,0.023272551073487392,0.21027556013391707,0.2335860391932484,0.0,2.281196987175137,0.0,0.643384695790907,0.2556068076984253,0.017801882424136842,-1.8546280522430438,0.2813441929070737,0.7931171066048265,1.3850376846385626,0.3344130085949088,-0.46063558647487873,0.08930640622413508,0.7803759743237048,3.310583580613254,1.3850376846385626,0.3344130085949088,-0.46063558647487873,Grocery Stores,Consumer Defensive,ACI
2018Q3,2018,Q3,2017-11-30,2017-11-30,218100000.0,13599200000.0,-101100000.0,0.373651,3624600000.0,0.26653038414024355,,,,,,,,326600000.0,,,0.0,0.0,0.0,0.0,,0.0,0.024016118595211484,0.37436955524988536,0.0,0.0,0.0,0.0,0.0,0.0,0.0,-0.6916560779330791,0.26653038414024355,1.5975050851360515,1.9360870649276622,1.0388379695851286,0.0,-0.02817921012413867,1.6140202702702702,0.5400363967242948,1.9360870649276622,1.0388379695851286,0.0,Grocery Stores,Consumer Defensive,ACI
2018Q2,2018,Q2,2017-08-31,2017-08-31,-355200000.0,13831700000.0,-219800000.0,-0.625352,3729700000.0,0.2696487055098072,22334500000.0,596200000.0,5923200000.0,5605800000.0,21738300000.0,4420600000.0,-1175400000.0,326600000.0,11680200000.0,1.0496478873239437,1.0566199293588783,0.5339631511786698,20.0030191211003,-0.014743115252648365,1.0496478873239437,-0.5957732304595773,0.023612426527469508,-0.22987049549549546,0.5478027507547802,0.0,2.285210152467991,0.0,0.6192974993843605,0.21067465838952512,-0.01590364682441962,-2.9265232974910393,0.2696487055098072,-0.7335303363373521,-3.25686573235401,1.062494783074546,0.0,-0.2626865671641791,-0.7335285505124451,-3.426048565121413,-3.25686573235401,1.062494783074546,0.0,Grocery Stores,Consumer Defensive,ACI
2018Q1,2018,Q1,2017-05-31,2017-05-31,-204900000.0,18460000000.0,90600000.0,-0.360739,5058500000.0,0.2740249187432286,23183200000.0,1185900000.0,6427600000.0,5723700000.0,21997300000.0,4436700000.0,-820200000.0,326600000.0,11321300000.0,2.0878521126760563,1.1229798906301867,0.5201223299630767,10.167889366725694,0.006854214188608912,2.0878521126760563,-0.17278016696180115,0.01769230769230769,-0.39848706686188384,0.27540264777805884,0.0,3.0206008970631326,0.0,0.7962662617757686,0.2904414976326502,-0.008838296697608614,1.4095813552006906,0.2740249187432286,-7.114220338983051,-0.7527801539777587,1.5597293287297034,0.0,0.2859067568254614,-6.921965317919075,-0.5129032258064516,-0.7527801539777587,1.5597293287297034,0.0,Grocery Stores,Consumer Defensive,ACI
2017Q4,2017,Q4,2017-02-28,2017-02-28,34600000.0,13816600000.0,186000000.0,0.059,3933800000.0,0.28471548716760997,23755000000.0,1371200000.0,6793200000.0,5740800000.0,22383800000.0,4464000000.0,-615300000.0,326600000.0,11445300000.0,2.4140845070422534,1.183319397993311,0.5193811829088613,8.997885064177362,-0.010362914061868605,2.4140845070422534,0.025233372228704785,0.023638232271325797,2.3598265895953756,0.2381855309218203,0.0,2.213888888888889,0.0,0.5816291307093243,0.3222895763656633,0.0014565354662176384,0.9560889929742389,0.28471548716760997,1.9513060303128023,1.0343093069495088,0.3137697666725395,-0.47105100570329983,0.029844494476150583,1.9558011049723756,0.20857699805068225,1.0343093069495088,0.3137697666725395,-0.47105100570329983,Grocery Stores,Consumer Defensive,ACI
2017Q3,2017,Q3,2016-11-30,2016-11-30,-36200000.0,13613800000.0,153900000.0,-0.06202,3819800000.0,0.2805829379012473,23451500000.0,1208100000.0,6478200000.0,5330900000.0,22243400000.0,4666400000.0,-649900000.0,326600000.0,11785200000.0,2.1269366197183097,1.2152169427301207,0.5229814724004861,10.152056948928069,0.012882029670580308,2.1269366197183097,-0.029964406919956957,0.023990362720180992,-2.255524861878453,0.2703418591176227,0.0,2.0988342190982343,0.0,0.5805087094642134,0.266465324804442,-0.0015436112828603715,-3.641025641025641,0.2805829379012473,0.8479603843890958,0.8446292904613417,1.0410268508690232,0.0,0.014312647707055419,0.8479630407391853,0.5207509881422925,0.8446292904613417,1.0410268508690232,0.0,Grocery Stores,Consumer Defensive,ACI
2017Q2,2017,Q2,2016-08-31,2016-08-31,-238100000.0,13856100000.0,101200000.0,-0.40792,3765900000.0,0.27178643341199904,23773900000.0,1215200000.0,6369400000.0,5367600000.0,22558700000.0,4434600000.0,-613700000.0,326600000.0,11905400000.0,2.13943661971831,1.1866383486101797,0.5261820736185481,10.294107965766951,0.006344991620253148,2.13943661971831,-0.19593482554312047,0.02357084605336278,-0.3429231415371692,0.26876234364713625,0.0,2.2753348667298066,0.0,0.5828282275941263,0.2941165511588047,-0.010015184719377132,-12.7578125,0.27178643341199904,-0.7342726318071859,-1.8534902333150047,1.0661331552708067,0.0,-0.26461628588166375,-0.782185628742515,-0.49247743229689067,-1.8534902333150047,1.0661331552708067,0.0,Grocery Stores,Consumer Defensive,ACI
2017Q1,2017,Q1,2016-05-31,2016-05-31,-133600000.0,18391700000.0,199400000.0,-0.235211,5121000000.0,0.27844081841265356,24426900000.0,1453200000.0,6867800000.0,5847900000.0,22973700000.0,4419300000.0,-375600000.0,326600000.0,11763300000.0,2.558450704225352,1.1744044870808323,0.5286344153371897,8.885838150289016,0.01693474290487064,2.558450704225352,-0.09193503991191852,0.017758010406868315,-0.6111526946107784,0.22474538948527387,0.0,3.0028963863055234,0.0,0.7529281243219565,0.35855606286017205,-0.0054693800686947585,1.8955310504933256,0.27844081841265356,-0.29158750205919504,-0.1428571428571428,1.5502586075405245,0.0,0.33151326053042124,-0.2568203198494826,0.5926517571884984,-0.1428571428571428,1.5502586075405245,0.0,Grocery Stores,Consumer Defensive,ACI
2016Q4,2016,Q4,2016-02-29,2016-02-29,-106300000.0,13825500000.0,125200000.0,-0.18211,3846000000.0,0.27818162091786913,23770000000.0,1613200000.0,6113300000.0,5182500000.0,22156800000.0,4421800000.0,-242000000.0,326600000.0,11973200000.0,2.8401408450704224,1.1796044380125421,0.5143584350021035,7.578911480287627,0.009863080498869364,2.8401408450704224,-0.06589387552690305,0.023623015442479477,-0.7681091251175917,0.20245474832630794,0.0,2.2568863358813154,0.0,0.5816365166175852,0.23685479980704294,-0.0044720235591081195,3.119388729703916,0.27818162091786913,-0.4581631836015693,0.8945930829846016,0.3146160349963953,-0.37769798891522993,0.03350979496412544,-0.45816186556927296,-0.3358090185676393,0.8945930829846016,0.3146160349963953,-0.37769798891522993,Grocery Stores,Consumer Defensive,ACI
2016Q3,2016,Q3,2015-11-30,2015-11-30,-72900000.0,13419600000.0,188500000.0,-0.12489,3721300000.0,0.2773033473426928,24354800000.0,1857500000.0,6466500000.0,5246900000.0,22497300000.0,4682700000.0,-135700000.0,704320000.0,12355120000.0,3.2702464788732395,1.2324420133793288,0.5082612051833725,6.6641184387617765,0.02847397862333406,3.2702464788732395,-0.039246298788694484,0.05248442576529852,-2.415363511659808,0.3791763122476447,0.0,2.0710914643261367,0.0,0.5510043194770641,0.2657950408812823,-0.002993249790595694,-5.464080682699767,0.2773033473426928,0.5704261686100506,0.6871125766472876,1.0119117313257096,0.0,0.04057379341200157,0.5704183853859752,22.179775280898877,0.6871125766472876,1.0119117313257096,0.0,Grocery Stores,Consumer Defensive,ACI
2016Q2,2016,Q2,2015-08-31,2015-08-31,-169700000.0,13437900000.0,-8900000.0,-0.29073,3576200000.0,0.2661278920069356,24007500000.0,1917400000.0,6124300000.0,5111500000.0,22090100000.0,4252100000.0,-62800000.0,5288080000.0,16487280000.0,3.375704225352113,1.1981414457595618,0.4988815995001562,6.246427453843746,-0.0004765515560310872,3.375704225352113,-0.08850526754980703,0.39351982080533415,-7.790335886859163,2.757943047877334,0.0,2.319254015662849,0.0,0.5597375820056233,0.2783331703022596,-0.007068624388212017,-338.9794871794872,0.2661278920069356,-0.26404347826086944,-1.033755953773861,1.0037738416447322,0.0,-0.27286405595543084,-0.10697977821265492,-1.0918472652218782,-1.033755953773861,1.0037738416447322,0.0,Grocery Stores,Consumer Defensive,ACI
2016Q1,2016,Q1,2015-05-31,2015-05-31,-153300000.0,18051000000.0,96900000.0,-0.23,4918200000.0,0.27246135948146916,24469400000.0,2064000000.0,6368500000.0,5154800000.0,22405400000.0,4185100000.0,106900000.0,245694418.7851,11401694418.785099,4.3439912281179,1.2354504539458369,0.49634645720777787,5.8843507751937985,0.005734645546069259,4.3439912281179,-0.07427325581395348,0.013611125078117556,-0.4006758297212981,0.11903799359743215,0.0,3.1379895343002557,0.0,0.7376968785503527,0.31690851245441143,-0.006264967673911089,-13.209377354037635,0.27246135948146916,0.8704575664045779,-0.5676720885207542,1.9922039808543732,0.0,0.9960227272727272,0.8182788051209103,1.1416459581932465,-0.5676720885207542,1.9922039808543732,0.0,Grocery Stores,Consumer Defensive,ACI
2015Q4,2015,Q4,2015-02-28,2015-02-28,-843600000.0,8797400000.0,-684100000.0,-1.77548,2464000000.0,0.28008275172209973,25761800000.0,2168500000.0,7104700000.0,6201400000.0,23593300000.0,4156600000.0,260200000.0,622432196.11,12065632196.11,4.563926830510496,1.145660657270939,0.4878929267364858,5.796172469448928,-0.041504046300454026,4.563926830510496,-0.38902467143186537,0.07075183532748312,-0.18445714678461356,0.28703352368457463,0.0,1.5236972525621904,0.0,0.3414901132684828,0.28343599832295935,-0.03274615904168187,-1.1997536547995373,0.28008275172209973,-3.328327645051194,0.0,0.0,0.0,0.6212659560468483,-3.3283735248845563,-18.828985507246376,0.0,0.0,0.0,Grocery Stores,Consumer Defensive,ACI
2015Q3,2015,Q3,2014-11-30,2014-11-30,-194900000.0,5579600000.0,-34500000.0,-0.4102,1519800000.0,0.2723851172127034,,,,,,,,969283725.24,,,0.0,0.0,0.0,0.0,,0.0,0.17371921378593447,-1.24330903699333,0.0,0.0,0.0,0.0,0.0,0.0,0.0,-29.551333086585366,0.2723851172127034,-1.7923757658270931,0.0,0.0,0.0,-0.005496662740478995,-1.7922636103151863,-1.9249329758713136,0.0,0.0,0.0,Grocery Stores,Consumer Defensive,ACI
2015Q2,2015,Q2,2014-08-31,2014-08-31,-69800000.0,5609900000.0,37300000.0,-0.1469,1528200000.0,0.2724112729282162,,,,,,,,1449174197.05,,,0.0,0.0,0.0,0.0,,0.0,0.2583244259345086,-5.190451995164755,0.0,0.0,0.0,0.0,0.0,0.0,0.0,161.01935522777777,0.2724112729282162,0.2862348768281424,0.0,0.0,0.0,-0.23236889692585896,0.40290846877673225,0.16927899686520376,0.0,0.0,0.0,Grocery Stores,Consumer Defensive,ACI
2015Q1,2015,Q1,2014-05-31,2014-05-31,-116900000.0,7211700000.0,31900000.0,-0.20581,1990800000.0,0.2760514164482716,,,,,,,,2022080000.0,,,0.0,0.0,0.0,0.0,,0.0,0.28038881262393056,-4.3243798118049614,0.0,0.0,0.0,0.0,0.0,0.0,0.0,41.0158215010142,0.2760514164482716,0.0,0.0,0.0,0.0,0.0,0.0,0.0,0.0,0.0,0.0,Grocery Stores,Consumer Defensive,ACI
