Quarters,Year,Quarter,FillingDate,Date,NetIncome,Revenue,OperatingIncome,EPSDiluted,GrossProfit,GrossProfitRatio,TotalAssets,CommonStockEquity,CurrentAssets,CurrentLiability,TotalLiability,Inventory,RetainedEarnings,MarketCap,EnterpriseValue,bookValuePerShare,currentRatio,debtToAssets,debtToEquity,roic,shareholdersEquityPerShare,roe,priceToSalesRatio,peRatio,pbRatio,payoutRatio,inventoryTurnover,dividendYield,assetTurnover,quickRatio,returnOnAssets,priceToFreeCashFlowsRatio,grossProfitMargin,epsdilutedGrowth,fiveYNetIncomeGrowthPerShare,fiveYRevenueGrowthPerShare,fiveYShareholdersEquityGrowthPerShare,grossProfitGrowth,netIncomeGrowth,operatingIncomeGrowth,threeYNetIncomeGrowthPerShare,threeYRevenueGrowthPerShare,threeYShareholdersEquityGrowthPerShare,Industry,Sector,Symbol
2023Q1,2023,Q1,2023-04-13,2023-02-28,342210.0,7894785.0,548587.0,0.07,2349122.0,0.2975536383,25604508.0,11541401.0,15809324.0,10609166.0,14063107.0,11604761.0,7096494.0,10600914.15,17379161.15,2.318968325009971,1.4901570962316926,0.2648853475333328,0.5876460752035216,0.02270754275181697,2.318968325009971,0.029650646398994368,1.3427742680769648,7.744450885421232,0.9185118990320152,0.0,0.4778782604829173,0.0,0.3083357430652446,0.3551818305039246,0.013365224592481918,11.101131118185435,0.29755363825613995,2.68421052631579,1.506275728072621,0.23306144713902047,-0.3738241501897409,0.24874520648144308,2.744337702693831,1.1439396900085197,1.6787127140679805,0.3620400723115991,-0.12021569706313583,Farm & Heavy Construction Machinery,Industrials,ARTW
2022Q4,2022,Q4,2023-02-16,2022-11-30,91394.0,7370964.0,255878.0,0.019,1881186.0,0.2552157357,23948314.0,11150637.0,14133429.0,9267289.0,12797677.0,10611552.0,6754284.0,9132324.959999999,16850670.96,2.3687544929413025,1.5250877575955601,0.3225029118960107,0.6926421333597355,0.01092453747132957,2.3687544929413025,0.008196303045287906,1.23895937627697,24.980646869597567,0.8189958080421773,0.0,0.5173397821543917,0.0,0.30778634353967466,0.3429545576921147,0.003816302057840063,46.952827557840614,0.2552157356893888,-0.62,1.1248753663582245,0.2920018288308842,-0.38217604460471677,-0.07806737725075608,-0.6156282199558406,-0.40604957672461217,1.4975485856527233,-0.10071221735608638,-0.13323068360801452,Farm & Heavy Construction Machinery,Industrials,ARTW
2022Q3,2022,Q3,2022-10-14,2022-08-31,237775.0,8140253.0,430807.0,0.05,2040481.0,0.2506655506,24721073.0,10881692.0,14948616.0,10258106.0,13839381.0,10499593.0,6662890.0,11657046.56,20076607.560000002,2.3150457554662114,1.4572491257157998,0.3407499747280387,0.7741172053022637,0.016875307993397873,2.3150457554662114,0.02185092171327768,1.432025093077574,12.256383724108927,1.0712531249735795,0.0,0.5809531855187149,0.0,0.32928396756888345,0.3917593559668812,0.009618312279568124,-58.33306591404952,0.2506655505670401,0.25000000000000006,4.05448420506132,0.10031371136671406,-0.4288701481661158,-0.06961513944731752,0.35597908219420255,0.34168916793576937,1.7537766451259171,0.35608873152390624,-0.16361115582685584,Farm & Heavy Construction Machinery,Industrials,ARTW
2022Q2,2022,Q2,2022-07-15,2022-05-31,175353.0,7275353.0,321093.0,0.04,2193158.0,0.3014503901,24041744.0,10305544.0,14769857.0,10351425.0,13736200.0,10887195.0,6425351.0,11989967.29,20305449.29,2.22614109900545,1.4268428742902548,0.34608375332505,0.8073767867082029,0.01319693611815806,2.22614109900545,0.01701540452401154,1.648025503367328,17.09404357210883,1.1634482653220442,0.0,0.46680481060548656,0.0,0.302613362824261,0.29056955926357964,0.007293688843870894,-6.717155061381743,0.30145039010478253,1.4494382022471912,1.3095581373217504,0.3938258035138817,-0.44759059281653424,0.839675408339932,1.431384367104645,1.7349751416878016,1.4573939056544438,0.1756334464300476,-0.21445830898169133,Farm & Heavy Construction Machinery,Industrials,ARTW
2022Q1,2022,Q1,2022-04-14,2022-02-28,-406489.0,5613066.0,-436876.0,-0.089,1192144.0,0.212387312,20851723.0,9983017.0,12059444.0,8093855.0,10868706.0,9700315.0,6249998.0,18553063.2,24577722.2,2.1846014635470006,1.4899505859692321,0.2890945750622143,0.6038374972215313,-0.021316125153078368,2.1846014635470006,-0.04071805146680608,3.3053349452865866,-11.410556743232902,1.8584625469434741,0.0,0.4557503544987972,0.0,0.26918955330453986,0.2139481124878071,-0.019494264334894533,18.65223714489943,0.2123873120323189,-1.9899888765294773,-0.44699997953598997,0.14631513669772478,-0.4777045184210488,-0.43050436791470825,-1.9979524848830044,-1.7494291914331541,0.3770105249746656,0.2639022695418183,-0.2574959321562119,Farm & Heavy Construction Machinery,Industrials,ARTW
2021Q4,2021,Q4,2022-02-17,2021-11-30,407323.0,7262458.0,582945.0,0.0899,2093333.0,0.28824029,20854048.0,10354447.0,12174245.0,7686817.0,10499601.0,9210103.0,6656487.0,16032752.040000001,23016870.04,2.2862414567723834,1.5837823379950375,0.3350321242187608,0.6747609022480873,0.02638737814791685,2.2862414567723834,0.03933797719955494,2.207620621007378,9.840318395965856,1.5483928827874631,0.0,0.5612450805381872,0.0,0.3482517159258481,0.3698503554852418,0.01953208317157417,124.16458501452082,0.28824028999548085,7.989999999999999,1.8690563148742156,0.607522847557766,-0.4602363760878197,0.2041576810220309,6.214875301119456,2.6387668223015655,1.27498171253575,0.7971460906460996,-0.2558040147966349,Farm & Heavy Construction Machinery,Industrials,ARTW
2021Q3,2021,Q3,2021-10-14,2021-08-31,56456.0,6591829.0,160204.0,0.01,1738421.0,0.263723619,21255189.0,9884827.0,12630803.0,8669193.0,11370362.0,9288863.0,6249164.0,15262817.620000001,22242232.62,2.1825502878543865,1.4569756377554404,0.333444270949555,0.7170000041477711,0.007402276853057531,2.1825502878543865,0.0057113796731091,2.315414677777594,67.58722553847244,1.5440652244090867,0.0,0.5224975327981476,0.0,0.31012798804094377,0.35374699813465915,0.0026561043517420615,-200.1261062596701,0.26372361904412267,0.0,1.341932796326097,-0.07082911931055152,-0.5110500020328166,0.009502002836141407,-0.11911374629427368,0.07677727666839179,1.0684377312062938,0.16029897970397275,-0.3613649861025369,Farm & Heavy Construction Machinery,Industrials,ARTW
2021Q2,2021,Q2,2021-07-12,2021-05-31,64090.0,5710228.0,148781.0,0.01,1722058.0,0.3015742979,20670260.0,9766925.0,12050207.0,8176704.0,10903335.0,8996261.0,6192708.0,14788620.78,21691033.78,2.159622944229692,1.4737242536846142,0.3341821051114016,0.7072472656439974,0.007041733693121236,2.159622944229692,0.006561942474217832,2.589847687342782,57.686927679825246,1.5141532037975103,0.0,0.44331417241007126,0.0,0.276253322406201,0.33119273976409075,0.003100589929686419,-6.795079508466383,0.30157429790894513,1.1420454545454544,2.0275241439732454,-0.09789962154836998,-0.5233260924591754,0.6515722015809291,1.2033067079476458,1.4037224270941027,1.0913124619893195,0.004928199880660856,-0.39756016458897037,Farm & Heavy Construction Machinery,Industrials,ARTW
2021Q1,2021,Q1,2021-04-09,2021-02-28,-315238.0,5400572.0,-368523.0,-0.0704,1042678.0,0.1930680676,18781770.0,9635265.0,10190665.0,6431550.0,9146505.0,7902244.0,6128618.0,13962870.48,18640801.48,2.152997611992459,1.5844804129642154,0.24927474886552226,0.48590474678174395,-0.020285986753698394,2.152997611992459,-0.032717107417388105,2.5854428901234905,-11.073276762319264,1.4491423411810678,0.0,0.551475504932523,0.0,0.2875432933104814,0.30983231102922315,-0.01678425409319782,26.987911050978497,0.19306806760469075,0.28527918781725886,-4.544820711455725,-0.23079847438054685,-0.5286911204699586,3.097276922024789,0.2851146241294621,0.8159250599517389,0.48134738412363964,-0.06194614838321195,-0.4186401363101673,Farm & Heavy Construction Machinery,Industrials,ARTW
2020Q4,2020,Q4,2021-02-09,2020-11-30,-440963.0,5472613.0,-2002027.0,-0.0985,-497158.0,-0.0908447208,18803013.0,9906745.0,10301350.0,6164776.0,8896268.0,7762400.0,6443856.0,11143444.71,16326761.71,2.213659751716038,1.6710015092194752,0.27580691456204387,0.5234818298038356,-0.065557902082143,2.213659751716038,-0.04451139097655184,2.0362201219052034,-6.317675581624763,1.1248341115068574,0.0,0.7690625322065341,0.0,0.291049790796826,0.40190689815818126,-0.023451720211010864,-19.334643963868928,-0.09084472079425313,-0.02925809822361558,-1.4770290395480636,-0.1635452989770221,-0.5129987417032489,-1.537537842747167,-0.0409621091048155,-2.9003514555011356,0.3662459437767587,0.00900446358887879,-0.42262820913689614,Farm & Heavy Construction Machinery,Industrials,ARTW
2020Q3,2020,Q3,2020-10-09,2020-08-31,-423611.0,6464854.0,-513294.0,-0.0957,924880.0,0.1430627822,19319678.0,10300185.0,11088232.0,5021936.0,9019493.0,9022598.0,6884819.0,10425231.75,16277750.75,2.3267526570812205,2.2079596394697183,0.30314785784732023,0.5686032823682293,-0.025461912302855775,2.3267526570812205,-0.04112654287277365,1.6126012667880822,-6.152597400681286,1.0121402431121382,0.0,0.6140109533861533,0.0,0.33462534934588456,0.37790903747080806,-0.02192640063669798,13.759249177432958,0.14306278223761898,0.4683333333333333,0.5115501060999185,-0.13874731144414978,-0.4942139551290126,-0.07020697364876005,0.47162226213640673,0.44485710824818087,-10.561365631370267,-0.07214654984030229,-0.42598201475923736,Farm & Heavy Construction Machinery,Industrials,ARTW
2020Q2,2020,Q2,2020-07-10,2020-05-31,-801720.0,5445732.0,-924616.0,-0.18,994716.0,0.1826597416,20379611.0,10680885.0,12141644.0,6127457.0,9698726.0,9532711.0,7308429.0,8825516.77,15612276.77,2.4265065698810067,1.9815143541602984,0.3331618056890291,0.6356877730637489,-0.04249561305309397,2.4265065698810067,-0.07506119577169869,1.6206300218225942,-2.752057067928953,0.8262907774028088,0.0,0.4669202706344502,0.0,0.2672147176901463,0.4036369410670691,-0.03933931810572832,-17.517827976069963,0.18265974161049423,-0.7999999999999998,-4.193213411518056,-0.35625186190032077,-0.4941094310222984,0.017964267951475803,-0.8337938480118575,-0.9685413544079575,-0.48848413082587017,0.09724386539156522,-0.39787057684995825,Farm & Heavy Construction Machinery,Industrials,ARTW
2020Q1,2020,Q1,2020-04-14,2020-02-29,-437192.0,5025924.0,-469696.0,-0.1,977162.0,0.1944243486,20999766.0,11374906.0,12866585.0,7270993.0,9624860.0,9314429.0,8110150.0,8933045.67,15214652.67,2.6358373493012714,1.769577415354409,0.299284001545541,0.5525227197481896,-0.021353509524113565,2.6358373493012714,-0.038434779153339815,1.7773937031280218,-5.108193694074914,0.7853291860170096,0.0,0.4346763499941864,0.0,0.2393323811322469,0.46847768936099926,-0.02081889864868018,-7.278800059318699,0.1944243486371859,-1.5641025641025643,-3.439716162824632,-0.35282689754764945,-0.4448173824598614,-0.2811036650277763,-1.5962136867859094,-5.207736938794391,-0.6479814361933837,0.08687644558210925,-0.3698228438051785,Farm & Heavy Construction Machinery,Industrials,ARTW
2019Q4,2019,Q4,2020-02-06,2019-11-30,-168396.0,7514069.0,-75663.0,-0.039,1359253.0,0.1808943996,19346938.0,11793582.0,11407230.0,5202764.0,7553356.0,8778507.0,8547342.0,7940916.5881,12952294.588100001,2.7328545763496583,2.192532661485318,0.2591894903472581,0.4251908368466849,-0.004761965550618555,2.7328545763496583,-0.014278613571347534,1.0568064504198724,-11.78905168189862,0.6733252533539005,0.0,0.7011233231345604,0.0,0.3883854385639733,0.520069140172416,-0.008704013007122884,22.589198796424835,0.1808943995590139,0.41877794336810736,-1.4135478925171991,-0.20566745730959624,-0.4250132772221607,0.35273013528764297,0.4177500553219739,0.7517976407605201,0.6229348784025451,0.7455178895650456,-0.3547945317035963,Farm & Heavy Construction Machinery,Industrials,ARTW
2019Q3,2019,Q3,2019-10-10,2019-08-31,-289216.0,5503622.0,-304844.0,-0.0671,1004822.0,0.1825746754,20867996.0,11928532.0,12738110.0,6567280.0,8939464.0,9762914.0,8715738.0,8726913.674999999,14087901.674999999,2.7679060661729302,1.9396325419351694,0.2571417495000478,0.4498485647689087,-0.013779193989866751,2.7679060661729302,-0.024245732836194765,1.5856673432514077,-7.543595163303552,0.7315999718154756,0.0,0.46080504242893056,0.0,0.2637350515114149,0.4405492075867026,-0.01385930877119202,12.266014602141196,0.18257467536833016,0.1896135265700482,-1.48673248033552,-0.5536992535532851,-0.40612971224314054,0.047786484809618404,0.1876913397857556,0.17501143396849367,-0.8408658035782605,-0.18471881904007337,-0.37991455548129777,Farm & Heavy Construction Machinery,Industrials,ARTW
2019Q2,2019,Q2,2019-07-11,2019-05-31,-356042.0,5747256.0,-369513.0,-0.0828,958995.0,0.1668613683,21359005.0,12183725.0,13221861.0,6781778.0,9175280.0,10105263.0,9004954.0,8613625.5115,14685506.5115,2.833892999516897,1.9496157202432753,0.28448338300403037,0.4987212039011058,-0.01570307967210768,2.833892999516897,-0.029222754124867394,1.4987370514729115,-6.048180770456856,0.706977998231247,0.0,0.473838335528724,0.0,0.26907882647155146,0.4418148161145941,-0.016669409459850775,134.2020676726287,0.16686136827731354,0.40857142857142864,-2.3240474385313465,-0.4285931633618516,-0.3736011973548695,0.5855245319454272,0.41240601255586434,0.4886517903476907,-5.004630337539813,-0.04490793153310717,-0.3745006028753159,Farm & Heavy Construction Machinery,Industrials,ARTW
2019Q1,2019,Q1,2019-04-09,2019-02-28,-605932.0,4124226.0,-722625.0,-0.14,604844.0,0.1466563666,20902608.0,12485869.0,12703369.0,6001522.0,8416739.0,10208685.0,9360996.0,9123970.049999999,15260035.049999999,2.9422080742143604,2.116691232657316,0.29371023941127344,0.49170065775958405,-0.03010747698431826,2.9422080742143604,-0.04852942154046306,2.2122866326918067,-3.7644364590416086,0.7307436951324733,0.0,0.3447439116791242,0.0,0.19730676669628977,0.38989626298129043,-0.028988344420944983,-11.903992821571293,0.14665636655217246,0.5757575757575757,-1.2367582161198702,-0.36950296207922,-0.33988082017799626,6.968014332951297,0.5634357285101257,0.475307028435255,-8.18545583094547,-0.3805338830067355,-0.3559264612844039,Farm & Heavy Construction Machinery,Industrials,ARTW
2018Q4,2018,Q4,2019-02-05,2018-11-30,-1387956.0,3786525.0,-1377234.0,-0.33,75909.0,0.0200471408,21325474.0,13037075.0,12145158.0,5765381.0,8288399.0,10257102.0,9966928.0,10142459.73,16394954.73,3.0720959293372516,2.106566417726773,0.2933584031942268,0.47986277596776883,-0.05467253705019547,3.0720959293372516,-0.10646222408017136,2.678566688454454,-1.8268698233229297,0.7779704979836352,0.0,0.3617606610522153,0.0,0.1775587731367659,0.32712877084792835,-0.06508441500526553,-23.683723210491166,0.020047140848139126,-0.8333333333333335,-7.911741358535465,-0.49927395142637626,-0.3204713351156059,-0.9354107229312397,-0.8102609049504641,-2.826372759298979,-7.222035935497966,-0.3896720745360065,-0.32414428999950223,Farm & Heavy Construction Machinery,Industrials,ARTW
2018Q3,2018,Q3,2018-10-09,2018-08-31,-766716.0,5280269.0,-359932.0,-0.18,1175257.0,0.2225752135,22175249.0,14385878.0,13212401.0,5208984.0,7789371.0,10668767.0,11354884.0,11575973.75,17070407.75,3.4175236878020736,2.53646411661084,0.24799369783852257,0.3822722533862723,-0.014625293017519678,3.4175236878020736,-0.053296434183579204,2.192307579405519,-3.7745311660380114,0.8046762074584534,0.0,0.38476911155712745,0.0,0.2381154322100284,0.48188687083700005,-0.03457530510705877,-21.58870907581988,0.22257521349764567,-0.12499999999999993,-28.89116241550382,-0.4577949268077727,-0.2530447570607387,0.061646013510217576,-0.1723862692838761,0.21431783355234724,0.070269059719988,-0.2602280087889527,-0.2571037647488185,Farm & Heavy Construction Machinery,Industrials,ARTW
2018Q2,2018,Q2,2018-07-12,2018-05-31,-653979.0,5294464.0,-458114.0,-0.16,1107014.0,0.2090889654,22593658.0,15105940.0,13385755.0,4850843.0,7487718.0,10729072.0,12121600.0,11588627.139300002,16570147.139300002,3.5847943932131168,2.7594698488489526,0.2206434212644982,0.330012035000801,-0.019129835500999014,3.5847943932131168,-0.04329283712235055,2.188819706640748,-4.430045589881327,0.7671569686692785,0.0,0.39029004558828573,0.0,0.2343340772884143,0.5337214583114729,-0.02894524649350716,-11.370729843312603,0.20908896537968716,-0.23076923076923075,-2.2185197501354152,-0.45159623050581005,-0.21485454249483193,-0.011424290078558181,-0.15451794679866962,-0.4839094198321462,-3.7208919362007093,-0.3462315101107544,-0.25262362865162524,Farm & Heavy Construction Machinery,Industrials,ARTW
2018Q1,2018,Q1,2018-04-02,2018-02-28,-566452.0,5365536.0,-308721.0,-0.13,1119807.0,0.2087036598,23391311.0,15446132.0,13540829.0,4663584.0,7945179.0,11068505.0,12787378.0,10844126.8,15627923.8,3.7033819265189707,2.903524199414013,0.20847959312755066,0.31571729414198973,-0.02619686616103651,3.7033819265189707,-0.036672741110848985,2.0210705510129836,-4.7859866325831675,0.7020609949468255,0.0,0.38358649158129304,0.0,0.22938158532456773,0.46353148136712025,-0.024216342555575445,25.18978483009173,0.20870365980211483,0.1875,-1.6689173194392433,-0.38314722593064754,-0.1647321932985894,0.5730984704599859,0.1264644333720405,0.5509290641282624,-4.2706809483639825,-0.28513238224458065,-0.2199620085584271,Farm & Heavy Construction Machinery,Industrials,ARTW
2017Q4,2017,Q4,2018-02-07,2017-11-30,-648459.0,5054786.0,-687466.0,-0.16,711848.0,0.1408265355,24379833.0,15991034.0,14432771.0,5049756.0,8388799.0,11966722.0,13353830.0,11262876.9272,16482913.9272,3.834028240982944,2.858112550388573,0.2228250291952369,0.3397176817959364,-0.02656407609058839,3.834028240982944,-0.040551411497217756,2.2281609799504865,-4.342170024319194,0.7043244937882066,0.0,0.3629179319115126,0.0,0.2073347262058768,0.4332565771494702,-0.026598172350073113,13.789229184561968,0.1408265354853796,-17.0,-2.1280081312734755,-0.29388465562268606,-0.0937670822958831,-0.5073532159679324,-16.569991356127545,-4.726587740410677,-2.6477242471613,-0.4471110372619625,-0.19332870749928724,Farm & Heavy Construction Machinery,Industrials,ARTW
2017Q3,2017,Q3,2017-10-06,2017-08-31,41648.0,6549772.0,184476.0,0.01,1444946.0,0.220610122,26491778.0,16868108.0,16336824.0,9354865.0,9623670.0,13180464.0,14236529.0,8738984.1,14723292.1,4.05344905021626,1.7463452438918146,0.24073823961532517,0.37808531934939,0.003587682844585333,4.05344905021626,0.0024690380213358842,1.3342424896622356,52.457405517671916,0.5180773148950671,0.0,0.3873024500503169,0.0,0.24723791660944766,0.30136853925738105,0.0015721104110112956,26.62627807281336,0.22061012200119332,1.0833333333333335,-0.9587612954583695,-0.44926299863333835,-0.03307164637426144,0.7806216758432699,1.0818381354550046,1.255725106184778,-0.9274134488868833,-0.449953766026107,-0.13030901471737183,Farm & Heavy Construction Machinery,Industrials,ARTW
2017Q2,2017,Q2,2017-07-14,2017-05-31,-508907.0,4689354.0,-721384.0,-0.12,811484.0,0.1730481427,27268754.0,16760127.0,17061069.0,10204234.0,10508627.0,13955283.0,14213323.0,12636611.4096,18988908.4096,4.029875433070071,1.6719597962963217,0.24075500479413178,0.3917087859775764,-0.021344246825560853,4.029875433070071,-0.030364149388605467,2.694744608660383,-6.207721356554342,0.7539687145330104,0.0,0.277878277352025,0.0,0.1719680334495665,0.26121549153028045,-0.018662642231471228,-12.552310095001967,0.1730481426652797,-0.9512195121951219,-1.5270426988157244,-0.6109974657518388,0.019260565478891035,-0.27144259007041516,-1.0063987825360152,-1.0468684828038237,-2.9563731531054884,-0.518042364420966,-0.10924331069858792,Farm & Heavy Construction Machinery,Industrials,ARTW
2017Q1,2017,Q1,2017-04-04,2017-02-28,-253642.0,4421168.0,-352433.0,-0.0615,1113823.0,0.2519295806,26292576.0,17257840.0,16255388.0,8694928.0,9034736.0,13233377.0,14740882.0,16504048.0,21800319.0,4.182692633952591,1.8695253140681556,0.2299907776248322,0.3503943714856552,-0.010521799017088738,4.182692633952591,-0.014697204285124905,3.732961063682719,-16.267069333943116,0.9563217644850109,0.0,0.24992449017359666,0.0,0.16815271352643424,0.29907562201780163,-0.009646905651237825,172.8100184285475,0.25192958059951576,0.38500000000000006,-2.2797480373938956,-0.31619078358806035,0.12815511636864368,0.1526034972691167,0.40597532957523497,0.2236491681003434,0.03698904870339512,-0.30482760660116703,-0.06156343762002831,Farm & Heavy Construction Machinery,Industrials,ARTW
2016Q4,2016,Q4,2017-02-02,2016-11-30,-426989.0,4115780.0,-453961.0,-0.1,966354.0,0.234792433,27242590.0,17476279.0,17621919.0,7056506.0,9766311.0,13529352.0,14990911.0,13409539.0,18824992.0,4.235634554625629,2.49725841655913,0.2378323426663911,0.3707407623785361,-0.01544699062842922,4.235634554625629,-0.02443248931880751,3.258079634965912,-7.851220406146294,0.7672994348510915,0.0,0.23278468917062695,0.0,0.1510788805322842,0.40502197546491137,-0.015673583165183632,15.643711268525777,0.23479243302606068,-1.7397260273972603,-1.9857481579382512,-0.31409009493606815,0.1582706611726668,-0.2217398132376569,-1.85275528474839,-1.0903967029677895,-3.1869727460059263,-0.4402083540859783,-0.06310377017950562,Farm & Heavy Construction Machinery,Industrials,ARTW
2016Q3,2016,Q3,2016-10-06,2016-08-31,-149676.0,6431217.0,-217165.0,-0.0365,1241685.0,0.1930715446,28983435.0,18326834.0,19215477.0,7714482.0,10656601.0,13666869.0,15548367.0,12645568.32,18954416.32,4.463749456853197,2.490831788835595,0.23495838226214388,0.3715808742524759,-0.005777475644551258,4.463749456853197,-0.008167040744735288,1.9662792158933526,-21.121569790748016,0.6900028842952363,0.0,0.3797162320060286,0.0,0.2218928501745911,0.4779591163735945,-0.005164191200939433,-14.513998946362022,0.1930715446236692,-1.644927536231884,-1.143696647126424,-0.3194196791927255,0.23396396099460365,-0.17217412754552697,-1.645807922787294,-13.188226839148047,-6.582406534069131,-0.3229232574007811,-0.024375142778270784,Farm & Heavy Construction Machinery,Industrials,ARTW
2016Q2,2016,Q2,2016-07-15,2016-05-31,-56571.0,5741088.0,-15306.0,-0.0138,1499935.0,0.2612631961,27995262.0,18583696.0,18098973.0,6252746.0,9411566.0,14492969.0,15836646.0,12517903.758,18686942.758,4.530608682508453,2.8945639243941783,0.2299155121320172,0.34635440657229866,-0.00045862004294476306,4.530608682508453,-0.003044119964080342,2.1804061805009782,-55.319438219228935,0.6735960251394556,0.0,0.29263520814817173,0.0,0.20507355851858075,0.35124599655895183,-0.002020734794337699,8.144787931983535,0.26126319610498916,-1.6899999999999997,-1.1905873281749484,-0.28317796377545834,0.3495881507747712,-0.11887584833903837,-1.6987352091104468,-1.102569257368019,-1.1082855707285184,-0.3890852658420483,-0.007701297028470655,Farm & Heavy Construction Machinery,Industrials,ARTW
2016Q1,2016,Q1,2016-04-14,2016-02-29,80962.0,6391997.0,149226.0,0.02,1702297.0,0.2663169272,29998243.0,18612083.0,19931797.0,6842606.0,11386160.0,14684205.0,15893210.0,12630447.8,20336608.8,4.5681244413202835,2.9128956131625876,0.2778637402197189,0.4478501412227745,0.0037301952999833246,4.5681244413202835,0.004349969855604018,1.9759783679497973,39.00116042093822,0.6786154886586311,0.0,0.31937037108920774,0.0,0.21307904599612718,0.566139859579815,0.0026988913984062335,21.596120359478018,0.266316927245116,1.5025125628140705,1.1644421376655816,0.3487803531570212,0.3935888291113326,0.16719439515321724,1.4995434128041858,1.7618741288731639,-0.9021288392919332,-0.24773794470796798,0.030303478968267367,Farm & Heavy Construction Machinery,Industrials,ARTW
2015Q4,2015,Q4,2016-02-03,2015-11-30,-162072.0,5956474.0,-195867.0,-0.0398,1458452.0,0.2448515682,31331608.0,18519866.0,19962319.0,7338115.0,12811742.0,15699084.0,15812245.0,12377838.843999999,21839489.843999997,4.54549082574887,2.7203606103202254,0.31626161670348996,0.5350462578940905,-0.004005163979420289,4.54549082574887,-0.00875125122395594,2.0780479934941374,-19.09311732439903,0.6683546654171255,-2.4680388962930055e-05,0.28651493297315944,3.2315819024731847e-07,0.1901107022659035,0.4166815319738107,-0.005172795472227279,68.14864749215437,0.2448515682264373,0.801,-1.9630803346184713,-0.022844817769981263,0.3506048703197542,0.15260029177513398,0.7962878004205668,0.49106286783333986,-1.2886036930668339,-0.14822221285389606,0.07439829717050313,Farm & Heavy Construction Machinery,Industrials,ARTW
2015Q3,2015,Q3,2015-10-01,2015-08-31,-795593.0,6886077.0,-384855.0,-0.2,1265358.0,0.1837560051,32704696.0,18681938.0,21013052.0,8040304.0,14022758.0,16493566.0,15974318.0,17097028.919999998,26758304.919999998,4.600270570285729,2.613464864015092,0.3150867386139287,0.5515924525603286,-0.008913196963058066,4.600270570285729,-0.04258621348598844,2.48284021802254,-5.372416838760522,0.915163561724699,0.0,0.34078252089329863,0.0,0.2105531572591288,0.35715900791810856,-0.02432656765866284,-48.12323072765962,0.18375600505193304,-4.333333333333334,-2.04030158051752,-0.36028754685195835,0.35220513434305345,-0.4268516287302988,-4.4348914822058445,-1.9292782220676865,-1.807244176343781,-0.4066744480002563,0.0973696705332956,Farm & Heavy Construction Machinery,Industrials,ARTW
2015Q2,2015,Q2,2015-06-30,2015-05-31,231621.0,7804111.0,414144.0,0.06,2207732.0,0.2828934647,33788028.0,19477527.0,21352947.0,7896367.0,14310501.0,15971257.0,16769907.0,20100836.25,29413285.25,4.796504854368932,2.7041482494418,0.29342265846352444,0.5090057377407307,0.0092191896761507,4.796504854368932,0.011891704732330753,2.5756727768223695,21.695826641366715,1.0320014573718728,0.0,0.35040316488551904,0.0,0.23097266878078826,0.4583628141903739,0.006855120399450362,114.73472978526662,0.28289346473928934,0.4999999999999999,1.2658693765636968,0.13677227307217,0.4933363096821372,0.07582200976056644,0.3770980112369571,0.2582265174738492,-0.7543243772479664,-0.33696018821032164,0.213161133981214,Farm & Heavy Construction Machinery,Industrials,ARTW
2015Q1,2015,Q1,2015-03-31,2015-02-28,168195.0,7289129.0,329149.0,0.04,2052135.0,0.2815336373,34176052.0,19230569.0,21562483.0,8181261.0,14945483.0,16133176.0,16538287.0,18510816.990000002,27998459.990000002,4.747694300985037,2.6355940728452496,0.3040048042998062,0.5402691932828405,0.007634936757447947,4.747694300985037,0.008746231065757856,2.5395101376309848,27.513922812806562,0.9625725057849304,1.203531615089628,0.32461023173614423,0.010935659950036597,0.21328177403288126,0.4518264360469615,0.004921428607376885,-2044.0389785777388,0.2815336372836864,-0.5744680851063829,3.1524431385996863,0.11024384561576149,0.2865510218249281,-0.12760304298567995,-0.5599247506514982,-0.4587344394928549,-0.13555476626087667,0.1484039243500808,0.28054726592449636,Farm & Heavy Construction Machinery,Industrials,ARTW
2014Q4,2014,Q4,2015-01-29,2014-11-30,382196.0,8878774.0,608110.0,0.094,2352295.0,0.2649346633,32846342.0,19251656.0,20065961.0,6503777.0,13594686.0,15089280.0,16572519.0,21265161.75,30555777.75,4.752900315935758,3.08527813914899,0.2984299438884245,0.5091682502533807,0.017126604086514566,4.752900315935758,0.019852629820520374,2.395056091077439,13.909853681095564,1.1045887039535716,0.0,0.43252421586715867,0.0,0.2703124140886069,0.552219118213924,0.011635877139682707,7.4759031834836005,0.26493466327670917,-0.3285714285714286,-0.35195844432851836,0.26966362354898865,0.4972068721103924,-0.13009672762129043,-0.3153161545517083,-0.33010711940883836,-0.10121353351596235,0.507262947913237,0.29972142790615824,Farm & Heavy Construction Machinery,Industrials,ARTW
2014Q3,2014,Q3,2014-10-09,2014-08-31,558208.0,11584707.0,907772.0,0.14,2704088.0,0.2334187649,35091487.0,18869460.0,22208148.0,8840845.0,16222027.0,14970026.0,16190323.0,21578782.16,33728804.16,4.660792303025872,2.5119938195952987,0.35299478759620534,0.6564635129993122,0.01919636429239578,4.660792303025872,0.029582616566663805,1.8626955485365317,9.664310687055721,1.1435823897451225,0.0,0.5932266917906489,0.0,0.33012870044521053,0.6245287639360265,0.015907219890681747,-45.42958892112321,0.2334187649286253,1.3333333333333337,7.528898826766854,1.0456437796941254,0.5177543761580813,0.1616650964936813,1.2050048389326697,1.045033578063083,-0.45652641960211887,0.24325207184498232,0.288434708804068,Farm & Heavy Construction Machinery,Industrials,ARTW
2014Q2,2014,Q2,2014-06-27,2014-05-31,253155.0,9468996.0,443891.0,0.06,2327769.0,0.2458306034,35008232.0,18311250.0,21822003.0,9069253.0,16696982.0,15868285.0,15632113.0,23515899.47,35190927.47,4.524103474575706,2.406152193570959,0.34064616573610457,0.6512619291419209,0.01112378057258458,4.524103474575706,0.01382510751587139,2.4834628159099443,23.222827388358912,1.2842323418663388,0.0,0.4500314306177385,0.0,0.27047912616666847,0.4417934972152613,0.00723129919842853,-29.57015140998267,0.24583060337125498,1.9404388714733543,1.2083382110782013,0.31078636507067603,0.47850697479847604,0.7366058073146112,1.9800357706959026,2.5050417717742155,-0.13567564166783633,0.19814989496511737,0.3476503644507709,Farm & Heavy Construction Machinery,Industrials,ARTW
2014Q1,2014,Q1,2014-04-14,2014-02-28,-258312.0,6237336.0,-294936.0,-0.0638,1340413.0,0.2149015221,33765643.0,18035831.0,20530351.0,8833154.0,15729812.0,15920713.0,15378958.0,24057560.9504,34947015.950399995,4.457086181025228,2.3242378656593106,0.3250464977077439,0.6085333134913495,-0.007651716516514585,4.457086181025228,-0.014322156822161397,3.8570250104211157,-23.283433358109573,1.333875935652757,0.0,0.3075818903336804,0.0,0.18472433650974748,0.31224441462245534,-0.0076501430759070696,-90.60716325028717,0.21490152206005897,-2.3574468085106384,-71.78418018004929,-0.0816519107659204,0.4756922240407762,-0.21373763704759116,-2.3490145287807733,-2.1736037054132775,0.471739185564718,0.3251826381331308,0.35971460323616744,Farm & Heavy Construction Machinery,Industrials,ARTW
2013Q4,2013,Q4,2014-02-26,2013-11-30,191482.0,7210749.0,251308.0,0.047,1704791.0,0.2364235671,32767621.0,18294145.0,19751372.0,7268872.0,14473476.0,14922525.0,15637272.0,25286903.448,35909876.448,4.520921762527703,2.717254066380588,0.33053736186706995,0.5920431372988462,0.008909380534726702,4.520921762527703,0.010466846086548456,3.5068345116436586,33.01472651215258,1.3822402439687669,0.0,0.3689695946228939,0.0,0.22005714116383365,0.4620529842869705,0.005843634482954988,-29.542017477370543,0.23642356709407025,3.6999999999999997,3.524941753307359,-0.13217468051102987,0.5005051790779548,-0.013470526929190907,6.254754868530727,1.293667743643101,0.14565645750412315,0.19104068367465615,0.34330464736963173,Farm & Heavy Construction Machinery,Industrials,ARTW
2013Q3,2013,Q3,2013-10-15,2013-08-31,26394.0,9350391.0,109566.0,0.01,1728069.0,0.1848124854,30384258.0,18491796.0,19298735.0,4509556.0,11892462.0,13694836.0,15850443.0,28332190.82,34685157.82,4.575272374224395,4.279519979350517,0.2562686243646299,0.42108035368765695,0.0022373449865105612,4.575272374224395,0.0014273356682065928,3.030054125009318,268.3582520648632,1.5321492201190192,0.0,0.5565836640906106,0.0,0.3077380069640009,0.9419878586716741,0.0008686735084990392,-538.6450468640088,0.18481248538162737,-0.9230769230769231,-0.9518145357583075,-0.024440425584107524,0.48514774715730513,-0.3261359887506639,-0.9486737710018668,-0.8628640518474665,-0.9653223285490712,-0.12719120741230527,0.34485715588244065,Farm & Heavy Construction Machinery,Industrials,ARTW
2013Q2,2013,Q2,2013-07-15,2013-05-31,514240.0,9250308.0,798959.0,0.13,2564418.0,0.2772251475,31445515.0,18434538.0,20733708.0,5324912.0,13010977.0,14819571.0,15824055.0,29999011.36,36018904.36,4.565771041462748,3.8937184314031854,0.25896109508780507,0.4417341514064524,0.021779654309858478,4.565771041462748,0.02789546448085653,3.2430283791631584,14.584149113254512,1.627326454289226,0.0,0.4511527357978176,0.0,0.29416939108804546,0.8430319599647844,0.01635336549584257,-21.47102201138574,0.27722514753022276,-0.35000000000000003,-0.4339364429628651,0.17773519103498656,0.5526496565611291,0.08241518207063,-0.37230700124747634,-0.4085684252603839,4.059569789074941,0.35518013123764886,0.4215000057179368,Farm & Heavy Construction Machinery,Industrials,ARTW
2013Q1,2013,Q1,2013-04-15,2013-02-28,819254.0,8415104.0,1350890.0,0.2,2369163.0,0.281536984,32731982.0,17890476.0,21889005.0,6930824.0,14841506.0,14126345.0,15309805.0,27147829.856,31770536.856,4.4337659093364845,3.15821105830995,0.25033439771535987,0.4580057568060235,0.033635299590833244,4.4337659093364845,0.04579274469835235,3.2260837009263343,8.28431410038889,1.5174459224002759,0.0,0.4279904674563732,0.0,0.2570911837847155,0.9192553439533308,0.025029159554102162,18.578103633729583,0.28153698397548027,0.4285714285714285,0.6919527280873004,0.22796353737769828,0.6497345089942563,0.1999680908448582,0.47305981393776586,0.5612153739652206,19.30343103385037,0.2866560813321757,0.20148132958052545,Farm & Heavy Construction Machinery,Industrials,ARTW
2012Q4,2012,Q4,2013-02-27,2012-11-30,556158.0,6925562.0,865281.0,0.14,1974355.0,0.2850822792,31228676.0,17071222.0,20125762.0,5959005.0,14157454.0,14327482.0,14490551.0,22151628.4696,29071153.4696,4.230731598997981,3.37736954407657,0.27110127883743773,0.4959301683265557,0.02357611977290426,4.230731598997981,0.032578687102774485,3.1985315371662257,9.957434968839788,1.297600632784226,0.0,0.34557412111911917,0.0,0.2217693122820833,0.7428545537384177,0.01780920843394065,8.755625903996382,0.28508227924318635,-0.4166666666666666,0.4997969868802141,0.07368568959416115,0.6573729524551899,-0.42338806949173236,-0.4321737381451446,-0.46139519944625756,-0.053381128341216735,-0.0058522174316146015,0.3327189722108159,Farm & Heavy Construction Machinery,Industrials,ARTW
2012Q3,2012,Q3,2012-10-15,2012-08-31,979451.0,11533882.0,1606523.0,0.24,3424062.0,0.2968698657,32894104.0,16918648.0,21697725.0,7484243.0,15975456.0,13716240.0,14337978.0,27112853.736,36158785.736,4.1920883124554615,2.8991208596514038,0.2852112342078082,0.5545223235331806,0.04001428092502029,4.1920883124554615,0.05789180081056122,2.3507136396921697,6.9204211685934265,1.6025425752696079,0.0,0.5912567875744373,0.0,0.35063675849021453,0.8775105244444896,0.02977588324035213,15.428515186468495,0.2968698656705522,0.04347826086956513,0.032373963973457515,0.3802906351489657,0.6658849167528257,0.08437926744919598,0.04644325045059675,0.07548504919779939,14.012192005273803,1.043078010521678,0.36512420374101023,Farm & Heavy Construction Machinery,Industrials,ARTW
2012Q2,2012,Q2,2012-07-16,2012-05-31,935981.0,11685169.0,1493766.0,0.23,3157624.0,0.2702249321,35075752.0,15939199.0,23956724.0,10343203.0,19136553.0,14711561.0,13358528.0,30030995.3988,40834248.3988,3.9537244641429523,2.316180394023012,0.3162845090249241,0.6960147119061629,0.03682464376585503,3.9537244641429523,0.058721959616665806,2.57000950510857,8.021262023160727,1.884096898394957,0.0,0.5796492296092849,0.0,0.333140940214197,0.7666062437332033,0.026684559749424616,-43.493933642883626,0.2702249321340581,3.5999999999999996,0.6457599798381817,1.0121408122238131,0.7407765570467928,1.1389913840813808,3.837161107608347,3.1235434903230614,7.197312283878083,0.6240086931045119,0.2921033370517578,Farm & Heavy Construction Machinery,Industrials,ARTW
2012Q1,2012,Q1,2012-04-13,2012-02-29,193498.0,6312216.0,362253.0,0.05,1476221.0,0.2338673138,28161872.0,14934731.0,19102410.0,6852630.0,13227141.0,14379561.0,12422547.0,30815676.450000003,37934010.45,3.707551003638604,2.787602716037492,0.2640031174063997,0.49782095171315777,0.010839671576317544,3.707551003638604,0.012956242733799491,4.881910956469171,39.813946978780145,2.063356644990794,0.0,0.3363103365951158,0.0,0.22414049747829265,0.5025387333038556,0.006870921080814514,50.69802057489948,0.23386731379281064,-0.5,-0.5003088097439022,0.17527905168700805,0.740779443801267,-0.2096336375823978,-0.5424421780450374,-0.3988878895788185,52.265126181208316,-0.06639129183437371,0.22752936876027968,Farm & Heavy Construction Machinery,Industrials,ARTW
2011Q4,2011,Q4,2012-02-24,2011-11-30,422893.0,5858209.0,602638.0,0.1,1867768.0,0.3188291848,25855077.0,14730541.0,16695555.0,4570473.0,11124536.0,13249105.0,12229049.0,24290003.790000003,32016165.790000003,3.6568607810003146,3.6529162298956805,0.3034253581994747,0.5325728362590348,0.022672931667627853,3.6568607810003146,0.028708585787853957,4.146319086601383,14.359426492044086,1.6489553092449218,0.0,0.3011857027323732,0.0,0.22657867156999764,0.4702561419791781,0.016356284686369335,17.505425881216805,0.31882918482423556,-0.6,0.26617473277581616,0.06872607465469997,0.7984470452664044,-0.31012968439683697,-0.5853323475539204,-0.5808922273832731,6.601814982119924,-0.29174172821237787,0.2137211898995793,Farm & Heavy Construction Machinery,Industrials,ARTW
2011Q3,2011,Q3,2011-10-14,2011-08-31,1019836.0,9252063.0,1437907.0,0.25,2707419.0,0.2926286818,27072031.0,14541519.0,17871035.0,5815014.0,12530512.0,13136600.0,12047707.0,28149569.6724,37025664.6724,3.617406664985022,3.073257433258114,0.3357704488444181,0.6251058090973852,0.04548652499699028,3.617406664985022,0.07013270071716717,3.042518157561184,6.900513825850432,1.93580668377217,0.0,0.4981992296332384,0.0,0.34175725493222137,0.6120982683790616,0.037671203907826495,40.97725279697681,0.2926286818410121,2.571428571428571,4.5508750531198245,0.49974335835116696,0.8310436920777307,0.384169534782422,2.5076165352245408,1.6230802207324304,0.8719354682877294,-0.029462535629148655,0.17422153691233705,Farm & Heavy Construction Machinery,Industrials,ARTW
2011Q2,2011,Q2,2011-07-15,2011-05-31,290749.0,7845150.0,548175.0,0.07,1955988.0,0.2493244871,28370727.0,13488052.0,19262352.0,8028118.0,14882675.0,14565868.0,11027877.0,32142816.0,41733666.0,3.3570305725546885,2.3993608464648877,0.3421131224448355,0.719599687189818,0.015341786157162246,3.3570305725546885,0.021556040857493727,4.097157606929122,27.637942004959605,2.3830584283038054,0.0,0.40431246527841663,0.0,0.2765226989072222,0.4306494996710312,0.010248204073163158,-13.992134793309786,0.24932448710349706,1.5833333333333335,0.8640844853461203,0.8736782173697992,0.739470273170105,3.1106433952945873,1.6000057782354506,1.831884071167119,-0.6783809504579724,0.0037299982142626016,0.141601783840736,Farm & Heavy Construction Machinery,Industrials,ARTW
2011Q1,2011,Q1,2011-04-12,2011-02-28,-484577.0,4664338.0,-658956.0,-0.12,475835.0,0.1020155486,26508148.0,13144831.0,17572193.0,6485635.0,13363317.0,14167946.0,10737128.0,43709741.2,50774289.2,3.27795713189901,2.7094020863030375,0.2729306475880548,0.5503977951485265,-0.021490203040213582,3.27795713189901,-0.03686445265062746,9.371049267870383,-22.550462155653282,3.3252417775473875,0.0,0.29563233795498656,0.0,0.17595865241132652,0.34182420071434794,-0.018280303852234416,25.24470424074269,0.10201554861590219,-3.926829268292683,-2.745273633731266,0.06201941516536512,0.7286517442123214,-0.6439671917228087,-3.905312069068889,-3.2811901753414223,-2.0070008801384205,-0.3151217154896674,0.2196762549213854,Farm & Heavy Construction Machinery,Industrials,ARTW
2010Q4,2010,Q4,2011-02-22,2010-11-30,166790.0,6041576.0,288865.0,0.041,1336492.0,0.2212157887,26777562.0,13590457.0,17930056.0,6166355.0,13187105.0,13795816.0,11221705.0,38564256.1,47399197.1,3.365522311993981,2.907723606571467,0.3417803308605914,0.6734169424913379,0.010933020720089143,3.365522311993981,0.01227258215084305,6.383145076715082,57.80360947898556,2.8375981837844013,0.0,0.34105151880831114,0.0,0.22562083882020328,0.4558166047851608,0.006228722390783746,39.06922584403414,0.2212157887279743,-0.7842105263157895,-0.28156422665446545,0.9351143294034409,0.8453962949379906,-0.48140033999232473,-0.7781463736462526,-0.7727050977195365,-0.5505598715857761,-0.06407739793609007,0.31843051733756267,Farm & Heavy Construction Machinery,Industrials,ARTW
2010Q3,2010,Q3,2010-10-12,2010-08-31,751802.0,10581783.0,1270882.0,0.19,2577117.0,0.2435427943,27503387.0,13581606.0,18925091.0,6709722.0,13921781.0,13978405.0,11294934.0,21917079.18,30846662.18,3.402050808304832,2.8205477067455256,0.3444737551778623,0.6975754560984908,0.03551954806086521,3.402050808304832,0.055354425684267385,2.071208526956185,7.288181988076649,1.6137325129296196,0.0,0.5726451623057137,0.0,0.38474472253181036,0.5471989748606574,0.0273348878812635,-346.3234444181086,0.2435427942531046,5.333333333333334,1.8499566919250225,1.4779153060945636,0.8984874414757845,0.6416681955082634,6.482105891719745,4.998857703890415,-0.1989074266214836,0.28020284580940236,0.35193361999145417,Farm & Heavy Construction Machinery,Industrials,ARTW
2010Q2,2010,Q2,2010-07-13,2010-05-31,100480.0,6748178.0,211854.0,0.03,1569816.0,0.2326281257,28956225.0,12820730.0,20321019.0,8771001.0,16135495.0,14435695.0,10543127.0,23949516.0,32729922.0,3.2119388132937634,2.3168414870777005,0.30394210571302027,0.6864676192385301,0.006636706632079163,3.2119388132937634,0.007837307236015422,3.5490344208466347,59.587768710191085,1.8680306035615757,0.0,0.35871927191590014,0.0,0.23304757439894186,0.5229508011685325,0.0034700655903868683,-8.661935719542916,0.23262812569555813,1.9999999999999996,-0.3463332987965654,0.7301518236626696,0.8506786714001662,0.18413138308424687,1.918809005083515,0.7164315749390328,-0.8215593925540864,0.1736118983846011,0.4141774014751674,Farm & Heavy Construction Machinery,Industrials,ARTW
2010Q1,2010,Q1,2010-04-12,2010-02-28,34425.0,5579841.0,123427.0,0.01,1325711.0,0.2375893865,25117562.0,12703684.0,17847312.0,6126275.0,12413878.0,13168136.0,10442653.0,16592850.000000002,22701736.0,3.690249527959332,2.9132404275028465,0.2479388325984823,0.4902214979528773,0.0044578048132944735,3.690249527959332,0.002709843853168892,2.973713767112719,120.5,1.306144737227406,0.0,0.3230624288813542,0.0,0.22214898882303943,0.5782368568175604,0.001370554992558593,4.892693270208086,0.23758938650760836,-0.9333333333333332,-0.8869512266252931,0.7492574676226093,1.1864839558310794,0.03082496415430599,-0.9407499328757409,0.16050810485539133,-0.8959755369693082,0.21567444890021972,0.7326560078241633,Farm & Heavy Construction Machinery,Industrials,ARTW
2009Q4,2009,Q4,2010-02-23,2009-11-30,581012.0,6889158.0,106356.0,0.15,1286068.0,0.1866799978,23919749.0,12667418.0,16726088.0,4843108.0,11252331.0,11928234.0,10408228.0,15402758.719999999,23723996.72,3.1745114215487757,3.4535855900797587,0.36406970658429566,0.6874689064496017,0.0030854227761269704,3.1745114215487757,0.04586664780462759,2.2357969899950034,6.62755619505277,1.2159351432154524,0.0,0.4697334073090786,0.0,0.288011299784124,0.5647559377160286,0.024290054214197648,11.22555142568121,0.18667999775879723,6.5,-0.01806871357627577,0.8713054728907438,0.9849408515934647,-0.012088600059148644,7.976624179219776,-0.5010719194629613,0.7560921889395854,0.2687228206893904,0.5612272460334491,Farm & Heavy Construction Machinery,Industrials,ARTW
2009Q3,2009,Q3,2009-10-13,2009-08-31,64725.0,5600464.0,213169.0,0.02,1301805.0,0.2324459188,24604235.0,12294955.0,17298025.0,5823173.0,12309280.0,13931708.0,10066638.0,20178980.64,29632913.64,3.070847547034467,2.9705497329376955,0.39589907997545953,0.7922594267323467,0.006350193668027481,3.070847547034467,0.005264354363232724,3.603090858186036,77.94121529548089,1.6412407072657036,0.0,0.30855218900654535,0.0,0.22762195207451075,0.3612997587397798,0.0026306446837302605,39.48603074900057,0.23244591876673076,-0.3333333333333333,-0.8708721656597964,0.5953936922922165,1.116345543528308,-0.11326863266248619,-0.42679643635204306,-0.2680314668626192,-0.6462903358646236,-0.08852212882115862,0.5543886963986436,Farm & Heavy Construction Machinery,Industrials,ARTW
2009Q2,2009,Q2,2009-07-08,2009-05-31,112918.0,7115645.0,291227.0,0.03,1468094.0,0.2063191742,25664908.0,12199355.0,18221977.0,7040360.0,13465553.0,13985118.0,10001912.0,22724931.0,32689905.0,3.059913515248957,2.5882166536938453,0.3903388626992156,0.821191858094137,0.00850253398946353,3.059913515248957,0.009256063127927665,3.1936572158953966,50.312906268265465,1.8627977462742908,0.0,0.40382576679009785,0.0,0.2772519192354011,0.41611480094767883,0.004399704062839423,-70.04981643655734,0.20631917415778891,32.33333333333333,-0.5710949939201827,1.3716725298110017,1.3079399352879384,0.11533564287233719,30.409735744089012,1.9827524401610046,-0.2704135541416521,0.7126721937018382,0.5855168677229228,Farm & Heavy Construction Machinery,Industrials,ARTW
2009Q1,2009,Q1,2009-04-14,2009-02-28,3595.0,6690866.0,97637.0,0.0009,1316280.0,0.1967278974,27128686.0,12040122.0,19588835.0,8574677.0,15088564.0,14958842.0,9888994.0,14151549.6,23807552.6,3.0203358860431795,2.284498296553911,0.36391729404070655,0.8199749138754574,0.0028919159528678047,3.0203358860431795,0.00029858501433789456,2.115055001848789,984.1133240611961,1.1753659638997012,0.0,0.35929158152750057,0.0,0.2466343559728621,0.3854565017434476,0.00013251655461676249,-36.21294874189776,0.19672789740520882,1.0481283422459893,-0.9594468982949821,1.2495083422192579,1.397500630719077,0.1525317469837848,1.0481206831932324,-0.8219475856233394,-0.9869750604044268,0.5325013541556093,0.5927935257929619,Farm & Heavy Construction Machinery,Industrials,ARTW
2008Q4,2008,Q4,2009-02-27,2008-11-30,-74708.0,8185375.0,548361.0,-0.0187,1142077.0,0.1395265336,27226404.0,12010612.0,19756362.0,8642633.0,15215792.0,15172723.0,9885399.0,15785953.92,24777126.92,3.0129331278321634,2.28591934888361,0.33403687831856166,0.7572156189876086,0.02450611290711656,3.0129331278321634,-0.006220165966563569,1.9285559818578868,-52.82551373346897,1.3143338507646405,0.0,0.46420790783566007,0.0,0.3006410615224838,0.39823234424046466,-0.0027439539940713434,-26.726002515834008,0.13952653360414152,-1.1438461538461537,-1.0752468777501496,1.9013291988994598,1.4346008636634076,-0.4823834138183433,-1.1387621218115527,-0.370050454689575,-1.3259800278391165,1.655833889749274,0.6520632209694734,Farm & Heavy Construction Machinery,Industrials,ARTW
2008Q3,2008,Q3,2008-10-07,2008-08-31,538389.0,9420696.0,870484.0,0.13,2206415.0,0.2342093408,26590065.0,12238169.0,19262713.0,7731269.0,14351896.0,14044011.0,10199287.0,52239006.2,60708112.2,3.0806849910938774,2.4915331493445643,0.3296032559529283,0.7161342517822723,0.027640624913189332,3.0806849910938774,0.043992610332477027,5.545132355401342,24.257092083976453,4.2685311993975565,0.0,0.5136909249074214,0.0,0.35429383117341007,0.4582277501921095,0.02024775042859053,-50.9275703362707,0.23420934079605157,-0.43478260869565216,0.6254948520090791,1.4667562931903564,2.116564030569183,-0.09520388324830424,-0.3944187302105068,0.3490437962991662,1.0510306036740262,1.2169289535617431,0.7191517988083536,Farm & Heavy Construction Machinery,Industrials,ARTW
2008Q2,2008,Q2,2008-07-15,2008-05-31,889045.0,7686553.0,645260.0,0.23,2438577.0,0.3172523497,27809628.0,11619351.0,20747782.0,9506666.0,16190277.0,14210344.0,9660899.0,39908241.1,47799267.1,2.9406318561105413,2.182445664968139,0.32794994596835314,0.7849118251096813,0.021451002659210468,2.9406318561105413,0.0765141701976298,5.191955496826731,11.222221906652644,3.4346359878447603,0.0,0.36930675288367404,0.0,0.27639898671064567,0.5316792448582921,0.03196896412997686,-7.286034479012795,0.31725234965530064,0.9166666666666669,2.323828417945493,2.0999730208409635,2.248916477208783,0.1210188652530522,0.8644865791024493,-0.2072242528488497,4.842581195023319,0.9908273042191723,0.6943550213407884,Farm & Heavy Construction Machinery,Industrials,ARTW
2008Q1,2008,Q1,2008-04-08,2008-02-29,476831.0,6748514.0,813925.0,0.12,2175322.0,0.3223408887,25212842.0,10679280.0,18547022.0,7809064.0,14533562.0,10252366.0,8771846.0,34292098.96,36954635.96,2.687563292859458,2.375063387878496,0.26874106457336305,0.634474046939494,0.03033068622564577,2.687563292859458,0.04465010749788375,5.081429624358785,17.97916817488796,3.2110871669251115,0.0,0.44606210898050264,0.0,0.267661773313774,0.8811149454019073,0.018912227348269584,10.005149305094612,0.3223408886756403,0.3043478260869565,4.980133660008578,1.6240295264855018,2.209342988341605,0.26725586798255346,0.30576382765476184,0.22759507951446706,0.3565851666964015,0.832866115339776,0.592389342670626,Farm & Heavy Construction Machinery,Industrials,ARTW
2007Q4,2007,Q4,2008-02-20,2007-11-30,365174.0,6352022.0,663024.0,0.092,1716561.0,0.2702385162,19966595.0,10143282.0,13784624.0,3547658.0,9823313.0,8636602.0,8295013.0,46888385.6,52993727.6,2.5526732487885018,3.8855560485255345,0.336439087385706,0.6622652313127053,0.03252443286463796,2.5526732487885018,0.036001562413427925,7.381647229811232,32.10003012262648,4.622604951730613,0.0,0.5367227759250687,0.0,0.31813246074255525,1.1178070152196182,0.01828924761583034,-33.248467709797325,0.2702385161764238,-0.6,0.1074526680606031,1.230334362222918,2.1580113276932478,-0.38271742120622043,-0.6073600502339664,-0.6413302433672841,-0.3802396627463542,0.7326804337735058,0.5961213363088392,Farm & Heavy Construction Machinery,Industrials,ARTW
2007Q3,2007,Q3,2007-10-15,2007-08-31,930048.0,8191523.0,1848564.0,0.23,2780835.0,0.3394771644,17645540.0,9955896.0,13773995.0,3754899.0,7689644.0,7489817.0,8127651.0,32640299.635199998,34836271.635199994,2.5164333203921188,3.6682731013537246,0.25141061140662174,0.44559284267332644,0.0787555010453277,2.5164333203921188,0.09341680547888408,3.9846435925529353,8.773821253096614,3.278489413228101,0.0,0.7224059012389755,0.0,0.46422625773991616,1.42796464032721,0.05270725633786214,-27.476734335248434,0.3394771643807873,0.6428571428571428,4.315936150094027,1.4871110886974155,2.46934780019278,0.6502844995798379,0.6663644670596456,2.260259718271108,0.8777031482655279,1.3614691629748237,0.7342581686743138,Farm & Heavy Construction Machinery,Industrials,ARTW
2007Q2,2007,Q2,2007-07-17,2007-05-31,558130.0,5699168.0,566999.0,0.14,1685064.0,0.2956684204,17806450.0,8985832.0,14866556.0,4994792.0,8820618.0,8250974.0,7197603.0,17882711.04,19624393.04,2.271241790417031,2.9764114301456397,0.22888908232690963,0.4535697974322244,0.028936708296375083,2.271241790417031,0.06211222288598318,3.1377757314751906,8.010101159228137,1.9901007541650009,0.0,0.4865006240475367,0.0,0.32006200000561597,1.1338077741775834,0.0313442600855308,-16.29010857515042,0.29566842037293867,0.47368421052631593,17.507010682650705,1.4788577979360507,2.4577809333066156,0.12468062953025509,0.4674926182331613,0.7483241343159323,1.136318976051773,0.9141885012279231,0.7130842439420576,Farm & Heavy Construction Machinery,Industrials,ARTW
2007Q1,2007,Q1,2007-04-17,2007-02-28,380329.0,5275037.0,324310.0,0.095,1498260.0,0.2840283395,17863599.0,8426327.0,14820719.0,5688123.0,9437272.0,6826294.0,6639473.0,15627590.4,16771506.4,2.129822371720211,2.60555529477826,0.24808740948562494,0.5259390004684129,0.016433949883231783,2.129822371720211,0.04513579878872491,2.962555599136082,10.27241572428082,1.8546147568210918,0.0,0.5532690212287956,0.0,0.2952953097525308,1.2520877273575133,0.021290726465590725,18.23748374944859,0.28402833951686024,0.14457831325301201,2.9769995398436655,0.42516802498786577,1.3907398267847713,-0.08641011725824253,0.1594123815678767,-0.41684707947034155,3.3228020054748084,0.7869463208525057,0.6906233850064601,Farm & Heavy Construction Machinery,Industrials,ARTW
