Quarters,Year,Quarter,FillingDate,Date,NetIncome,Revenue,OperatingIncome,EPSDiluted,GrossProfit,GrossProfitRatio,TotalAssets,CommonStockEquity,CurrentAssets,CurrentLiability,TotalLiability,Inventory,RetainedEarnings,MarketCap,EnterpriseValue,bookValuePerShare,currentRatio,debtToAssets,debtToEquity,roic,shareholdersEquityPerShare,roe,priceToSalesRatio,peRatio,pbRatio,payoutRatio,inventoryTurnover,dividendYield,assetTurnover,quickRatio,returnOnAssets,priceToFreeCashFlowsRatio,grossProfitMargin,epsdilutedGrowth,fiveYNetIncomeGrowthPerShare,fiveYRevenueGrowthPerShare,fiveYShareholdersEquityGrowthPerShare,grossProfitGrowth,netIncomeGrowth,operatingIncomeGrowth,threeYNetIncomeGrowthPerShare,threeYRevenueGrowthPerShare,threeYShareholdersEquityGrowthPerShare,Industry,Sector,Symbol
2023Q1,2023,Q1,2023-05-04,2023-03-31,100700000.0,859000000.0,253300000.0,0.34,178400000.0,0.2076833527,21273900000.0,6174800000.0,1509400000.0,411700000.0,14462400000.0,0.0,3280900000.0,11273048715.6,18890548715.6,17.013080741378854,3.666261841146466,0.41630354565923505,1.4342812722679277,0.013229996227729364,17.013080741378854,0.016308220509166287,13.123456013504075,27.98671478550149,1.8256540641964112,1.1757696127110229,0.0,0.010502926314525223,0.040378115907285454,3.910614525139665,0.00473349973441635,-89.8967202200957,0.20768335273573924,-0.02857142857142844,-0.29600655767424655,-0.5164115780162484,0.6330951369252719,1.0415579575102498,-0.20833333333333334,0.5841150719199499,1.1578761291198416,2.6965789511978047,2.176064724576666,Asset Management,Financial Services,CG
2022Q4,2022,Q4,2023-02-09,2022-12-31,127200000.0,647300000.0,159900000.0,0.35,-4292800000.0,-6.6318553994,21403000000.0,6221000000.0,2062000000.0,495600000.0,14581700000.0,0.0,3401100000.0,10780537429.76,17890637429.760002,17.219423540755024,4.160613397901534,0.40554127925991684,1.395241922520495,0.00992379848351422,17.219423540755024,0.020446873493007556,16.654622941078326,21.188163187421384,1.732926768969619,0.9292452830188679,0.0,0.010964202923103381,0.030243423819090783,4.5823244552058116,0.00594309208989394,-79.0361981653959,-6.631855399351151,-0.5454545454545455,-0.4080528682037429,-0.7426747279674664,0.6773403715049976,-47.208826695371364,-0.5470085470085471,-0.6106647187728269,5.992246588906108,-0.38560830316290934,2.275950234115006,Asset Management,Financial Services,CG
2022Q3,2022,Q3,2022-11-08,2022-09-30,280800000.0,813700000.0,410700000.0,0.77,92900000.0,0.1141698415,21092400000.0,6117700000.0,2026400000.0,773600000.0,14437500000.0,0.0,3430800000.0,9377208453.76,16089908453.76,16.85804136481724,2.6194415718717683,0.3912214826193321,1.3488402504209098,0.022508028339056352,16.85804136481724,0.04589960279189892,11.524159338527713,8.34865425014245,1.5327996557137487,0.4212962962962963,0.0,0.012615694807612493,0.038577876391496464,2.8485005170630817,0.013312852022529442,32.06979635348837,0.11416984146491335,0.14925373134328354,0.6516174907616075,-0.46940700490007153,0.6399484379400069,1.1232422393207748,0.14425427872860636,0.12922738520758867,-0.03546074514700345,-0.5843513719308197,1.1833455569568891,Asset Management,Financial Services,CG
2022Q2,2022,Q2,2022-07-28,2022-06-30,245400000.0,751000000.0,363700000.0,0.67,-753800000.0,-1.0037283622,21424900000.0,5986300000.0,2150200000.0,315000000.0,14992600000.0,0.0,3309900000.0,11443368645.8,18411368645.8,16.56210368347793,6.826031746031746,0.3970893679783803,1.421178357249052,0.02083992703724683,16.56210368347793,0.040993602058032506,15.23750818348868,11.657873518541157,1.9115929114478056,0.4792176039119804,0.0,0.010276694183330545,0.03505267235786398,6.826031746031746,0.011453962445565673,-59.63193666388744,-1.003728362183755,-0.5914634146341463,0.04671544027128881,-0.6811120832859401,1.8804094202861086,-1.6593195136884458,-0.5874243443174176,-0.5396785217061132,-0.5134177839916331,-0.747752974015481,0.4860041355112833,Asset Management,Financial Services,CG
2022Q1,2022,Q1,2022-04-28,2022-03-31,594800000.0,1143300000.0,790100000.0,1.64,1143300000.0,1.0,21736400000.0,5910000000.0,1965400000.0,365400000.0,15382100000.0,0.0,3207000000.0,17488985326.579998,24525285326.579998,16.52800860669061,5.378762999452655,0.3908374891886421,1.4374619289340103,0.04392525341632198,16.52800860669061,0.10064297800338409,15.29693459860054,7.350784014198049,2.9592191753942467,0.15047074646940148,0.0,0.00511750672373066,0.0525984063598388,5.378762999452655,0.02736423694816069,-17.447112257162807,1.0,-0.09392265193370174,0.7102752298004965,-0.5738624153114662,2.5051180328671783,-0.12384090734922217,-0.09933373712901272,-0.19237452724113258,0.27126478504097135,-0.5790904825780229,0.663316828990638,Asset Management,Financial Services,CG
2021Q4,2021,Q4,2022-02-10,2021-12-31,660400000.0,1304900000.0,978300000.0,1.81,1304900000.0,1.0,20823200000.0,5279000000.0,3135700000.0,379700000.0,15544200000.0,0.0,2557800000.0,19541914896.6,25424014896.6,14.830537413220638,8.258361864629972,0.40816973375850013,1.6100397802614133,0.0515728227575241,14.830537413220638,0.12509945065353287,14.975795000842975,7.397757002044215,3.7018213480962303,0.13491823137492429,0.0,0.004559430356310786,0.06266568058703753,8.258361864629972,0.03171462599408352,41.21028025432307,1.0,0.23972602739726034,18.647089482343556,-0.23145916757550708,3.0775378679327257,0.0,0.23948948948948948,0.0,20.827815831935037,0.710027371894967,0.6374937636143639,Asset Management,Financial Services,CG
2021Q3,2021,Q3,2021-10-28,2021-09-30,532800000.0,1071700000.0,0.0,1.46,0.0,0.0,20788700000.0,4759200000.0,0.0,0.0,15755700000.0,0.0,2083900000.0,16829539823.52,23163939823.52,13.370239374313252,0.0,0.4265875211052158,1.8633804000672383,0.0,13.370239374313252,0.11195158850226929,15.703592258579826,7.896743535810812,3.5362119313161875,0.1676051051051051,0.0,0.005306146272353771,0.051552045101425296,0.0,0.02562930822995185,24.121455960326788,0.0,-0.42745098039215684,155.42232474986554,-0.3219062053658014,2.169224489372673,0.0,-0.424,0.0,8.028831952612427,-0.3141603269894655,0.35097640356916454,Asset Management,Financial Services,CG
2021Q2,2021,Q2,2021-07-29,2021-06-30,925000000.0,1637700000.0,0.0,2.55,0.0,0.0,19649200000.0,4337000000.0,0.0,0.0,15027200000.0,0.0,1711800000.0,16477454450.8,22918154450.8,12.233913958124331,0.0,0.41805264336461534,1.894028130043809,0.0,12.233913958124331,0.21328106986396125,10.061338737741954,4.453366067783784,3.79927471773115,0.09589189189189189,0.0,0.005383113044848594,0.08334690470858865,0.0,0.047075707916861755,31.81589969260475,0.0,0.058091286307053805,33.93991013645755,-0.0989735045666979,1.580190733064194,0.0,0.06407454273553434,0.0,2.852425671986186,-0.23750913190126557,0.19807830184061065,Asset Management,Financial Services,CG
2021Q1,2021,Q1,2021-04-29,2021-03-31,869300000.0,1517500000.0,0.0,2.41,0.0,0.0,16975300000.0,3462000000.0,0.0,0.0,13263100000.0,0.0,884800000.0,13021498181.92,19886498181.92,9.773308587233181,0.0,0.46656023752157544,2.287694974003466,0.0,9.773308587233181,0.2510976314269209,8.580888423011531,3.744822898285977,3.7612646394916234,0.10203612101691016,0.0,0.006811812186339478,0.08939459096451903,0.0,0.05120969879766484,217.75080571772574,0.0,0.6331495580377796,22.630518642157167,0.009928996870172058,0.9635237244830379,0.0,0.675597532767926,0.0,5.226776866232235,-0.1246818962263485,-0.06185464184266593,Asset Management,Financial Services,CG
2020Q4,2020,Q4,2021-02-11,2020-12-31,518800000.0,1034300000.0,0.0,1.4756762405125972,0.0,0.0,15644800000.0,2689200000.0,0.0,0.0,12714600000.0,0.0,139500000.0,11053286318.640001,17964486318.64,7.649168361577633,0.0,0.5143817754141952,2.992488472408151,0.0,7.649168361577633,0.19291982745798006,10.686731430571403,5.326371587625289,4.110250750647033,0.17039321511179645,0.0,0.007997621472170166,0.066111423604009,0.0,0.03316117815504193,-133.9792281047273,0.0,0.799605171356826,26.536022038685203,-0.12224803942080835,0.17863629186262178,0.0,0.755668358714044,0.0,1.4810098421316504,-0.577471440884896,-0.25489614266434785,Asset Management,Financial Services,CG
2020Q3,2020,Q3,2020-10-29,2020-09-30,295500000.0,747700000.0,0.0,0.82,0.0,0.0,14202200000.0,2211500000.0,0.0,0.0,11772000000.0,0.0,-407700000.0,8673173456.77,14872773456.77,6.2903970815219905,0.0,0.5291997014547042,3.3985078001356546,0.0,6.2903970815219905,0.13361971512548043,11.599804007984487,7.33771020031303,3.921850986556636,0.2988155668358714,0.0,0.010180817948599409,0.05264677303516357,0.0,0.020806635591668895,-183.36518936088797,0.0,1.0,1.7899228199128683,185.32623439164743,-0.16541543346330392,0.0,1.0253598355037696,0.0,0.7940809457364355,-0.4967349684199935,-0.38807085327280527,Asset Management,Financial Services,CG
2020Q2,2020,Q2,2020-07-31,2020-06-30,145900000.0,580500000.0,0.0,0.41,0.0,0.0,12322700000.0,1958300000.0,0.0,0.0,10180000000.0,0.0,-725000000.0,9725229331.199999,15800829331.199999,5.618023816129215,0.0,0.5459923555714251,3.4356840116427514,0.0,5.618023816129215,0.07450339580248175,16.753194368992247,16.664203788896504,4.966159082469489,0.5976696367374914,0.0,0.008966369535394838,0.047108182460012825,0.0,0.011839937675996332,61.35791376151419,0.0,1.2329545454545454,-0.018130754651980857,-0.8588470747696415,-0.41059210928539197,0.0,1.2383986928104576,0.0,-0.35470738565551785,-0.7444077502274571,-0.02293760305863823,Asset Management,Financial Services,CG
2020Q1,2020,Q1,2020-04-30,2020-03-31,-612000000.0,-485800000.0,0.0,-1.76,0.0,0.0,12084600000.0,1865400000.0,0.0,0.0,10015500000.0,0.0,-707100000.0,7539390782.349999,13018990782.349998,5.356654292883312,0.0,0.5509822418615428,3.5694221078589043,0.0,5.356654292883312,-0.3280797684142811,-15.519536398414985,-3.0798164960580063,4.041701931140774,-0.14281045751633986,0.0,0.011592448584122568,-0.04019992387004948,0.0,-0.050642967082071395,-29.098382023736008,0.0,-23.95392031759535,-4.011385219191304,-1.0941200122183912,-0.40022597263108767,0.0,-72.73493975903614,0.0,-2.806903940763036,-1.1859241239989697,0.1359932103508341,Asset Management,Financial Services,CG
2019Q4,2019,Q4,2020-02-12,2019-12-31,-8300000.0,343200000.0,0.0,-0.07053,0.0,0.0,13808800000.0,618600000.0,0.0,0.0,10839200000.0,0.0,-85200000.0,3775399922.3999996,9830799922.4,5.256314140989028,0.0,0.5048374949307688,11.269317814419658,0.0,5.256314140989028,-0.013417394115745232,11.000582524475524,-113.71686513253012,6.1031359883608145,-4.397590361445783,0.0,0.009667849962977475,0.024853716470656394,0.0,-0.0006010659869069,-6.5579293423658145,0.0,-1.1282363636363635,-1.2892067271911025,-0.012042877042862792,-0.5061979209918327,0.0,-1.0900216919739696,0.0,0.3291733834555311,-0.3886313504530008,0.44518161132359335,Asset Management,Financial Services,CG
2019Q3,2019,Q3,2019-10-31,2019-09-30,92200000.0,620000000.0,0.0,0.55,0.0,0.0,13928000000.0,887400000.0,0.0,0.0,10632500000.0,0.0,-89100000.0,2937620129.3999996,7809820129.4,7.721197091821644,0.0,0.46568782309017803,7.309105251295921,0.0,7.721197091821644,0.1038990308767185,4.738096982903225,7.9653474224511935,3.3103675111561865,0.6052060737527115,0.0,0.018994967879457234,0.04451464675473866,0.0,0.0066197587593337165,4.442861659709618,0.0,-0.5528455284552846,1.099513795527576,-0.3151214259206604,-0.25027143531032975,0.0,-0.4016872160934458,0.0,82.83501149369881,0.21497744609949476,0.8301996116603636,Asset Management,Financial Services,CG
2019Q2,2019,Q2,2019-08-14,2019-06-30,154100000.0,909700000.0,0.0,1.23,0.0,0.0,13400800000.0,1230900000.0,0.0,0.0,9782500000.0,0.0,-77800000.0,2577674898.18,8040674898.18,11.145395418283593,0.0,0.4735911288878276,5.155983426760907,0.0,11.145395418283593,0.1251929482492485,2.833543913575904,4.181821703731343,2.094138352571289,0.1752109020116807,0.0,0.01047455597254087,0.0678840069249597,0.0,0.011499313473822458,-29.093396141986453,0.0,0.04237288135593224,3.6610143896766334,-0.4551680454614735,-0.07244460833688078,0.0,0.07837648705388384,0.0,17.684410464248565,0.6065643195492298,1.3506169875826421,Asset Management,Financial Services,CG
2019Q1,2019,Q1,2019-05-01,2019-03-31,142900000.0,829600000.0,0.0,1.18,0.0,0.0,12242800000.0,1085200000.0,0.0,0.0,9107000000.0,0.0,-81500000.0,2001827731.7999997,6672627731.799999,9.936777118235744,0.0,0.4580406442970562,5.167434574272024,0.0,9.936777118235744,0.13168079616660525,2.4130035339922853,3.5021478862841144,1.8446624878363433,0.3729881035689293,0.0,0.026625667710214906,0.06776227660339137,0.0,0.011672166497859966,5.995291200359389,0.0,8.866666666666665,1.7925687193586057,-0.5644657867795733,-0.3771551702045517,0.0,15.148514851485148,0.0,11.599607559394517,0.7908206802281467,0.9963656567688157,Asset Management,Financial Services,CG
2018Q4,2018,Q4,2019-02-13,2018-12-31,-10100000.0,231400000.0,0.0,-0.15,0.0,0.0,12914200000.0,977600000.0,0.0,0.0,10077900000.0,0.0,-83300000.0,1700061048.0,7213461048.0,9.056851233732873,0.0,0.4948428861253504,6.536927168576105,0.0,9.056851233732873,-0.010331423895253683,7.346849818496111,-42.08071900990099,1.7390149836333877,-5.089108910891089,0.0,0.030234208389438966,0.017918260519428228,0.0,-0.0007820848368462623,-3.7804337291527683,0.0,-2.5,-1.0635518064555605,-0.9030945270172235,-0.4581982596328066,0.0,-1.5771428571428572,0.0,-0.6191965680434022,-0.3603924789258394,0.39554171767199436,Asset Management,Financial Services,CG
2018Q3,2018,Q3,2018-10-31,2018-09-30,17500000.0,463400000.0,0.0,0.1,0.0,0.0,13433700000.0,1044700000.0,0.0,0.0,10354500000.0,0.0,-83800000.0,2432106846.72,7285106846.719999,9.896723095229657,0.0,0.4714263382389066,6.062027376280271,0.0,9.896723095229657,0.01675122044606107,5.248396302805351,34.744383524571425,2.328043310730353,1.6685714285714286,0.0,0.012006051477294203,0.03449533635558335,0.0,0.0013026939711323017,3.8876388214833755,0.0,-0.8214285714285715,2.427672633969215,-0.5009347977545756,-0.3447073173706036,0.0,-0.7478386167146974,0.0,1.1558023237144348,383.6018445903287,0.313057386922145,Asset Management,Financial Services,CG
2018Q2,2018,Q2,2018-08-01,2018-06-30,69400000.0,620800000.0,0.0,0.56,0.0,0.0,13294400000.0,1046300000.0,0.0,0.0,10171100000.0,0.0,-79600000.0,2182506821.7000003,7337406821.700001,10.211280798032432,0.0,0.4834366349741244,6.142597725317787,0.0,10.211280798032432,0.06632896874701329,3.5156359885631447,7.862056274135448,2.085928339577559,0.48559077809798273,0.0,0.015440959755511952,0.04669635335178722,0.0,0.005220243109880852,-4.1698640078333975,0.0,0.8666666666666669,10.265882958591625,-0.6106441903804004,-0.33314571217583255,0.0,0.7481108312342569,0.0,0.5888301671049992,-0.48647805383446635,0.0713036600848127,Asset Management,Financial Services,CG
2018Q1,2018,Q1,2018-05-01,2018-03-31,39700000.0,493000000.0,0.0,0.3,0.0,0.0,12941800000.0,1049400000.0,0.0,0.0,9898800000.0,0.0,-67900000.0,2150638725.55,6884938725.55,10.41769114162597,0.0,0.4758534361526217,5.868496283590623,0.0,10.41769114162597,0.03783114160472651,4.3623503560851935,13.543065022355163,2.0493984424909475,0.9848866498740554,0.0,0.01818064537548055,0.038093619125623944,0.0,0.0030675794711709347,-78.77797529487181,0.0,-0.3877551020408163,-0.49461089261541963,-0.7322286229022574,-0.4357906046573531,0.0,-0.32597623089983024,0.0,-0.32467291154874345,-0.6697976536304092,0.16644835194977925,Asset Management,Financial Services,CG
2017Q4,2017,Q4,2018-02-15,2017-12-31,58900000.0,689500000.0,0.0,0.49,0.0,0.0,12280600000.0,1016600000.0,0.0,0.0,9331600000.0,0.0,-72700000.0,2267713468.1,6767413468.1,10.265908955202011,0.0,0.47859225119293847,5.781428290379697,0.0,10.265908955202011,0.057938225457407046,3.288924536765772,9.625269389219016,2.2306841118433995,1.0373514431239388,0.0,0.026943439221707555,0.05614546520528313,0.0,0.0047961825969415174,-3.863883912250809,0.0,0.13953488372093023,1.146234598532053,-0.7866139676568089,-0.584131360875536,0.0,0.32062780269058294,0.0,1.4390544691505003,1.358853634473895,-0.03557377869476585,Asset Management,Financial Services,CG
2017Q3,2017,Q3,2017-10-31,2017-09-30,44600000.0,402300000.0,0.0,0.43,0.0,0.0,11686600000.0,978600000.0,0.0,0.0,8914800000.0,0.0,-69400000.0,2246675207.2000003,6005975207.200001,10.279616709165063,0.0,0.4544007666900553,5.4265276926221135,0.0,10.279616709165063,0.04557531166973227,5.58457670196371,12.593470892376683,2.2958054436950746,0.9035874439461884,0.0,0.017937617271445893,0.03442404120959047,0.0,0.0038163366590796294,11.862065507919748,0.0,-0.2711864406779661,0.08901149292656807,-0.7871761566858174,0.0,0.0,-0.22569444444444445,0.0,0.22610924334419633,-0.4634892613754893,-0.0018487820903431403,Asset Management,Financial Services,CG
2017Q2,2017,Q2,2017-08-02,2017-06-30,57600000.0,578600000.0,0.0,0.59,0.0,0.0,10856400000.0,510600000.0,0.0,0.0,8734600000.0,0.0,-92400000.0,1753826524.25,5778726524.25,5.749913039040412,0.0,0.4818263881212925,10.244614179396788,0.0,5.749913039040412,0.1128084606345476,3.0311554169547184,7.612094289279514,3.4348345559146103,0.15625,0.0,0.005131636382252075,0.05329575181459784,0.0,0.005305626174422461,-11.329628709625323,0.0,-0.3444444444444445,3.529077153337538,0.05342508872669278,0.0,0.0,-0.3060240963855422,0.0,1.1667462075346173,-0.5690265043284516,-0.5214738786022047,Asset Management,Financial Services,CG
2017Q1,2017,Q1,2017-04-14,2017-03-31,83000000.0,640300000.0,0.0,0.9,0.0,0.0,10375200000.0,402400000.0,0.0,0.0,8597200000.0,0.0,-96100000.0,1361133667.3,5172433667.3,4.715392877417807,0.0,0.4816292697972087,12.417992047713717,0.0,4.715392877417807,0.2062624254473161,2.1257748981727316,4.099800202710843,3.382538934642147,0.1650602409638554,0.0,0.01006513932402824,0.06171447297401496,0.0,0.007999845786105329,2.662624544796557,0.0,6.625,-0.5293082498041828,1.0566279948594832,-0.3695832757403748,0.0,10.325842696629213,0.0,1.0757444245635697,-0.5698091365459815,-0.7044355489503608,Asset Management,Financial Services,CG
2016Q4,2016,Q4,2017-01-12,2016-12-31,-8900000.0,403800000.0,0.0,-0.16,0.0,0.0,9973000000.0,307900000.0,0.0,0.0,8519000000.0,0.0,-95200000.0,1290983366.75,5069483366.75,3.637130516887041,0.0,0.5225007520304823,16.92400129912309,0.0,3.637130516887041,-0.02890548879506333,3.197086098935116,-36.26357771769663,4.192865757551153,-4.764044943820225,0.0,0.03284318070397788,0.04048932116715131,0.0,-0.0008924095056652964,-2.932720051681054,0.0,-7.000000000000001,-1.0200947895800185,0.7461594251041853,0.38802637221720016,0.0,-12.125,0.0,-1.0714051750827462,-0.7843822939580029,-0.7824184594473211,Asset Management,Financial Services,CG
2016Q3,2016,Q3,2016-11-03,2016-09-30,800000.0,371200000.0,0.0,-0.02,0.0,0.0,9503600000.0,352700000.0,0.0,0.0,7925400000.0,0.0,-86000000.0,1301690971.71,4722390971.71,4.218773210653753,0.0,0.488036112631003,13.150269350722994,0.0,4.218773210653753,0.0022682166146867026,3.506710591891164,406.77842865937504,3.690646361525376,66.875,0.0,0.041100384932161234,0.039058882949619095,0.0,8.417862704659286e-05,2.519727006794425,0.0,-1.2857142857142858,1.0083298695217409,23.684526819448337,1.081698983380437,0.0,-0.8688524590163934,0.0,-0.8021517692556666,-0.4952339664108233,-0.7206619617409658,Asset Management,Financial Services,CG
2016Q2,2016,Q2,2016-08-03,2016-06-30,6100000.0,418800000.0,0.0,0.07,0.0,0.0,9586400000.0,387300000.0,0.0,0.0,7805700000.0,0.0,-89500000.0,1325721825.45,4774821825.45,4.741476589831608,0.0,0.48627221897688394,12.036147689129873,0.0,4.741476589831608,0.015750064549444876,3.165524893624642,54.332861698770486,3.422984315646785,3.5081967213114753,0.0,0.016142149574052637,0.043686889760494035,0.0,0.0006363181173328883,-3.1723422480258434,0.0,6.0,-0.9388226466628147,1.0656331565291408,1.3883864708084777,0.0,-0.27380952380952384,0.0,2.0216433082937746,-0.6705088576409013,-0.6903548088545006,Asset Management,Financial Services,CG
2016Q1,2016,Q1,2016-05-04,2016-03-31,8400000.0,343100000.0,0.0,0.01,0.0,0.0,8775900000.0,402600000.0,0.0,0.0,7049800000.0,0.0,-85700000.0,1365339812.8,4121839812.8,4.977433409828713,0.0,0.43391560979500676,9.458519622454048,0.0,4.977433409828713,0.020864381520119227,3.9794223631594288,40.635113476190476,3.3913060427223045,2.8095238095238093,0.0,0.01728507422016926,0.03909570528378856,0.0,0.000957166786312515,88.08643953548386,0.0,1.25,-0.9647147392216718,-0.019483263164338037,0.0,0.0,2.8260869565217392,0.0,-0.8668270785773668,-0.7679191955351036,-0.7304283015939527,Asset Management,Financial Services,CG
2015Q4,2015,Q4,2016-02-24,2015-12-31,-4600000.0,266800000.0,0.0,-0.04,0.0,0.0,32191000000.0,516600000.0,0.0,0.0,26113400000.0,0.0,-90100000.0,1243371821.78,16924371821.78,6.489846286244507,0.0,0.5680221179832873,35.39527680991095,0.0,6.489846286244507,-0.008904374758033295,4.660314174587706,-67.57455553152174,2.406836666240805,-9.782608695652174,0.0,0.03619190913911689,0.008288030816066603,0.0,-0.0001428970830356311,-2.250854130666184,0.0,0.9639639639639639,-1.0070950579178146,-0.3381789233938331,1.1860157015060315,0.0,0.9451728247914184,0.0,-1.208522265308777,-0.8972811262970423,-0.737098433761207,Asset Management,Financial Services,CG
2015Q3,2015,Q3,2015-11-05,2015-09-30,-83900000.0,900000.0,0.0,-1.11,0.0,0.0,32796700000.0,594300000.0,0.0,0.0,26099200000.0,0.0,-73700000.0,1324668777.6000001,16805768777.6,7.5371596045988065,0.0,0.5463903380523041,30.15278478882719,0.0,7.5371596045988065,-0.14117449099781254,1471.8541973333336,-3.947165606674613,2.2289563816254416,-0.8510131108462455,0.0,0.05390026639667664,2.7441785301569975e-05,0.0,-0.0025581842075574675,1.1621940494823655,0.0,-4.264705882352941,-2.2144102220499304,-0.9929686101529154,0.0,0.0,-3.741830065359477,0.0,-3.4733742587194207,-0.9994251652292755,0.0,Asset Management,Financial Services,CG
2015Q2,2015,Q2,2015-08-05,2015-06-30,30600000.0,846900000.0,0.0,0.34,0.0,0.0,34401900000.0,684200000.0,0.0,0.0,26663000000.0,0.0,-67800000.0,2020662765.1499999,17711462765.15,9.53163998079128,0.0,0.5228054264444696,26.286904413914062,0.0,9.53163998079128,0.044723764980999704,2.385952019305703,16.508682721813724,2.9533217847851505,0.7745098039215687,0.0,0.011728825021547163,0.02461782634098698,0.0,0.0008894857551472447,1.1254039349206348,0.0,-0.37037037037037035,-0.6507787015494948,3.7533205482559833,3.801297558562357,0.0,-0.22531645569620254,0.0,2.6621304882378984,0.9074864226518173,0.0,Asset Management,Financial Services,CG
2015Q1,2015,Q1,2015-05-07,2015-03-31,39500000.0,1003200000.0,0.0,0.54,0.0,0.0,35013200000.0,604500000.0,0.0,0.0,26854800000.0,0.0,-50400000.0,1834254665.4,17212054665.4,8.931120802916181,0.0,0.5095021306250214,29.510835401157983,0.0,8.931120802916181,0.065343258891646,1.8284037733253589,11.609206743037975,3.0343336069478912,2.8075949367088606,0.0,0.06046052497067837,0.028652051226394616,0.0,0.0011281459563821645,1.2584074268660812,0.0,1.347826086956522,-0.801715342479431,2.4260980456218517,0.0,0.0,1.4233128834355828,0.0,-0.7175735695010584,3.062650963630989,0.1940315615068393,Asset Management,Financial Services,CG
2014Q4,2014,Q4,2015-02-26,2014-12-31,16300000.0,197300000.0,0.0,0.23,0.0,0.0,35994300000.0,711500000.0,0.0,0.0,26899800000.0,0.0,-39000000.0,1838142597.5,16390342597.5,10.64457677364718,0.0,0.4818901881686823,24.378496134926213,0.0,10.64457677364718,0.022909346451159524,9.316485542321338,28.192371127300614,2.5834751897399864,0.6625766871165644,0.0,0.005875496283416063,0.005481423447601426,0.0,0.00045284947894527744,16.011695100174215,0.0,-0.3428571428571428,-0.9700594893443267,-0.4171519614461362,2.5854796765216443,0.0,-0.35826771653543305,0.0,-0.9533893286817304,0.08056018304149232,3.062255455038935,Asset Management,Financial Services,CG
2014Q3,2014,Q3,2014-11-06,2014-09-30,25400000.0,523600000.0,0.0,0.35,0.0,0.0,37666300000.0,684600000.0,0.0,0.0,27769400000.0,0.0,-20300000.0,2024819026.94,16437019026.94,10.298656681191844,0.0,0.47067803314899526,25.896435874963483,0.0,10.298656681191844,0.03710195734735612,3.8671104410618793,19.929321131299215,2.957667290300906,0.4251968503937008,0.0,0.00533381001279974,0.01390102027541861,0.0,0.000674342847585242,4.6892520308939325,0.0,0.2962962962962961,-0.5639072424275259,3.852214711201235,0.0,0.0,0.30256410256410254,0.0,1.3326173462559636,41.242445163536416,4.081738712401419,Asset Management,Financial Services,CG
2014Q2,2014,Q2,2014-08-07,2014-06-30,19500000.0,984800000.0,0.0,0.27,0.0,0.0,37512900000.0,782700000.0,0.0,0.0,27475400000.0,0.0,-11900000.0,2212113410.28,16107913410.28,12.015881227642643,0.0,0.46472280202277083,22.27302925769771,0.0,12.015881227642643,0.02491376006132618,2.2462565092201463,28.360428336923075,2.8262596272901495,0.5487179487179488,0.0,0.004837003360802211,0.02625230254125914,0.0,0.0005198211815135593,2.0420136714483523,0.0,-0.34146341463414626,-0.7547609414379778,5.09100200330284,5.052664737497411,0.0,-0.2073170731707317,0.0,-0.7547609414379778,5.09100200330284,5.052664737497411,Asset Management,Financial Services,CG
2014Q1,2014,Q1,2014-05-08,2014-03-31,24600000.0,915700000.0,0.0,0.41,0.0,0.0,36348500000.0,837600000.0,0.0,0.0,26432200000.0,0.0,-14600000.0,1844899617.68,15613999617.68,15.953856631513073,0.0,0.4664071419728462,20.24021012416428,0.0,15.953856631513073,0.029369627507163324,2.0147424021841216,18.748979854471546,2.2026022178605538,2.861788617886179,0.0,0.038159257731610066,0.0251922362683467,0.0,0.0006767817103869486,1.8709051999594362,0.0,-0.6495726495726496,-0.8407987472766861,3.031668687177131,0.0,0.0,-0.6549789621318373,0.0,-0.8407987472766861,3.031668687177131,0.0,Asset Management,Financial Services,CG
2013Q4,2013,Q4,2014-02-27,2013-12-31,71300000.0,1071300000.0,0.0,1.17,0.0,0.0,35622300000.0,809500000.0,0.0,0.0,25244900000.0,0.0,-11200000.0,1724939747.9599998,15639039747.96,16.71617228027877,0.0,0.45711253905559157,20.11537986411365,0.0,16.71617228027877,0.08807906114885732,1.6101369812004105,6.048175834361851,2.1308705966151944,0.11079943899018233,0.0,0.004579870113923072,0.03007385822925527,0.0,0.0020015552055875113,4.0396715408899295,0.0,28.249999999999996,-0.8192294747966311,3.3682335493882647,4.63061333998328,0.0,30.0,0.0,-0.8192294747966311,3.3682335493882647,4.63061333998328,Asset Management,Financial Services,CG
2013Q3,2013,Q3,2013-11-12,2013-09-30,2300000.0,418300000.0,0.0,0.04,0.0,0.0,33905300000.0,718200000.0,0.0,0.0,24347300000.0,0.0,-11500000.0,1223095207.12,14990095207.119999,15.102752338876323,0.0,0.47537110717203507,22.4416597048176,0.0,15.102752338876323,0.0032024505708716233,2.9239665482189814,132.94513120869564,1.703000845335561,3.4347826086956523,0.0,0.006459022939515875,0.012337304197278891,0.0,6.783600204097884e-05,1.0421738301976822,0.0,1.5714285714285714,-0.9447998818023526,4.4187017909787665,0.0,0.0,1.696969696969697,0.0,-0.9447998818023526,4.4187017909787665,0.0,Asset Management,Financial Services,CG
2013Q2,2013,Q2,2013-08-12,2013-06-30,-3300000.0,702500000.0,0.0,-0.07,0.0,0.0,33787200000.0,691300000.0,0.0,0.0,23919100000.0,0.0,-12100000.0,1138125441.53,14302725441.53,15.312611742139516,0.0,0.47186508500260455,23.062346304064807,0.0,15.312611742139516,-0.004773614928395776,1.6201073900782919,-86.22162435833333,1.6463553327498917,-2.212121212121212,0.0,0.006414055721473456,0.02079189752332244,0.0,-9.767012359710186e-05,-13.358279830164319,0.0,-1.106060606060606,-1.059881323393931,5.2691614158109665,6.713300703856879,0.0,-1.0976331360946745,0.0,-1.059881323393931,5.2691614158109665,6.713300703856879,Asset Management,Financial Services,CG
2013Q1,2013,Q1,2013-05-14,2013-03-31,33800000.0,792200000.0,0.0,0.66,0.0,0.0,32651500000.0,800300000.0,0.0,0.0,22592900000.0,0.0,-5300000.0,1315034751.12,13807334751.119999,18.46422840105181,0.0,0.4666217478523192,19.037735849056602,0.0,18.46422840105181,0.04223416218917906,1.6599782266094418,9.726588395857988,1.6431772474322128,1.0887573964497042,0.0,0.027984051348192786,0.024262285040503498,0.0,0.0010351744942805078,0.9072959508210293,0.0,1.6400000000000001,-0.7350417757499812,3.2248937351644296,0.0,0.0,1.8166666666666667,0.0,-0.7350417757499812,3.2248937351644296,0.0,Asset Management,Financial Services,CG
2012Q4,2012,Q4,2013-03-14,2012-12-31,12000000.0,1412900000.0,0.0,0.25,0.0,0.0,31566600000.0,1068900000.0,0.0,0.0,20871200000.0,0.0,-4800000.0,1127119615.76,13456419615.76,24.685460718593784,0.0,0.4607084703452383,13.605575825615118,0.0,24.685460718593784,0.011226494527083918,0.797734882695166,23.481658661666668,1.0544668498082141,38.266666666666666,0.0,0.4074101750863135,0.04475933423301844,0.0,0.00038014863811750395,108.37688613076924,0.0,-0.37500000000000006,-0.965974578746743,5.443032840488696,7.314958837181203,-1.0,-0.3548387096774194,-1.0,-0.965974578746743,5.443032840488696,7.314958837181203,Asset Management,Financial Services,CG
2012Q3,2012,Q3,2012-11-13,2012-09-30,18600000.0,858500000.0,163900000.0,0.4,464900000.0,0.5415259172976121,30044000000.0,0.0,5300700000.0,15314900000.0,16613300000.0,0.0,0.0,1129306976.32,12479306976.32,0.0,0.34611391520675944,0.4508154706430568,0.0,0.011990565583115103,0.0,0.0,1.315442022504368,15.178857208602151,0.0,0.0,0.0,0.0,0.028574757023032884,0.20127457573996566,0.0006190919984023432,0.9935834737990498,0.5415259172976121,2.5384615384615383,-0.5090066868090208,11.232019016911583,0.0,5.650929899856939,2.8058252427184467,1.8203203203203204,-0.5090066868090208,11.232019016911583,0.0,Asset Management,Financial Services,CG
2012Q2,2012,Q2,2012-08-14,2012-06-30,-10300000.0,248400000.0,-199800000.0,-0.26,69900000.0,0.28140096618357485,29580500000.0,0.0,5227300000.0,14732800000.0,16311200000.0,0.0,0.0,900794295.35,13516294295.35,0.0,0.35480696133796696,0.4416761041902605,0.0,-0.014421711966764778,0.0,0.0,3.6263860521336553,-21.86393920752427,0.0,0.0,0.0,0.0,0.008397423978634574,0.09796508470894874,-0.00034820236304322107,2.1601781663069546,0.28140096618357485,-1.125826462079292,-1.2101046223035898,1.4919289027744917,-1.0,-0.923664955771541,-1.0163699936427208,-1.2411296162201304,-1.2101046223035898,1.4919289027744917,-1.0,Asset Management,Financial Services,CG
2012Q1,2012,Q1,2012-05-22,2012-03-31,629200000.0,1110900000.0,828600000.0,2.066338,915700000.0,0.8242866144567468,29183000000.0,2277600000.0,28419200000.0,15477000000.0,17103200000.0,0.0,0.0,6714225000.0,18317925000.0,7.479802955665025,1.8362214899528333,0.46474659904739063,5.95482086406744,0.05190317192969644,7.479802955665025,0.2762557077625571,6.043950850661625,2.667762635092181,2.9479386195995785,0.31643356643356646,0.0,0.029653459632347737,0.03806668265771168,1.667597079537378,0.02156049754994346,15.552988186240444,0.8242866144567468,-0.6050468137593371,-0.297924570408391,-0.15668412662263714,0.0,0.3356184364060677,-0.6050467641704852,1.1828240252897788,-0.297924570408391,-0.15668412662263714,0.0,Asset Management,Financial Services,CG
2011Q4,2011,Q4,2011-12-31,2011-12-31,1593100000.0,831800000.0,379600000.0,5.231855500821018,685600000.0,0.8242365953354172,24651700000.0,797900000.0,23915900000.0,12719000000.0,13561100000.0,0.0,0.0,6714225000.0,16451325000.0,2.620361247947455,1.8803286421888514,0.43864317673831826,13.552199523749843,0.03256407857905128,2.620361247947455,1.9966161173079333,8.071922337100265,1.0536414851547298,8.414870284496804,0.0,0.0,0.0,0.033742094865668495,1.8713813979086407,0.06462434639396065,9.750544583212315,0.8242365953354172,5.554318627278109,-0.3576468690778597,-0.4606056675961351,-0.11736725663716809,10.340599455040872,5.55431675242996,2.4132539091586,-0.3576468690778597,-0.4606056675961351,-0.11736725663716809,Asset Management,Financial Services,CG
2011Q3,2011,Q3,2011-09-30,2011-09-30,-349800000.0,-59600000.0,-268600000.0,-1.148768,-73400000.0,-1.2315436241610738,25440300000.0,617100000.0,24698400000.0,13202900000.0,14056100000.0,0.0,0.0,6714225000.0,16642625000.0,2.026600985221675,1.8706799263798104,0.44493579085152296,18.342732134175986,-0.022971401204159823,2.026600985221675,-0.5668449197860963,-112.65478187919463,-4.7986170668953685,10.880286825473991,0.0,0.0,0.0,-0.002342739668950445,1.8611744389490188,-0.013749837855685664,10.260123777506113,1.2315436241610738,-1.9410808641014505,-2.311094452773613,-1.120574549868501,0.0,-1.1197194584896428,-1.9410815173527038,-1.6469171483622351,-2.311094452773613,-1.120574549868501,0.0,Asset Management,Financial Services,CG
2011Q2,2011,Q2,2011-06-30,2011-06-30,371700000.0,755800000.0,415200000.0,1.22069,613100000.0,0.8111934374173062,17690200000.0,604500000.0,17162700000.0,13444300000.0,14468600000.0,0.0,0.0,6714225000.0,17088525000.0,1.9852216748768472,1.2765781781126575,0.6511684435450136,19.055913978494623,0.0335235467883138,1.9852216748768472,0.6148883374689826,8.883600158772161,4.515889830508475,11.107071960297768,0.0,0.0,0.0,0.042724220189709554,1.2668937765447066,0.021011633559824085,12.73804780876494,0.8111934374173062,-0.5852487746272237,0.0,0.0,0.0,-0.4631818579809124,-0.5852488283865208,-0.608375778155065,0.0,0.0,0.0,Asset Management,Financial Services,CG
2011Q1,2011,Q1,2011-03-31,2011-03-31,896200000.0,1317300000.0,1060200000.0,2.943186,1142100000.0,0.8670006832156684,,,,,,,,6714225000.0,,,0.0,0.0,0.0,0.0,,0.0,5.096959690275564,1.8729705980807856,0.0,0.6027672394554787,0.0,0.08045604667701782,0.0,0.0,0.0,8.769886363636363,0.8670006832156684,-0.6386435478408129,0.0,0.0,0.0,-0.1693818181818182,-0.6386436030805209,0.047731989327008596,0.0,0.0,0.0,Asset Management,Financial Services,CG
2010Q4,2010,Q4,2010-12-31,2010-12-31,2480100000.0,1542100000.0,1011900000.0,8.144827586206896,1375000000.0,0.8916412684002335,17062600000.0,904000000.0,16522700000.0,13229700000.0,14864000000.0,0.0,0.0,6714225000.0,16892825000.0,2.9688013136288998,1.2489096502566195,0.6754539167536014,12.748893805309734,0.08061786901014768,2.9688013136288998,2.7434734513274335,4.353949160236041,0.6768099068585945,7.427240044247788,0.0,0.0,0.0,0.09037895748596345,1.237420349667793,0.14535299426816545,19.805973451327432,0.8916412684002335,8.295727136431783,0.0,0.0,0.0,2.5603314344899015,8.295727136431784,2.306862745098039,0.0,0.0,0.0,Asset Management,Financial Services,CG
2010Q3,2010,Q3,2010-09-30,2010-09-30,266800000.0,494300000.0,306000000.0,0.8761904761904762,386200000.0,0.7813068986445478,,,,,,,,6714225000.0,,,0.0,0.0,0.0,0.0,,0.0,13.583299615618046,6.291440217391305,0.0,0.0,0.0,0.0,0.0,0.0,0.0,3.2621829754154117,0.7813068986445478,0.0,0.0,0.0,0.0,0.0,0.0,0.0,0.0,0.0,0.0,Asset Management,Financial Services,CG
