Quarters,Year,Quarter,FillingDate,Date,NetIncome,Revenue,OperatingIncome,EPSDiluted,GrossProfit,GrossProfitRatio,TotalAssets,CommonStockEquity,CurrentAssets,CurrentLiability,TotalLiability,Inventory,RetainedEarnings,MarketCap,EnterpriseValue,bookValuePerShare,currentRatio,debtToAssets,debtToEquity,roic,shareholdersEquityPerShare,roe,priceToSalesRatio,peRatio,pbRatio,payoutRatio,inventoryTurnover,dividendYield,assetTurnover,quickRatio,returnOnAssets,priceToFreeCashFlowsRatio,grossProfitMargin,epsdilutedGrowth,fiveYNetIncomeGrowthPerShare,fiveYRevenueGrowthPerShare,fiveYShareholdersEquityGrowthPerShare,grossProfitGrowth,netIncomeGrowth,operatingIncomeGrowth,threeYNetIncomeGrowthPerShare,threeYRevenueGrowthPerShare,threeYShareholdersEquityGrowthPerShare,Industry,Sector,Symbol
2023Q1,2023,Q1,2023-04-03,2023-03-31,-10784000.0,0.0,-14766000.0,-0.13,0.0,0.0,1101304000.0,730624000.0,51492000.0,54603000.0,370680000.0,0.0,-168161000.0,1428095583.9375644,1674359583.9375644,8.9586825180683,0.9430251085105213,0.2577217553009886,0.3884761518920813,-0.010988220569527312,8.9586825180683,-0.014759985984583042,0.0,-33.1068152804517,1.954624518134587,0.0,0.0,0.0,0.0,0.9430251085105213,-0.009792028359108838,-28.29592993734029,0.0,0.59375,0.2829010490177259,0.0,0.46820795492788647,0.0,0.5728601417990257,0.5065499264804171,-1.6376037886072055,0.0,0.3563876037018983,Gold,Basic Materials,SA
2022Q4,2022,Q4,2022-12-31,2022-12-31,-25247000.0,0.0,-29924000.0,-0.32,0.0,0.0,1095619000.0,740533000.0,140387000.0,51993000.0,355086000.0,0.0,-157377000.0,1363466770.154244,1582483770.154244,9.249856802234547,2.7001134768141863,0.2420248279739581,0.35807587237840854,-0.024362408698922852,9.249856802234547,-0.034093011385042934,0.0,-13.501275103519665,1.8411965032675706,0.0,0.0,0.0,0.0,2.7001134768141863,-0.023043594534231333,-15.311765361598301,0.0,-6.333333333333334,-2.5071453912652215,0.0,0.505859354878652,0.0,-6.004360753221011,-4.759768815177786,-5.791617909447684,0.0,0.421741924670587,Gold,Basic Materials,SA
2022Q3,2022,Q3,2022-09-12,2022-09-30,5045000.0,0.0,7959000.0,0.06,0.0,0.0,1097763000.0,766591000.0,217217000.0,62885000.0,331172000.0,0.0,-132130000.0,1303118114.7057395,1459270114.7057395,9.548652944653671,3.4541941639500675,0.20251730109322322,0.2900060136369981,0.0032110020840819295,9.548652944653671,0.006581084307016388,0.0,64.57473313705349,1.6998870515121354,0.0,0.0,0.0,0.0,3.3406058678540194,0.00459570963860141,-20.096821731373794,0.0,-0.75,3.3512786261763314,0.0,0.5401700001617274,0.0,-0.735697820620285,-0.7230399832967951,2.559608767066622,0.0,0.4496407857389654,Gold,Basic Materials,SA
2022Q2,2022,Q2,2022-06-30,2022-06-30,19088000.0,0.0,28737000.0,0.24,0.0,0.0,1073514000.0,759761000.0,283383000.0,38622000.0,313753000.0,0.0,-137176000.0,1273663881.5978308,1358341881.5978308,9.479835866894826,7.33734659002641,0.22143446662083588,0.3128786552613256,0.020515608031482554,9.479835866894826,0.02512369021310649,0.0,16.681473721681567,1.6764007123264169,0.0,0.0,0.0,0.0,7.178110921236601,0.017780858004646422,-59.0123653615267,0.0,4.026481715006305,8.831356549042722,0.0,0.507932325591025,0.0,4.03900652762299,7.4825174825174825,8.232822842361012,0.0,0.5015052312065434,Gold,Basic Materials,SA
2022Q1,2022,Q1,2022-03-31,2022-03-31,-6281000.0,0.0,-4433000.0,-0.0793,0.0,0.0,1034597000.0,712956000.0,308381000.0,14191000.0,321641000.0,0.0,-156264000.0,1832573692.9722602,1818160692.9722602,8.996767475210925,21.730744838277783,0.27200059540091454,0.39471019249434747,-0.0036450961627562876,8.996767475210925,-0.008809800324283686,0.0,-72.94115956743592,2.5703882048433004,0.0,0.0,0.0,0.0,21.18976816292016,-0.006070962896664112,-92.97684895851143,0.0,0.7062962962962964,-1.6419908195913808,0.0,0.7577473838410884,0.0,0.2650362742803651,0.4997743173098623,-0.19398749832960335,0.0,0.42088180104155615,Gold,Basic Materials,SA
2021Q4,2021,Q4,2021-12-31,2021-12-31,-8546000.0,0.0,-8862000.0,-0.27,0.0,0.0,747742000.0,702333000.0,54159000.0,17301000.0,45409000.0,0.0,-149983000.0,660328515.6675999,649077515.6675999,22.3523439737755,3.1303970868735913,0.000363761832289747,0.0003872806773994672,-0.01204039663827128,22.3523439737755,-0.012168017165646495,0.0,-19.31688847611748,0.9401929222571058,0.0,0.0,0.0,0.0,2.66527946361482,-0.011429075804221242,-17.559593555846295,0.0,-26.0,-5.389558140080726,0.0,3.3815737931319685,0.0,-9.396593673965937,-3.821545157780196,-3.1561952817665606,0.0,2.5609828516706674,Gold,Basic Materials,SA
2021Q3,2021,Q3,2021-09-30,2021-09-30,-822000.0,0.0,-1838000.0,-0.01,0.0,0.0,733425000.0,685244000.0,64016000.0,22420000.0,48181000.0,0.0,-141437000.0,1501482881.7759376,1491184881.7759376,8.886217488916445,2.8553077609277433,0.0003967685857449637,0.0004246662502699768,-0.0036472576221377798,8.886217488916445,-0.001199572706948182,0.0,-456.6553776690808,2.1911653101317743,0.0,0.0,0.0,0.0,2.7447368421052634,-0.0011207689947847427,-59.15075960352732,0.0,-1.0526315789473684,-0.9233112308702311,0.0,0.5357128329277959,0.0,-1.0565026120428924,0.06747843734145104,0.7762432459312628,0.0,0.44539805942235194,Gold,Basic Materials,SA
2021Q2,2021,Q2,2021-06-30,2021-06-30,14548000.0,0.0,-1971000.0,0.19,0.0,0.0,716307000.0,672520000.0,80659000.0,16716000.0,43787000.0,0.0,-140615000.0,1653352654.45896,1600444654.45896,8.879067970894528,4.825257238573822,0.00043417138182371524,0.00046243977874263964,-0.0021591268348309742,8.879067970894528,0.021632070421697496,0.0,28.412026643850705,2.4584438447316956,0.0,0.0,0.0,0.0,4.7226609236659485,0.02030972753302704,-154.21627221891242,0.0,4.166666666666667,6.291983623600903,0.0,0.5100210945659893,0.0,4.3950991831972,0.5871386677838291,5.7153028197966815,0.0,0.4254527852541356,Gold,Basic Materials,SA
2021Q1,2021,Q1,2021-03-31,2021-03-31,-4285000.0,0.0,-4774000.0,-0.06,0.0,0.0,655911000.0,623293000.0,43384000.0,10139000.0,32618000.0,0.0,-155163000.0,1509053573.5104063,1495659573.5104063,8.379206520157918,4.27892297070717,0.0005031170387445857,0.0005294460229779574,-0.0070491219550634305,8.379206520157918,-0.006874776389274386,0.0,-88.04279892126057,2.4210982210780583,0.0,0.0,0.0,0.0,3.892198441660913,-0.006532898518244091,-128.9568939933692,0.0,0.6820819742353592,-0.21403075149532497,0.0,0.5562094833200779,0.0,0.6613451355409784,0.6291174642635177,0.6876004013813135,0.0,0.3732396079521027,Gold,Basic Materials,SA
2020Q4,2020,Q4,2020-12-31,2020-12-31,-12653000.0,0.0,-12872000.0,-0.18872789567590875,0.0,0.0,647817000.0,614718000.0,46229000.0,10194000.0,33099000.0,0.0,-150878000.0,1801175263.1600637,1783895263.1600637,9.168927098245735,4.534922503433392,0.0003828241617617321,0.000403437023155333,-0.01954926887543964,9.168927098245735,-0.020583421991872696,0.0,-35.587909253933134,2.930083815928708,0.0,0.0,0.0,0.0,4.321365509123013,-0.019531750478916112,0.0,0.0,-3.6961127953701247,-3.1467348909856296,0.0,0.69536012583621,0.0,-3.542294554952783,-4.581524763494714,-1.0988891128557865,0.0,0.49268415071660787,Gold,Basic Materials,SA
2020Q3,2020,Q3,2020-09-30,2020-09-30,4977000.0,0.0,3594000.0,0.07,0.0,0.0,513281000.0,474867000.0,51596000.0,11714000.0,38414000.0,0.0,-138225000.0,1674424049.8599432,1652916049.8599432,7.082956582307102,4.4046440157077,0.0004968038949425364,0.0005369924631528406,0.007868609197287461,7.082956582307102,0.010480829369065444,0.0,84.10809975185569,3.5260905682221404,0.0,0.0,0.0,0.0,4.137954584258153,0.009696443078937269,-183.9824249928517,0.0,2.166666666666667,2.420935941836467,0.0,0.32882736175516547,0.0,2.2234513274336285,2.0617429837518464,3.7776323597844845,0.0,0.14246033485020596,Gold,Basic Materials,SA
2020Q2,2020,Q2,2020-07-09,2020-06-30,-4068000.0,0.0,-3385000.0,-0.06,0.0,0.0,496913000.0,459628000.0,50244000.0,9947000.0,37285000.0,0.0,-143202000.0,1562656185.128666,1544169185.128666,7.017902485589326,5.051171207399216,0.0005252428493518986,0.0005678505225965346,-0.008822351304640201,7.017902485589326,-0.008850635731504608,0.0,-96.03344303888065,3.3998280895173183,0.0,0.0,0.0,0.0,4.542877249421936,-0.00818654372093304,-165.168183609414,0.0,-0.1999999999999999,-0.9633793069622588,0.0,0.3051328965379679,0.0,-0.27204502814258913,0.12464442720455134,-1.0423705778545325,0.0,0.11631911822668647,Gold,Basic Materials,SA
2020Q1,2020,Q1,2020-04-02,2020-03-31,-3198000.0,0.0,-3867000.0,-0.05,0.0,0.0,454540000.0,421326000.0,19489000.0,6033000.0,33214000.0,0.0,-139178000.0,845435245.332282,838930245.332282,6.604810080553645,3.230399469583955,0.0005896070752849034,0.0006360870205019391,-0.008165593868245261,6.604810080553645,-0.007590321983452244,0.0,-66.09093537619465,2.006605918771407,0.0,0.0,0.0,0.0,2.9035305818000996,-0.007035684428213139,-101.52939177762482,0.0,-0.0768194125590818,0.015582728928230833,0.0,0.24119407292023923,0.0,-0.07967589466576637,0.02397778899545684,-0.6710878292384701,0.0,0.29041766077079106,Gold,Basic Materials,SA
2019Q4,2019,Q4,2020-01-23,2019-12-31,-2962000.0,0.0,-3962000.0,-0.046433041062265076,0.0,0.0,449372000.0,415023000.0,19213000.0,6690000.0,34349000.0,0.0,-135936000.0,1151407616.3718746,1142888616.3718746,6.50600270114262,2.871898355754858,0.0006097398146747016,0.0006602043742154049,-0.00867301097225707,6.50600270114262,-0.00713695385556945,0.0,-97.18160165191378,2.774322426400162,0.0,0.0,0.0,0.0,2.713153961136024,-0.0065914209163009715,-86.35125366520734,0.0,-0.1608260265566269,0.4320942383577891,0.0,0.2164006589198227,0.0,-0.1726049089469517,-0.6598240469208211,-0.0908249643402225,0.0,0.27532624617879425,Gold,Basic Materials,SA
2019Q3,2019,Q3,2019-10-11,2019-09-30,-2526000.0,0.0,-2387000.0,-0.04,0.0,0.0,450434000.0,412944000.0,27891000.0,8824000.0,37490000.0,0.0,-132974000.0,1048644194.6683501,1046150194.6683501,6.5869096941737695,3.1608114233907525,0.0006216227016610647,0.0006780580417683754,-0.006244809078486733,6.5869096941737695,-0.006117052191096129,0.0,-103.78505489591747,2.539434389816416,0.0,0.0,0.0,0.0,3.1110607434270174,-0.005607924801413747,-87.94399485645339,0.0,-0.3333333333333334,0.3168611261602555,0.0,0.2103285287726162,0.0,-0.2406679764243615,0.04900398406374502,-6.269925302609054,0.0,0.13834730685987548,Gold,Basic Materials,SA
2019Q2,2019,Q2,2019-07-24,2019-06-30,-2036000.0,0.0,-2510000.0,-0.03,0.0,0.0,426059000.0,390369000.0,17083000.0,6034000.0,35690000.0,0.0,-130449000.0,1068574121.811,1064041121.811,6.3135550045851305,2.8311236327477625,0.000671268533231313,0.0007326401430441454,-0.005622342760353273,6.3135550045851305,-0.005215578081251329,0.0,-131.20998548759823,2.7373436974016894,0.0,0.0,0.0,0.0,2.7025190586675505,-0.004778680886919418,-159.36974225369127,0.0,0.5714285714285715,0.5893152172835212,0.0,0.18405408220659336,1.0,0.5019569471624267,0.43985717473778174,0.09274484851262396,0.0,0.07371643846823134,Gold,Basic Materials,SA
2019Q1,2019,Q1,2019-05-08,2019-03-31,-4088000.0,0.0,-4481000.0,-0.07,-9000.0,0.0,425960000.0,389930000.0,21508000.0,5743000.0,36030000.0,0.0,-128411000.0,935736156.3845931,934134156.3845931,6.331819767566858,3.745080968135121,0.0006855103765611794,0.0007488523581155592,-0.01067552324261999,6.331819767566858,-0.010483933013617828,0.0,-57.224569250525505,2.3997542030225762,0.0,0.0,0.0,0.0,3.6742120842765105,-0.009597145271856513,-152.2512457508287,0.0,-0.06967316129032275,-0.27984173794923106,0.0,0.18218649889973734,0.0,-0.014392059553349877,-0.2902389864670314,-0.399010577551419,0.0,0.17596313508398528,Gold,Basic Materials,SA
2018Q4,2018,Q4,2019-01-28,2018-12-31,-4030000.0,0.0,-3473000.0,-0.06544055000460194,0.0,0.0,423460000.0,386555000.0,24473000.0,6502000.0,36905000.0,0.0,-124323000.0,1109836044.698472,1106908044.698472,6.277015336731738,3.763918794217164,0.0,0.0,-0.00910651397877766,6.277015336731738,-0.010425424583823777,0.0,-68.84838986963227,2.8710947852141926,0.0,0.0,0.0,0.0,3.6988618886496463,-0.00951683748169839,-72.65702420284596,0.0,-0.3088110000920388,-0.25910549260869065,0.0,0.16462934415650365,0.0,-0.42352525609325326,-0.4691201353637902,-0.43786169510081907,0.0,0.16063759664894767,Gold,Basic Materials,SA
2018Q3,2018,Q3,2018-10-30,2018-09-30,-2831000.0,0.0,-2364000.0,-0.05,0.0,0.0,408135000.0,365344000.0,19552000.0,12635000.0,42791000.0,0.0,-120293000.0,979941424.779856,976466424.779856,6.1479378853378215,1.5474475662841314,0.0,0.0,0.03131334739243997,6.1479378853378215,-0.007748861347113953,0.0,-86.53668533909007,2.6822431045257513,0.0,0.0,0.0,0.0,1.413533834586466,-0.006936430347801586,-56.98659134565341,0.0,-0.25000000000000006,-0.06147236633228942,0.0,0.1539880144679035,0.0,-0.17811069496462756,0.17081725710277096,0.08813272424047851,0.0,0.15340931226590335,Gold,Basic Materials,SA
2018Q2,2018,Q2,2018-08-10,2018-06-30,-2403000.0,0.0,-2851000.0,-0.04,0.0,0.0,408319000.0,367462000.0,37027000.0,13211000.0,40857000.0,0.0,-117462000.0,871884672.763104,865921672.763104,6.228945681502549,2.8027401407917645,0.0,0.0,-0.015510796000131532,6.228945681502549,-0.00653945169840691,0.0,-90.70793516053932,2.372720642578291,0.0,0.0,0.0,0.0,2.646279615471955,-0.005885104538363387,-107.56040868037306,0.0,0.7777777777777777,0.8071611366324222,0.0,0.19132723839755825,0.0,0.7749156987635819,0.7436381620357881,-0.28759207031523853,0.0,0.15840907398906484,Gold,Basic Materials,SA
2018Q1,2018,Q1,2018-04-10,2018-03-31,-10676000.0,0.0,-11121000.0,-0.18,0.0,0.0,388058000.0,353276000.0,24414000.0,7576000.0,34782000.0,0.0,-115059000.0,805810913.712,800991913.712,6.101780396979474,3.222544878563886,0.0,0.0,-0.03237732151586337,6.101780396979474,-0.030219997961933445,0.0,-18.869682318096668,2.2809670447808514,0.0,0.0,0.0,0.0,3.119984160506864,-0.02751135139592535,-136.64760280006783,0.0,-1.00182404917403,-1.4152972958432317,0.0,0.12484927296730425,0.0,-1.050710718401844,-1.5553768382352942,-2.620843009451631,0.0,0.14666335150048446,Gold,Basic Materials,SA
2017Q4,2017,Q4,2018-01-08,2017-12-31,-5206000.0,0.0,-4352000.0,-0.08991799257995205,0.0,0.0,382908000.0,355638000.0,23588000.0,6191000.0,27270000.0,0.0,-106651000.0,820100869.0272,816051869.0272,6.142576843094312,3.810046842190276,0.0,0.0,-0.01829074591339469,6.142576843094312,-0.014638480702287158,0.0,-39.382485066615445,2.305998990623049,0.0,0.0,0.0,0.0,3.7523824907123244,-0.01359595516416476,-78.15694930212523,0.0,-1.997266419331735,-0.3681823243612244,0.0,0.12595477516958709,0.0,-2.391530944625407,-0.21870624474936992,-0.0997545044051721,0.0,0.14845241581183488,Gold,Basic Materials,SA
2017Q3,2017,Q3,2017-10-03,2017-09-30,-1535000.0,0.0,-3571000.0,-0.03,0.0,0.0,386281000.0,356079000.0,31076000.0,10900000.0,30202000.0,0.0,-101445000.0,871412796.817574,868028796.817574,6.199739602544526,2.8510091743119266,0.0,0.0,-0.009256773113634237,6.199739602544526,-0.0043108411335686745,0.0,-141.92390827647785,2.447245686540273,0.0,0.0,0.0,0.0,2.8194495412844036,-0.003973791100261209,-94.29853877476182,0.0,0.0,0.781340783724662,0.0,0.23739307806654078,0.0,0.10495626822157435,-0.09104796822487014,0.5468723421787343,0.0,0.1391869723913487,Gold,Basic Materials,SA
2017Q2,2017,Q2,2017-07-10,2017-06-30,-1715000.0,0.0,-3273000.0,-0.03,0.0,0.0,385369000.0,354516000.0,39038000.0,11419000.0,30853000.0,0.0,-99910000.0,791291858.543352,786754858.543352,6.286645432300326,3.418688151326736,0.0,0.0,-0.011995002918191154,6.286645432300326,-0.004837581378555552,0.0,-115.34866742614462,2.2320342623276583,0.0,0.0,0.0,0.0,3.339696996234346,-0.004450280121130657,-122.52893442913472,0.0,0.0,0.4211714278932085,0.0,0.24846479630025814,0.0,0.06335335882031677,0.12626801922050188,0.6207029703168208,0.0,0.17900741849793536,Gold,Basic Materials,SA
2017Q1,2017,Q1,2017-04-07,2017-03-31,-1831000.0,0.0,-3746000.0,-0.03,0.0,0.0,337189000.0,312390000.0,10048000.0,4041000.0,24799000.0,0.0,-98195000.0,895099603.4447501,893073603.4447501,5.118350656025946,2.486513239297204,0.0,0.0,-0.013250628735497151,5.118350656025946,-0.005861263164633951,0.0,-122.21458266585883,2.865327326242037,0.0,0.0,0.0,0.0,2.4172234595397177,-0.005430189003793125,-146.6655093306161,0.0,0.29522710161662824,0.3214692102452737,0.0,0.021258238088507513,0.0,0.2952270977675135,-0.4098607452013549,0.42160471428581364,0.0,-0.04437503524935964,Gold,Basic Materials,SA
2016Q4,2016,Q4,2017-02-14,2016-12-31,-2598000.0,0.0,-2657000.0,-0.04256690356399183,0.0,0.0,337985000.0,311358000.0,13064000.0,5721000.0,26627000.0,0.0,-96364000.0,670429892.8884495,668783892.8884495,5.101441862924314,2.2835168676804756,0.0,0.0,-0.008481352018693164,5.101441862924314,-0.008344092652188157,0.0,-64.5140389615521,2.1532444738482694,0.0,0.0,0.0,0.0,2.215871351162384,-0.007686731659689039,-82.95346360906329,0.0,-6.680298735119054,0.6533973284505974,0.0,0.019729509795414987,0.0,-7.66,-0.15471534115601912,0.18099370990926053,0.0,-0.05348504466717865,Gold,Basic Materials,SA
2016Q3,2016,Q3,2016-10-06,2016-09-30,-300000.0,0.0,-2301000.0,-0.00554234998299607,0.0,0.0,341939000.0,313209000.0,21457000.0,7751000.0,28730000.0,0.0,-93766000.0,785267701.1290584,782528701.1290584,5.786379652747387,2.768287962843504,0.0,0.0,0.001790381524233724,5.786379652747387,-0.0009578268823692806,0.0,-654.389750940882,2.50716837999246,0.0,0.0,0.0,0.0,2.7373242162301636,-0.0008773494687648966,-75.63013590764311,0.0,0.8614412504250983,0.9365795187531412,0.0,0.228730994281601,0.0,0.8435054773082942,0.0017353579175704988,0.8765090083123422,0.0,0.08612235370112536,Gold,Basic Materials,SA
2016Q2,2016,Q2,2016-07-05,2016-06-30,-1917000.0,0.0,-2305000.0,-0.04,0.0,0.0,336333000.0,310570000.0,29509000.0,6319000.0,25763000.0,0.0,-93466000.0,1000752079.9103959,998675079.9103959,5.880095319758796,4.669884475391676,0.0,0.0,-0.01282927145244703,5.880095319758796,-0.006172521492739157,0.0,-130.51018256525768,3.222307627621457,0.0,0.0,0.0,0.0,4.550245291976578,-0.005699708324785257,-151.1253518439136,0.0,0.20000000000000004,0.8148644183571179,0.0,0.21422364671985383,0.0,0.22514147130153597,0.04594370860927152,0.82817527398454,0.0,0.12460728941737638,Gold,Basic Materials,SA
2016Q1,2016,Q1,2016-04-11,2016-03-31,-2474000.0,0.0,-2416000.0,-0.05,0.0,0.0,300070000.0,280739000.0,16221000.0,2505000.0,19331000.0,0.0,-91549000.0,743451127.0459505,742148127.0459505,5.384369270312756,6.475449101796407,0.0,0.0,-0.011679041670126029,5.384369270312756,-0.008812455697284666,0.0,-75.12642755112677,2.6481932579582836,0.0,0.0,0.0,0.0,6.362475049900199,-0.00824474289332489,-178.67126340926472,0.0,-0.09860147492625373,0.37497549784433837,0.0,0.26731359919123554,0.0,-0.042562157606405394,0.2738202584911332,0.3784853432774598,0.0,-0.007403828873133436,Gold,Basic Materials,SA
2015Q4,2015,Q4,2016-03-08,2015-12-31,-2373000.0,0.0,-3327000.0,-0.04551240931417498,0.0,0.0,300527000.0,281984000.0,20134000.0,2373000.0,18543000.0,0.0,-89075000.0,599599859.3618879,598609859.3618879,5.408247462304391,8.484618626211546,0.0,0.0,-0.017176650060987664,5.408247462304391,-0.008415371084884249,0.0,-63.16896959143362,2.1263612806467314,0.0,0.0,0.0,0.0,8.351453855878635,-0.007896129133156089,-93.55591501979839,0.0,0.08975181371650043,-1.3335842693063642,0.0,0.29221705667386105,0.0,0.09737542791936098,-1.000601322910403,0.3074881658709226,0.0,-0.008650243858750841,Gold,Basic Materials,SA
2015Q3,2015,Q3,2015-10-07,2015-09-30,-2629000.0,0.0,-1663000.0,-0.05,0.0,0.0,287769000.0,268226000.0,11210000.0,4084000.0,19543000.0,0.0,-86702000.0,386301578.475904,385421578.475904,5.33023083822692,2.7448579823702253,0.0,0.0,-0.023087518751100107,5.33023083822692,-0.009801436102391268,0.0,-36.734649912124766,1.4402092954296153,0.0,0.0,0.0,0.0,2.6851126346718903,-0.009135799895054714,-46.18622411237494,0.0,-0.6666666666666669,-3.0194293714409417,0.0,0.34252219527395567,0.0,-0.6534591194968553,0.14234141309953585,0.5725669982655752,0.0,0.0638496399125881,Gold,Basic Materials,SA
2015Q2,2015,Q2,2015-07-28,2015-06-30,-1590000.0,0.0,-1939000.0,-0.03,0.0,0.0,289072000.0,270254000.0,19714000.0,5282000.0,18818000.0,0.0,-83807000.0,386342475.5309041,385200475.5309041,5.377155463788562,3.7322983718288527,0.0,0.0,-0.007485448655505124,5.377155463788562,-0.005883354177921511,0.0,-60.74567225328681,1.429553218568103,0.0,0.0,0.0,0.0,3.6811813706929195,-0.005500359771959927,-68.16204578879749,0.0,0.4000000000000001,0.21984776441743964,0.0,0.3531117931469632,0.0,0.35731608730800324,0.2184602982668279,0.3978838214804582,0.0,0.06784920082843068,Gold,Basic Materials,SA
2015Q1,2015,Q1,2015-04-07,2015-03-31,-2474000.0,0.0,-2481000.0,-0.05,0.0,0.0,274577000.0,258511000.0,10456000.0,2354000.0,16066000.0,0.0,-82483000.0,336245331.4113348,335919331.4113348,5.3213354983351415,4.441801189464741,0.0,0.0,-0.00947471958190865,5.3213354983351415,-0.009570192370924255,0.0,-33.97790333582607,1.3007002851380978,0.0,0.0,0.0,0.0,4.331775700934579,-0.00901022299755624,-60.183520925601364,0.0,0.38846805135951656,-27.94102110794086,0.0,0.2633454690713715,0.0,0.3771399798590131,0.2728604923798359,-0.1518332498252403,0.0,0.06175955508430651,Gold,Basic Materials,SA
2014Q4,2014,Q4,2014-12-31,2014-12-31,-3972000.0,0.0,-3412000.0,-0.08176187705508539,0.0,0.0,278356000.0,259834000.0,16282000.0,4743000.0,18522000.0,0.0,-80009000.0,427302064.78089905,427046064.78089905,5.348568872792311,3.4328484081804764,0.0,0.0,-0.019196968170462583,5.348568872792311,-0.015286683036092274,0.0,-26.894641539583276,1.6445194423397211,0.0,0.0,0.0,0.0,3.3845667299177737,-0.014269496615844458,-43.30179010750902,0.0,-0.36269795091808993,-1.4890427881854296,0.0,1.0738702004473308,0.0,-0.4015525758645025,0.035340684195646024,0.3342507289593219,0.0,0.0691278390131556,Gold,Basic Materials,SA
2014Q3,2014,Q3,2014-10-16,2014-09-30,-2834000.0,0.0,-3537000.0,-0.06,0.0,0.0,281759000.0,261495000.0,22792000.0,7847000.0,20264000.0,0.0,-76037000.0,428082813.3679967,427475813.3679967,5.442249387324199,2.904549509366637,0.0,0.0,0.5476126558005753,5.442249387324199,-0.010837683320904798,0.0,-37.763127502469715,1.6370592683148693,0.0,0.0,0.0,0.0,2.8776602523257298,-0.010058241262923278,-34.37035835953406,0.0,0.25000000000000006,-0.950950702990749,0.0,1.0344478516703648,0.0,0.24927152317880794,0.12752836704489393,0.32508282140544564,0.0,0.15565533237008816,Gold,Basic Materials,SA
2014Q2,2014,Q2,2014-07-22,2014-06-30,-3775000.0,0.0,-4054000.0,-0.08,0.0,0.0,266044000.0,251045000.0,21347000.0,5188000.0,14999000.0,0.0,-73203000.0,469812122.5581505,468571122.5581505,5.3321508700170535,4.114687740940632,0.0,0.0,-0.02381272842020355,5.3321508700170535,-0.015037144735007668,0.0,-31.113385599877518,1.8714259298458462,0.0,0.0,0.0,0.0,4.114687740940632,-0.014189382207454406,-73.05428744489977,0.0,-0.6,-1.3471368926372862,0.0,1.0314478308514408,0.0,-0.5458640458640459,-0.3128238341968912,0.5910118484105769,0.0,0.10107461225953926,Gold,Basic Materials,SA
2014Q1,2014,Q1,2014-04-01,2014-03-31,-2442000.0,0.0,-3088000.0,-0.05,0.0,0.0,266597000.0,252169000.0,25634000.0,5781000.0,14428000.0,0.0,-69428000.0,367836432.78528,365929432.78528,5.356024428852717,4.434180937554056,0.0,0.0,-0.015599444819252082,5.356024428852717,-0.009683981774127668,0.0,-37.6572924636855,1.4586901355253024,0.0,0.0,0.0,0.0,4.417574814046013,-0.009159893022052012,-56.694887913884095,0.0,0.03797760523089486,-0.9452283180411429,0.0,1.0233188551601462,0.0,0.002043318348998774,0.08908554572271386,0.3167781110610516,0.0,0.2606421022626565,Gold,Basic Materials,SA
2013Q4,2013,Q4,2014-04-01,2013-12-31,-2447000.0,0.0,-3390000.0,-0.05197384205593311,0.0,0.0,270377000.0,253755000.0,33390000.0,8481000.0,16622000.0,0.0,-66986000.0,365473936.41897595,364410936.41897595,5.389710785003395,3.9370357269189955,0.0,0.0,-0.01718733518451906,5.389710785003395,-0.009643159740694764,0.0,-37.33898001828525,1.4402629954837383,0.0,0.0,0.0,0.0,3.918877490861927,-0.009050326026252232,-34.498200530392296,0.0,-0.29934605139832776,-1.145071236096271,0.0,1.0334235103477931,0.0,-0.19657701711491443,-0.2444933920704846,-1.3809434918197783,0.0,0.28778800442553815,Gold,Basic Materials,SA
2013Q3,2013,Q3,2013-10-08,2013-09-30,-2045000.0,0.0,-2724000.0,-0.04,0.0,0.0,257776000.0,242752000.0,21509000.0,6116000.0,15024000.0,0.0,-64539000.0,493013757.89450985,488985757.89450985,5.3275578327150965,3.5168410725964683,0.0,0.0,-0.06339120807011461,5.3275578327150965,-0.008424235433693646,0.0,-60.270630549451084,2.0309359259429782,0.0,0.0,0.0,0.0,3.5168410725964683,-0.007933244367202533,-35.635255359198396,0.0,0.8095238095238095,-1.244030073470532,0.0,1.7878905761342316,0.0,0.7874883092590668,-0.043278437380314054,-2.4529265455190252,0.0,0.3418489469031766,Gold,Basic Materials,SA
2013Q2,2013,Q2,2013-08-12,2013-06-30,-9623000.0,0.0,-2611000.0,-0.21,0.0,0.0,255959000.0,238195000.0,34039000.0,7074000.0,17764000.0,0.0,-66438000.0,449607974.5174656,448265974.5174656,5.22857656631862,4.811846197342381,0.0,0.0,-0.031226626700606053,5.22857656631862,-0.04039967253720691,0.0,-11.680556336835332,1.8875626042421783,0.0,0.0,0.0,0.0,4.811846197342381,-0.037595864962747944,-70.88254367294113,0.0,-1.625,-5.041156804980236,0.0,1.2652239268516525,0.0,-1.7668200115008625,0.15936896329684483,-4.20910471381518,0.0,0.31572327802344774,Gold,Basic Materials,SA
2013Q1,2013,Q1,2013-05-13,2013-03-31,-3478000.0,0.0,-3106000.0,-0.08,0.0,0.0,259196000.0,247122000.0,45429000.0,7992000.0,12074000.0,0.0,-56815000.0,629397014.1936833,626614014.1936833,5.424531573802096,5.6843093093093096,0.0,0.0,-0.021355108202994872,5.424531573802096,-0.014074020119617031,0.0,-45.24130349293295,2.546908062388954,0.0,0.0,0.0,0.0,5.6843093093093096,-0.013418416950878871,-66.33611026493288,0.0,-0.21727123580494334,-2.141982052072375,0.0,1.3442250729611296,0.0,-0.16165664662658652,0.22096814647604715,-41.38807484033554,0.0,0.28784538913991686,Gold,Basic Materials,SA
2012Q4,2012,Q4,2013-01-08,2012-12-31,-2994000.0,0.0,-3987000.0,-0.06572076760451709,0.0,0.0,263603000.0,248530000.0,53952000.0,10563000.0,15073000.0,0.0,-53337000.0,808472281.1263703,806188281.1263703,5.455438334252048,5.107639875035502,0.0,0.0,-0.013809871393997973,5.455438334252048,-0.012046835392105581,0.0,-67.50770550487394,3.2530168636638246,0.0,0.0,0.0,0.0,5.107639875035502,-0.011357989097240926,-54.147229330009395,0.0,0.45232693662902423,-0.8343979941618601,0.0,1.345653861887393,0.0,0.4362643569949162,-0.2807581111468037,-1.0007099706116578,0.0,1.115308087241055,Gold,Basic Materials,SA
2012Q3,2012,Q3,2012-10-16,2012-09-30,-5311000.0,0.0,-3113000.0,-0.12,0.0,0.0,230476000.0,217708000.0,29529000.0,7609000.0,12768000.0,0.0,-50343000.0,821944938.103965,804534938.103965,5.010323487692191,3.8807990537521357,0.0,0.0,-0.04136265018967862,5.010323487692191,-0.024395061274734967,0.0,-38.69068622217873,3.775446644606377,0.0,0.0,0.0,0.0,3.8807990537521357,-0.023043614085631475,-45.648391541928525,0.0,-1.3999999999999997,-2.0600120800197566,0.0,1.1402999985469835,0.0,-1.3263250109505038,0.39388629283489096,-3.042956604480691,0.0,0.8729832336332309,Gold,Basic Materials,SA
2012Q2,2012,Q2,2012-07-24,2012-06-30,-2283000.0,0.0,-5136000.0,-0.05,0.0,0.0,229979000.0,218802000.0,46206000.0,8396000.0,11177000.0,0.0,0.0,650647048.62591,651312048.62591,5.0355007613593745,5.503334921391138,0.002891568360589445,0.0030392775203151707,-0.021026018122288964,5.0355007613593745,-0.010434091096059452,0.0,-71.24912928448424,2.9736796218769026,0.0,0.0,0.0,0.0,5.503334921391138,-0.009926993334173989,-51.48746131407059,0.0,-0.25000000000000006,0.044005949001891594,0.0,1.0824511431096433,0.0,-0.18844351900052056,-0.42825361512791993,-0.5380409581316937,0.0,0.9184297947071337,Gold,Basic Materials,SA
2012Q1,2012,Q1,2012-04-10,2012-03-31,-1921000.0,0.0,-3596000.0,-0.04,0.0,0.0,229324000.0,217756000.0,52692000.0,8507000.0,11568000.0,0.0,0.0,869739757.2414879,853397757.2414879,5.011808438976199,6.193957917009522,0.0,0.0,-0.015627189541111544,5.011808438976199,-0.008821800547401679,0.0,-113.1884119262738,3.994102377162916,0.0,0.0,0.0,0.0,6.193957917009522,-0.008376794404423436,-125.43117352776001,0.0,0.6742984407796101,-0.9194832497222469,0.0,1.9712334502166653,0.0,0.6399925037481259,0.2397463002114165,-0.6581574569363837,0.0,0.8932860833129953,Gold,Basic Materials,SA
2011Q4,2011,Q4,2012-01-04,2011-12-31,-5336000.0,0.0,-4730000.0,-0.12281181611701628,0.0,0.0,228719000.0,217362000.0,59908000.0,8194000.0,11357000.0,0.0,-40828000.0,714165874.759404,707102874.759404,5.0027402501549645,7.3112033195020745,0.0,0.0,-0.02618181296114928,5.0027402501549645,-0.024548909192959212,0.0,-33.45979548160626,3.285605923571756,0.0,0.0,0.0,0.0,7.3112033195020745,-0.023329937609031168,-75.5571175158066,0.0,-0.3645757346335142,-1.6243888460614435,0.0,1.881422576707353,0.0,-0.4398273070696168,-0.14889482632985182,-1.3427967082393062,0.0,0.8874277390047186,Gold,Basic Materials,SA
2011Q3,2011,Q3,2011-10-20,2011-09-30,-3706000.0,0.0,-4117000.0,-0.09,0.0,0.0,207684000.0,199706000.0,44683000.0,5721000.0,7978000.0,0.0,-35492000.0,988875657.4638482,948988657.4638482,4.709232272707904,7.810347841286489,0.0,0.0,-0.01862968019218439,4.709232272707904,-0.018557279200424624,0.0,-66.70774807500325,4.951657223437694,0.0,0.0,0.0,0.0,7.810347841286489,-0.01784441748040292,-46.9640794768165,0.0,0.55,-0.5811270648168837,0.0,2.2476509087412353,0.0,0.5431459566074951,0.49951373693168005,-3.3695269052145385,0.0,1.464323182620184,Gold,Basic Materials,SA
2011Q2,2011,Q2,2011-07-27,2011-06-30,-8112000.0,0.0,-8226000.0,-0.2,0.0,0.0,209184000.0,200381000.0,64253000.0,6158000.0,8803000.0,0.0,-33319000.0,1118601594.4275901,1117250594.4275901,4.842678970750974,10.434069503085418,0.0,0.0,-0.04113800763591066,4.842678970750974,-0.040482880113384,0.0,-34.47366846731971,5.582373550524202,0.0,0.0,0.0,0.0,10.434069503085418,-0.03877925653969711,-137.8097319733387,0.0,-1.5,-4.8069973853789,0.0,2.4937581860163887,0.0,-1.5859101051960471,-1.7530120481927711,-4.60681044465268,0.0,1.098037990926872,Gold,Basic Materials,SA
2011Q1,2011,Q1,2011-04-01,2011-03-31,-3137000.0,0.0,-2988000.0,-0.08,0.0,0.0,180587000.0,175562000.0,41396000.0,2404000.0,5025000.0,0.0,-23867000.0,1267881335.2962327,1266762335.2962327,4.248647906681433,17.21963394342762,0.0,0.0,-0.01688506460153651,4.248647906681433,-0.01786833141568221,0.0,-101.04250360983686,7.221843766283324,0.0,0.0,0.0,0.0,1.4130615640599002,-0.017371128597296594,-214.60415289374285,0.0,-1.5863618724354691,-2.8649725686411203,0.0,2.9003011034540385,0.0,-1.5564299229104213,0.1337523482617065,-2.1243381496039415,0.0,0.8360639648826935,Gold,Basic Materials,SA
2010Q4,2010,Q4,2011-04-01,2010-12-31,5637727.0,0.0,-3449360.0,0.13643451895621717,0.0,0.0,178132454.0,172942154.0,35816040.0,3769013.0,5190300.0,0.0,-18200051.0,1267247317.592256,1266202948.592256,4.185246924557012,9.502763720899875,0.0,0.0,-0.013243455746736006,4.185246924557012,0.032598917439180274,0.0,56.1949575419427,7.327579125632123,0.0,0.0,0.0,0.0,9.502763720899875,0.03164907277367885,-80.49958939197421,0.0,14.643451895621718,6.436687741339713,0.0,2.806774719461692,0.0,11.697774193548387,-3.4507870967741936,4.808160145264664,0.0,0.7995145412793744,Gold,Basic Materials,SA
2010Q3,2010,Q3,2010-10-29,2010-09-30,-527000.0,0.0,-775000.0,-0.01,0.0,0.0,169837000.0,160977000.0,33688000.0,6369000.0,8860000.0,0.0,-23838000.0,1186185650.788464,1182649650.788464,3.9703111479205235,5.289370387815984,0.0,0.0,-0.0040336465726428265,3.9703111479205235,-0.0032737596054094684,0.0,-562.7066654594232,7.3686654043028765,0.0,0.0,0.0,0.0,5.289370387815984,-0.0031029752056383475,-60.488814420625395,0.0,0.75,-0.020698712695692713,0.0,3.4133687867346123,0.0,0.6794403892944039,0.581984897518878,0.6745930758232099,0.0,0.6960296006834243,Gold,Basic Materials,SA
2010Q2,2010,Q2,2010-07-28,2010-06-30,-1644000.0,0.0,-1854000.0,-0.04,0.0,0.0,168215000.0,161110000.0,52076000.0,4663000.0,7105000.0,0.0,-23311000.0,1329115460.82445,1327728460.82445,3.973918113064988,11.167917649581815,0.0,0.0,,3.973918113064988,-0.010204208304884861,0.0,-202.11609805724606,8.249739065386693,0.0,0.0,0.0,0.0,11.167917649581815,-0.009773206907826293,-129.87252890604358,0.0,-22.160831780821916,-2.2002965379664885,0.0,3.3362731368172502,0.0,-23.52054794520548,-0.7392120075046904,0.26217030674203395,0.0,0.6434294639928253,Gold,Basic Materials,SA
2010Q1,2010,Q1,2010-04-01,2010-03-31,73000.0,0.0,-1066000.0,0.0018902848628215097,0.0,0.0,169074000.0,162665000.0,61465000.0,3967000.0,6409000.0,0.0,-21667000.0,950747240.1368423,949156240.1368423,4.212098454943299,15.494076128056467,0.0,0.0,,4.212098454943299,0.0004487750899087081,0.0,3255.9836990987747,5.844817509217362,0.0,0.0,0.0,0.0,15.494076128056467,0.0004317636064681737,-1185.470374235464,0.0,1.0575451552103197,-0.8656924362411339,0.0,3.635603677390519,0.0,1.0575451552103197,0.07109115419102584,1.0820653612442708,0.0,1.497128127963731,Gold,Basic Materials,SA
2009Q4,2009,Q4,2010-01-13,2009-12-31,-1268569.0,0.0,-1147583.0,-0.03284872298828246,0.0,0.0,103401270.0,99598231.0,10550385.0,1409746.0,3803039.0,0.0,-21739778.0,986197000.603092,985911720.603092,2.5790277866178086,7.483890715064983,0.0,0.0,-0.013317255847956918,2.5790277866178086,-0.012736862766167001,0.0,-194.3522584508789,9.901752176733861,0.0,0.0,0.0,0.0,7.483890715064983,-0.012268408308718065,-205.98812788828982,0.0,-0.09495743294274869,-1.4695236065796966,0.0,2.015735902471204,0.0,-0.11768193832599119,0.04764896265560166,0.29804944716662296,0.0,0.4854396827990333,Gold,Basic Materials,SA
2009Q3,2009,Q3,2009-10-14,2009-09-30,-1135000.0,0.0,-1205000.0,-0.03,0.0,0.0,105021000.0,100429000.0,15375000.0,2464000.0,4592000.0,0.0,-20472000.0,1164229895.259288,1163900895.259288,2.6750498337206774,6.239853896103896,0.0,0.0,-0.011998526322078285,2.6750498337206774,-0.011301516494239711,0.0,-256.43830292054804,11.592566840845652,0.0,0.0,0.0,0.0,6.239853896103896,-0.010807362337056398,-94.59900018357749,0.0,0.0,-1.1142635764481137,0.0,2.0119704110405072,0.0,0.11189358372456965,0.20775805391190005,0.4530206140268834,0.0,0.844807713936668,Gold,Basic Materials,SA
2009Q2,2009,Q2,2009-07-30,2009-06-30,-1278000.0,0.0,-1521000.0,-0.03,0.0,0.0,103058000.0,98197000.0,26853000.0,2776000.0,4861000.0,0.0,-19337000.0,1127755458.0156898,1126980458.0156898,2.6248032506855905,9.673270893371757,0.0,0.0,-0.015489271566341131,2.6248032506855905,-0.013014654215505565,0.0,-220.60944014391433,11.484622320597268,0.0,0.0,0.0,0.0,9.673270893371757,-0.012400784024529876,-397.09699225904575,0.0,0.0,-0.9125380010655881,0.0,2.118421540623136,0.0,-0.2818455366098295,-0.29336734693877553,-0.011868176236684524,0.0,0.8936683391885283,Gold,Basic Materials,SA
2009Q1,2009,Q1,2009-04-02,2009-03-31,-997000.0,0.0,-1176000.0,-0.03,0.0,0.0,101823000.0,98980000.0,29525000.0,801000.0,2843000.0,0.0,-18059000.0,1068800849.3955,1068183849.3955,2.647147984210717,36.8601747815231,0.0,0.0,-0.011881188118811881,2.647147984210717,-0.010072741968074358,0.0,-268.00422502394684,10.798149620079814,0.0,0.0,0.0,0.0,36.8601747815231,-0.009791500937902046,-104.1208815777399,0.0,-1.0837370667768693,-7.772886234203272,0.0,2.8831842989970817,0.0,-1.0744256126825424,0.18815591272399923,-1.6550336890270168,0.0,1.4301082204497548,Gold,Basic Materials,SA
2008Q4,2008,Q4,2009-01-07,2008-12-31,13395926.0,0.0,-1448554.0,0.3582642807388961,0.0,0.0,109801560.0,99107575.0,39323256.0,8694997.0,10693985.0,0.0,-17061209.0,594668359.2868199,586569377.2868199,2.6505598846359106,4.522515188906908,0.0,0.0,-0.0077862416857146935,2.6505598846359106,0.13516551080984476,0.0,11.0979330448455,6.000231155759991,0.0,0.0,0.0,0.0,4.522515188906908,0.12200123568371889,-200.32965339368133,0.0,18.913214036944805,15.08287360129984,0.0,2.3904302236866593,0.0,15.963301952969667,-0.18225178534992859,15.276233303377571,0.0,1.410869547994297,Gold,Basic Materials,SA
2008Q3,2008,Q3,2008-10-07,2008-09-30,-895252.0,0.0,-1225250.0,-0.02,0.0,0.0,88969555.0,85539706.0,11875665.0,1344475.0,3429849.0,0.0,-30456674.0,809609194.5857999,798448879.5857999,1.9109637509885484,8.832938507595902,0.0,0.0,-0.011903439015780656,1.9109637509885484,-0.01046592327544357,0.0,-226.0841625,9.464717994071664,0.0,0.0,0.0,0.0,8.832938507595902,-0.010062453386442138,-102.12975132089129,0.0,0.3333333333333333,-1.0,0.0,1.5928233870088853,0.0,0.313826452323979,0.23946265499381764,-0.5705661531502357,0.0,1.1242133064587154,Gold,Basic Materials,SA
2008Q2,2008,Q2,2008-07-17,2008-06-30,-1304702.0,0.0,-1611032.0,-0.03,0.0,0.0,90022390.0,86127621.0,19858539.0,1665988.0,3894769.0,0.0,-29562386.0,836748272.8330001,817677440.8330001,2.308194127891637,11.919977214721834,0.0,0.0,-0.0167122164115754,2.308194127891637,-0.015148473681863336,0.0,-160.33321648027675,9.715214040719875,0.0,0.0,0.0,0.0,11.919976614477415,-0.01449308333182445,-310.7922955417046,0.0,-0.4999999999999999,-2.4965617998997955,0.0,2.123200817379148,0.0,-0.43961557346750746,-0.2302311658480561,-1.7595178075471547,0.0,1.5186629181989248,Gold,Basic Materials,SA
2008Q1,2008,Q1,2008-04-03,2008-03-31,-906285.0,0.0,-1309536.0,-0.02,0.0,0.0,89009361.0,86307993.0,22223022.0,356959.0,2701368.0,0.0,-28257381.0,917804709.9696001,896433451.9696001,2.3139977625740724,62.25651125199253,0.0,0.0,-0.013248021289120199,2.3139977625740724,-0.010500591758633526,0.0,-253.17772830003807,10.634063869027752,0.0,0.0,0.0,0.0,62.259393935998254,-0.010181906597442038,-250.05550069409256,0.0,0.4417600216721208,-1.4298345835181725,0.0,2.9101065133993447,0.0,0.3217845973782421,0.25701686999088813,-2.726433775501169,0.0,1.546658548560969,Gold,Basic Materials,SA
2007Q4,2007,Q4,2007-12-31,2007-12-31,-1336279.0,0.0,-1762538.0,-0.03582688588500394,0.0,0.0,89861733.0,86746869.0,25698404.0,678827.0,3114864.0,0.0,-27350897.0,1095424195.0289922,1081944048.0289922,2.325764437325129,37.85707404095594,0.0,0.0,-0.01838974296480176,2.325764437325129,-0.01540434848432397,0.0,-204.93927447580037,12.627824008598997,0.0,0.0,0.0,0.0,37.85707404095594,-0.014870389824331564,-360.1068643087186,0.0,0.1043278528749015,-1.270536813715549,0.0,3.61208608290012,0.0,0.09264681317994843,0.006363085422744634,-1.6934179594991985,0.0,1.71958733858013,Gold,Basic Materials,SA
2007Q3,2007,Q3,2007-10-22,2007-09-30,-1472722.0,0.0,-1773825.0,-0.04,0.0,0.0,89344132.0,86311239.0,28233131.0,675743.0,3032893.0,0.0,-26015105.0,1097148416.091,1070379063.0910001,2.340944489601281,41.7808708340301,0.0,0.0,-0.01853762439398766,2.340944489601281,-0.017062922709289344,0.0,-186.24499669506534,12.711535934398995,0.0,0.0,0.0,0.0,41.7808708340301,-0.016483701470176016,-221.01827416559263,0.0,0.20079920079920074,0.0014161276799137812,0.0,0.0,0.0,0.24354179668338585,0.24300715416011595,-1.7934124658614674,0.0,1.6357847422829042,Gold,Basic Materials,SA
2007Q2,2007,Q2,2007-07-05,2007-06-30,-1946865.0,0.0,-2343252.0,-0.05005,0.0,0.0,88931987.0,85656748.0,32005313.0,790648.0,3275239.0,0.0,-24541977.0,773401595.118075,742773540.118075,2.4180642979407705,40.47985070473839,0.0,0.0,-0.023495903488162804,2.4180642979407705,-0.02272868215823463,0.0,-99.31371655431617,9.02907959006423,0.0,0.0,0.0,0.0,40.47985196952373,-0.021891617017395552,-307.1720982813947,0.0,-1.5012493753123437,-2.1720902748953166,0.0,0.0,0.0,-1.4755448292874591,-1.8946833979409563,-2.076966615588293,0.0,1.8728034344443505,Gold,Basic Materials,SA
2007Q1,2007,Q1,2007-04-09,2007-03-31,-786439.0,0.0,-809502.0,-0.02001,0.0,0.0,60585794.0,57591098.0,5589253.0,224862.0,2994696.0,0.0,-22594557.0,575399158.9143001,570895007.9143001,1.686777065131228,24.856369684517617,0.0,0.0,,1.686777065131228,-0.013655565309763673,0.0,-182.91283841286486,9.991112843764501,0.0,0.0,0.0,0.0,24.856369684517617,-0.012980584194374015,-425.75610585337813,0.0,0.5724025385338034,-1.3033894375910975,0.0,0.0,0.0,0.5077843696741612,0.2508585722574967,-6.850799591947997,0.0,1.4743861145258008,Gold,Basic Materials,SA
