Quarters,Year,Quarter,FillingDate,Date,NetIncome,Revenue,OperatingIncome,EPSDiluted,GrossProfit,GrossProfitRatio,TotalAssets,CommonStockEquity,CurrentAssets,CurrentLiability,TotalLiability,Inventory,RetainedEarnings,MarketCap,EnterpriseValue,bookValuePerShare,currentRatio,debtToAssets,debtToEquity,roic,shareholdersEquityPerShare,roe,priceToSalesRatio,peRatio,pbRatio,payoutRatio,inventoryTurnover,dividendYield,assetTurnover,quickRatio,returnOnAssets,priceToFreeCashFlowsRatio,grossProfitMargin,epsdilutedGrowth,fiveYNetIncomeGrowthPerShare,fiveYRevenueGrowthPerShare,fiveYShareholdersEquityGrowthPerShare,grossProfitGrowth,netIncomeGrowth,operatingIncomeGrowth,threeYNetIncomeGrowthPerShare,threeYRevenueGrowthPerShare,threeYShareholdersEquityGrowthPerShare,Industry,Sector,Symbol
2023Q1,2023,Q1,2023-05-04,2023-04-01,5231000.0,181191000.0,6372000.0,0.42,36767000.0,0.2029184673,1006078000.0,528384000.0,515375000.0,181356000.0,477694000.0,193999000.0,411283000.0,667188450.0,934027450.0,43.327921279212795,2.8417863208275436,0.28223855406837245,0.5374008296996124,0.006486490530860641,43.327921279212795,0.009899996971899225,3.6822383562097456,31.88627652456509,1.262696164153343,0.0,0.7444574456569364,0.0,0.18009637423738517,1.6939334789033724,0.00519939805859983,-27.467618361465625,0.2029184672527885,-0.35384615384615387,0.8718556154792318,0.12044610560757828,0.9878070367355084,-0.04731427979167206,-0.3526791238708081,-0.0759860788863109,-0.3719966682642867,-0.005625128624827176,0.6633341799894207,Aerospace & Defense,Industrials,DCO
2022Q4,2022,Q4,2023-02-16,2022-12-31,8081000.0,188268000.0,6896000.0,0.65,38593000.0,0.2049896955,1021506000.0,525960000.0,527336000.0,199436000.0,495546000.0,171211000.0,406052000.0,605715040.0,842310040.0,43.381722203893105,2.6441364648308228,0.27688628358521633,0.5377614267244657,0.007689061398022269,43.381722203893105,0.015364286257510077,3.217302143752523,18.73886400197995,1.1516370826678834,0.0,0.8742136895409758,0.0,0.18430435063523856,1.712298682284041,0.00791086885441691,22.663886851754846,0.20498969554039986,-0.05797101449275352,-0.20963861620557764,0.22758609887002357,1.0709085456292766,0.00015549278254334362,-0.04502481682817301,0.1277187244480785,-0.1308296961161226,-0.03900938002474133,0.7139336149406948,Aerospace & Defense,Industrials,DCO
2022Q3,2022,Q3,2022-11-07,2022-10-01,8462000.0,186590000.0,6115000.0,0.69,38587000.0,0.2068010076,989503000.0,508787000.0,499053000.0,181448000.0,480716000.0,172060000.0,397971000.0,480361919.99999994,745221920.0,42.006852708058126,2.7503912966800406,0.289142124884917,0.5623315847299557,0.006261802672727433,42.006852708058126,0.016631714253705382,2.574424781606731,14.19173717797211,0.9441316700308773,0.0,0.8601824944786702,0.0,0.18856941312962164,1.7088697588289758,0.008551767907727414,-44.539816411682885,0.20680100755667508,1.029411764705882,0.6871061996376108,0.24862579369535645,1.1019413898627701,0.11387910628716587,1.040511212925006,-0.41522425169742755,-0.02805496684284822,-0.017412493106800805,0.7098557526482911,Aerospace & Defense,Industrials,DCO
2022Q2,2022,Q2,2022-08-04,2022-07-02,4147000.0,174198000.0,10457000.0,0.34,34642000.0,0.1988656586,979048000.0,496545000.0,484826000.0,173704000.0,482503000.0,164191000.0,389509000.0,529390200.0,784511200.0,41.13877381938691,2.791104407497812,0.29890260743089203,0.5893524252585365,0.010264014261424566,41.13877381938691,0.00835171031829945,3.0390142251920227,31.914046298529055,1.0661474790804457,0.0,0.849961325529414,0.0,0.17792590353077684,1.7522336848892368,0.004235747379086623,25.542323651452282,0.19886565861835384,-0.48484848484848486,0.00988715447274288,0.15068955503159023,1.1114296218527941,0.06672825250192456,-0.48796147672552165,0.14622382988052177,-0.4938417876950461,-0.07942490104711351,0.7398181794166754,Aerospace & Defense,Industrials,DCO
2022Q1,2022,Q1,2022-05-03,2022-04-02,8099000.0,163481000.0,9123000.0,0.66,32475000.0,0.1986469376,959331000.0,487706000.0,465675000.0,158628000.0,471625000.0,159795000.0,385362000.0,639133590.0,914547590.0,40.67945616815414,2.9356418791133976,0.30716613973696255,0.604204172185702,0.009243035839308055,40.67945616815414,0.016606316100273525,3.9095282632232493,19.72878102234844,1.3104894957207827,0.0,0.8198379173315811,0.0,0.17041146382218442,1.8233540106412487,0.008442341590128955,-26.99499873289407,0.19864693756460997,-0.9270718232044198,2.5798612084718315,0.12131117635472517,1.127735156161841,-0.12849206988165204,-0.9269267553277875,-0.9368257045910948,0.03373629163635543,-0.09650182262088432,0.763334705042401,Aerospace & Defense,Industrials,DCO
2021Q4,2021,Q4,2022-02-23,2021-12-31,110834000.0,164843000.0,144410000.0,9.05,37263000.0,0.226051455,978735000.0,474602000.0,492569000.0,162560000.0,504133000.0,150938000.0,377263000.0,557498400.0,801773400.0,39.81560402684564,3.0300750492125985,0.3275564887329052,0.6754944142671122,0.13622953364106288,39.81560402684564,0.23353041074416037,3.381996202447177,1.2575076240142917,1.1746650877998828,0.0,0.8452477176059044,0.0,0.16842454801350723,1.9991510826771655,0.1132420931099838,98.8297110441411,0.226051455020838,10.602564102564104,35.661481692714005,0.08527936972872983,1.0990654739828667,0.055160696587852186,10.564482470784641,9.806705081194343,156.70940868793443,-0.03851617355523274,0.7696685290234323,Aerospace & Defense,Industrials,DCO
2021Q3,2021,Q3,2021-11-02,2021-09-30,9584000.0,163227000.0,13363000.0,0.78,35315000.0,0.21635513732409467,837783000.0,358948000.0,420941000.0,134208000.0,478835000.0,144179000.0,266429000.0,600172000.0,907403000.0,30.11308724832215,3.136482176919409,0.377429477561612,0.880918684600555,0.01712131449792423,30.11308724832215,0.026700246275226495,3.676916196462595,15.655571786310519,1.6720304890959137,0.0,0.8871749700025663,0.0,0.19483207465417657,1.9487437410586552,0.011439716489830899,283.6351606805293,0.21635513732409467,0.1304347826086958,0.7910203109146736,0.153669741183134,0.5936783743354881,-0.03988363873633843,0.13783687522260477,0.020699663916895813,1.1983030802327994,-0.02302815767147243,0.34376928426873754,Aerospace & Defense,Industrials,DCO
2021Q2,2021,Q2,2021-08-12,2021-07-03,8423000.0,160192000.0,13092000.0,0.69,36782000.0,0.22961196564123051,829079000.0,345470000.0,410628000.0,133611000.0,483609000.0,144604000.0,256845000.0,648063680.0,956873680.0,29.084862771510355,3.0733098322742887,0.38694985640692864,0.9286247720496714,0.015788614569714525,29.084862771510355,0.02438127767968275,4.045543347982421,19.234942419565474,1.8758898891365388,0.0,0.8534342065226411,0.0,0.1932168104607643,1.883714664211779,0.01015946610636622,238.96153392330385,0.22961196564123051,0.25454545454545435,1.0487702197586015,0.12743316982647276,0.5793601794135018,0.11123867069486405,0.25810306198655714,0.23393025447690857,4.0784305217437415,-0.007507990442896875,0.32556640340874227,Aerospace & Defense,Industrials,DCO
2021Q1,2021,Q1,2021-05-04,2021-04-03,6695000.0,157151000.0,10610000.0,0.55,33100000.0,0.21062544940853065,825864000.0,335570000.0,403213000.0,133043000.0,490294000.0,138287000.0,248422000.0,733989750.0,1045264750.0,28.459842252565515,3.03069684237427,0.39745890364515224,0.9781774294484012,0.013371502007793598,28.459842252565515,0.019951127931579105,4.670601841540939,27.408131067961165,2.1872925172095243,0.0,0.8970546761445399,0.0,0.1902867784526266,1.894162037837391,0.008106661629517693,-26.310705452199162,0.21062544940853065,-0.3125,-0.5348600674540372,0.04075554809480933,0.574286741601561,-0.04887790580730439,-0.30643323319175386,-0.08455565142364108,1.4778178271563058,0.005084704178401466,0.30568633398006667,Aerospace & Defense,Industrials,DCO
2020Q4,2020,Q4,2021-02-11,2020-12-31,9653000.0,157786000.0,11590000.0,0.8,34801000.0,0.22055822443055784,837347000.0,329334000.0,410284000.0,142902000.0,508013000.0,129223000.0,241727000.0,629364000.0,909507000.0,28.100170648464164,2.8710864788456423,0.40199463304938093,1.0220900362549874,0.01811525881138405,28.100170648464164,0.02931066941160038,3.988718897747582,16.299699575261577,1.911020423035581,0.0,0.9517268597695456,0.0,0.18843561868616,1.8790429805041218,0.011528076173915951,92.34981658107117,0.22055822443055784,0.48148148148148145,1.1435945680663406,-0.04695769763031257,0.6626308057266378,0.03992230688779322,0.48484848484848486,0.12907939600584512,-0.023344886231958094,0.0642955233429893,0.34141478422733385,Aerospace & Defense,Industrials,DCO
2020Q3,2020,Q3,2020-10-28,2020-09-26,6501000.0,150371000.0,10265000.0,0.54,33465000.0,0.22254956075307075,853361000.0,319435000.0,425105000.0,137907000.0,533926000.0,127038000.0,232074000.0,387837420.0,679058420.0,27.295137998803725,3.082548384055922,0.4286298530164842,1.1450717673392083,0.013057449655037953,27.295137998803725,0.020351558219982156,2.579203569837269,14.914529303184125,1.2141356457495265,0.0,0.9202443363403077,0.0,0.1762103025565968,2.0164096093744335,0.00761811238151263,231.13076281287246,0.22254956075307075,0.2558139534883722,1.6470405542968825,-0.11916456440740407,0.21261394887879428,0.024396963389249418,0.27721021611001967,0.023940149625935162,0.34143064476293095,0.04142184322638568,0.3657957357680323,Aerospace & Defense,Industrials,DCO
2020Q2,2020,Q2,2020-07-30,2020-06-27,5090000.0,147309000.0,10025000.0,0.43,32668000.0,0.2217651331554759,841637000.0,309607000.0,401731000.0,135366000.0,532030000.0,128609000.0,225573000.0,380628950.00000006,678024950.0,26.541534504929274,2.9677393141556965,0.43750928250540316,1.189327114697019,0.011611901324276846,26.541534504929274,0.016440196765577005,2.583881161368281,18.694938605108057,1.2293938767534327,0.0,0.891391737747747,0.0,0.1750267633195784,1.9297534092755935,0.006047737920267289,50.68969902783328,0.2217651331554759,-0.35820895522388063,1.7086880617384974,-0.2010401139447778,0.13570059953940936,-0.11237908922943159,-0.35813366960907944,-0.264274181711434,0.2825642256655102,0.006854730339363612,0.36223268124550223,Aerospace & Defense,Industrials,DCO
2020Q1,2020,Q1,2020-04-30,2020-03-28,7930000.0,173475000.0,13626000.0,0.67,36804000.0,0.21215737137916127,841837000.0,302427000.0,396782000.0,142945000.0,539410000.0,119751000.0,220483000.0,276434100.0,581446100.0,26.048837209302327,2.775766903354437,0.4402408067119882,1.2254560604707914,0.016622274833853215,26.048837209302327,0.02622120379463474,1.5935097276264591,8.714820302648171,0.9140523167574323,0.0,1.1412931833554625,0.0,0.20606720778487997,1.849935289796775,0.00941987581919065,-17.38469907552984,0.21215737137916127,-0.10666666666666662,4.795621597858777,-0.052610697782009684,0.11777107238438994,-0.08244621176235946,-0.10607597790553489,-0.10225326129924892,2.619584486350114,0.22870182097201888,0.3624819977499766,Aerospace & Defense,Industrials,DCO
2019Q4,2019,Q4,2020-02-20,2019-12-31,8871000.0,186926000.0,15178000.0,0.75,40111000.0,0.21458224110075644,790429000.0,292800000.0,340768000.0,144690000.0,497629000.0,112482000.0,212553000.0,584531040.0,873355040.0,25.311203319502074,2.3551593061027023,0.4154807073121052,1.1216120218579235,0.02130528863091902,25.311203319502074,0.030297131147540984,3.1270718894107827,16.473087588772405,1.996349180327869,0.0,1.305231059191693,0.0,0.2364867685775699,1.4747874766742692,0.011223019398326732,21.356632809645596,0.21458224110075644,0.0714285714285715,0.366712641419217,-0.05688437791140043,0.08024194702633858,0.04654682077908524,0.06840900879200289,0.03937547079367253,2.0236224461429515,0.2681152518752712,0.3343982664963352,Aerospace & Defense,Industrials,DCO
2019Q3,2019,Q3,2019-10-30,2019-09-28,8303000.0,181101000.0,14603000.0,0.7,38327000.0,0.21163328750255384,689554000.0,283779000.0,312718000.0,133057000.0,405775000.0,109848000.0,203682000.0,488607299.99999994,727178300.0,24.56748333477621,2.3502559053638667,0.3552325126095998,0.8631787412035422,0.021575530406742777,24.56748333477621,0.02925868369400132,2.697982341345437,14.711769842225701,1.7217880815705178,0.0,1.2997414609278275,0.0,0.2626349785513535,1.3968299300299871,0.012041116431780543,99.98103130755064,0.21163328750255384,0.06060606060606049,1.9939543473869505,-0.09002987382878082,0.041733101532853416,0.006882963352160778,0.06244401791426744,0.07343428403410762,0.6011993877967592,0.32089112823492905,0.30018774161596024,Aerospace & Defense,Industrials,DCO
2019Q2,2019,Q2,2019-08-05,2019-06-29,7815000.0,180495000.0,13604000.0,0.66,38065000.0,0.21089226848389153,679595000.0,272230000.0,300480000.0,130950000.0,407365000.0,109327000.0,195379000.0,518890910.0,764258910.0,23.6454442803787,2.294616265750286,0.3658870356609451,0.9134004334570033,0.02138580475711553,23.6454442803787,0.028707343055504538,2.8748215186016233,16.59919737683941,1.9060754141718401,0.0,1.3027888810632324,0.0,0.2655920070041716,1.322405498281787,0.011499496023366858,95.824729455217,0.21089226848389153,0.03125000000000003,0.14017487030569087,-0.08624435326526728,0.017458210220895685,0.06642572981453465,0.04590471092077088,0.05884184308841843,0.9611474640572182,0.3105994348492458,0.2839900058786347,Aerospace & Defense,Industrials,DCO
2019Q1,2019,Q1,2019-05-06,2019-03-30,7472000.0,172566000.0,12848000.0,0.64,35694000.0,0.2068425993532909,660709000.0,263778000.0,282172000.0,117667000.0,396931000.0,103994000.0,187564000.0,497607680.00000006,745370680.0,23.06961693195732,2.398055529587735,0.3806365586059824,0.9534153720173782,0.021106056461266554,23.06961693195732,0.028326850609224425,2.8835789205289575,16.64907922912206,1.8864639204179274,0.0,1.3161528549724022,0.0,0.26118306243747247,1.361188778502044,0.011309063445480537,-100.91415128777126,0.2068425993532909,9.666666666666668,0.530879485949078,-0.08952000866296714,0.02156066271441592,0.0916597853014038,10.102526002971768,1.0461856983596114,-0.464669042352484,0.1785262757991682,0.27612063860028535,Aerospace & Defense,Industrials,DCO
2018Q4,2018,Q4,2019-02-28,2018-12-31,673000.0,164183000.0,6279000.0,0.06,32697000.0,0.1991497292655147,648143000.0,256825000.0,287390000.0,126535000.0,391318000.0,101125000.0,180356000.0,414592800.0,633620800.0,22.498904949627683,2.2712293041450984,0.35376606705618974,0.8927908108634284,0.004853667768884441,22.498904949627683,0.0026204614036795483,2.525187138741526,154.00921248142643,1.6143007884746423,0.0,1.3002323856613103,0.0,0.25331292631410046,1.3019875923657487,0.0010383511046173452,51.73356625904667,0.1991497292655147,-0.8333333333333334,1.1414247247202856,-0.17332128990554932,0.014118705832342341,0.05080987273428461,-0.8386478062814673,-0.07484897598349786,1.0102788011751749,0.018177730994755077,0.3312151350373041,Aerospace & Defense,Industrials,DCO
2018Q3,2018,Q3,2018-11-05,2018-09-29,4171000.0,159842000.0,6787000.0,0.36,31116000.0,0.1946672338934698,642565000.0,255557000.0,282002000.0,120571000.0,387008000.0,101752000.0,179412000.0,465739360.00000006,691568360.0,22.409417748158543,2.338887460500452,0.3570097966742664,0.8976549262982426,0.013606791290471768,22.409417748158543,0.01632121209749684,2.913748326472392,27.915329657156562,1.8224480644239838,0.0,1.2650955263778598,0.0,0.24875615696466505,1.2947143177049207,0.006491172099320691,246.16245243128967,0.1946672338934698,1.5714285714285712,-0.15410714464052847,-0.1710268934813706,-0.004021749366799198,-0.02847508430123642,1.6216216216216217,0.21283059328091494,1.4260215045637665,-0.03913673242650145,-0.004439085493539785,Aerospace & Defense,Industrials,DCO
2018Q2,2018,Q2,2018-08-06,2018-06-30,1591000.0,154827000.0,5596000.0,0.14,32028000.0,0.2068631440252669,631893000.0,250001000.0,268235000.0,112637000.0,381892000.0,95244000.0,175243000.0,377027460.00000006,604654460.0,21.941460417763736,2.3814110816161653,0.36581984608153595,0.9246323014707941,0.010094757817725187,21.941460417763736,0.006363974544101823,2.435153170958554,59.243786926461354,1.5081038075847697,0.0,1.289309562807106,0.0,0.24502091335083628,1.3284622282198566,0.0025178313416986736,32.172323577097025,0.2068631440252669,-0.3636363636363636,-0.7298633052483764,-0.2443281359177444,-0.0014289599458544913,0.19708465707344422,-0.3880769230769231,0.06468797564687975,-0.13319797156319307,-0.14029209441519797,-0.06113454945129231,Aerospace & Defense,Industrials,DCO
2018Q1,2018,Q1,2018-05-10,2018-03-31,2600000.0,150455000.0,5256000.0,0.22,26755000.0,0.1778272573194643,597569000.0,247307000.0,254491000.0,103234000.0,350262000.0,85932000.0,173652000.0,344691480.0,552604480.0,21.796844702979023,2.4651858883701108,0.35093855270270047,0.8479743800215926,0.012686352278608202,21.796844702979023,0.0105132487151597,2.29099385198232,33.14341153846154,1.3937797150909599,0.0,1.4395103104780524,0.0,0.2517784557097172,1.4033651703896004,0.004350961980959521,49.276837741243746,0.1778272573194643,-0.7317073170731707,-0.34473971259180597,-0.20096309513293498,0.016840743999549438,0.041334215545090106,-0.7258540700126529,2.91754834002189,2.2734224743360234,-0.15920979079633377,-0.06468445088426979,Aerospace & Defense,Industrials,DCO
2017Q4,2017,Q4,2018-02-28,2017-12-31,9484000.0,142258000.0,-2741000.0,0.82,25693000.0,0.1806084719312798,566753000.0,235583000.0,221014000.0,80236000.0,331170000.0,122161000.0,161364000.0,319948700.0,533853700.0,20.948159345545083,2.7545490802133705,0.38121545011671754,0.9171077709342355,0.01138196253313986,20.948159345545083,0.04025757376381148,2.249073514319054,8.43390710670603,1.3581145498614076,0.0,0.9541915996103503,0.0,0.25100528801788435,0.9498728750186949,0.016733921126134314,63.15607974733518,0.1806084719312798,1.0,1.6269421105508386,-0.3019243220590665,0.006602919040450748,-0.012149640509054559,1.0373791621911923,-1.380958999305073,0.5029909940200962,-0.26170126297981444,-0.10596583843115469,Aerospace & Defense,Industrials,DCO
2017Q3,2017,Q3,2017-11-02,2017-09-30,4655000.0,138690000.0,7195000.0,0.41,26009000.0,0.1875333477539837,593849000.0,224649000.0,241784000.0,98308000.0,369200000.0,137157000.0,151880000.0,360274049.99999994,578979050.0,19.98478783026421,2.459453961020466,0.3744958735301398,0.9899621186829232,0.013390632581687602,19.98478783026421,0.020721213982701905,2.597693056456846,19.34876745435016,1.6037198028925124,0.0,0.8215475695735543,0.0,0.23354421746942405,0.8356186678601945,0.007838693001082767,130.8659825644751,0.1875333477539837,0.2424242424242423,-0.14055131361591616,-0.289940977915822,-0.03293966658453584,-0.006948951930052308,0.21763013340308657,0.11188378921341369,0.7248226922923201,-0.2839125363767557,-0.15258658258954294,Aerospace & Defense,Industrials,DCO
2017Q2,2017,Q2,2017-08-03,2017-07-01,3823000.0,140938000.0,6471000.0,0.33,26191000.0,0.18583348706523437,535772000.0,218940000.0,241846000.0,97473000.0,316832000.0,129398000.0,147225000.0,354864460.0,517119460.0,19.4838480021358,2.4811588850245707,0.31660295797466087,0.774764775737645,0.013949676871430061,19.4838480021358,0.017461404951128162,2.517876371170302,23.205889353910543,1.6208297250388233,0.0,0.8867756843227871,0.0,0.26305592677482215,0.9165307315872088,0.007135497935689062,-55.14599222999223,0.18583348706523437,0.8333333333333335,-0.3462576830908566,-0.281433727808383,-0.0336610444385027,0.05070806755726722,0.807565011820331,0.5782926829268292,-0.42854122709356884,-0.26897685719542996,-0.16161435237149333,Aerospace & Defense,Industrials,DCO
2017Q1,2017,Q1,2017-05-04,2017-04-01,2115000.0,136297000.0,4100000.0,0.18,24927000.0,0.1828873709619434,517971000.0,214282000.0,227579000.0,91405000.0,303689000.0,127201000.0,143402000.0,322678320.0,477720320.0,19.118665239114918,2.489787210765275,0.31305999756743136,0.7567411168460253,0.009188538452265438,19.118665239114918,0.009870171082965439,2.367464581025261,38.14164539007092,1.5058582615432001,0.0,0.8755434312623328,0.0,0.2631363531935186,0.8614080192549641,0.004083240181400117,50.105329192546584,0.1828873709619434,-0.28,-0.16733153844086263,-0.3043043456027179,-0.02743932579707143,-0.1028935435111207,-0.25423131170662905,-0.5422574522719661,-0.5579365817305757,-0.2663793690281309,-0.15339399048147853,Aerospace & Defense,Industrials,DCO
2016Q4,2016,Q4,2017-03-06,2016-12-31,2836000.0,142486000.0,8957000.0,0.25,27786000.0,0.19500863242704547,515429000.0,212103000.0,225941000.0,86306000.0,303326000.0,119896000.0,141287000.0,285811920.0,445278920.0,18.968252548739045,2.6179060551989433,0.3238059946180754,0.7868771304507716,0.01150618544529406,18.968252548739045,0.013370862269746302,2.005894754572379,25.194985895627642,1.3475147451945517,0.0,0.9566624407820111,0.0,0.27644156615169113,0.9694690983245661,0.0055022127198896455,24.929081552551242,0.19500863242704547,-0.4318181818181818,1.0554376223587603,-0.28245148136700243,-0.015764930113793138,0.10161360662887048,-0.43438372556840843,0.11239443616492797,1.6083772035302868,-0.26761879789467474,-0.14502240132595465,Aerospace & Defense,Industrials,DCO
2016Q3,2016,Q3,2016-11-03,2016-10-01,5014000.0,132571000.0,8052000.0,0.44,25223000.0,0.1902603133415302,520982000.0,211042000.0,232808000.0,90688000.0,309940000.0,129769000.0,140048000.0,255099960.0,422256960.0,18.895335303071,2.5671312632321808,0.33901939030523126,0.8369092408146246,0.016668268286670482,18.895335303071,0.02375830403426806,1.9242516085720105,12.719383725568408,1.2087639427223016,0.0,0.8272237591412432,0.0,0.25446368588550083,0.9183794989414256,0.00962413288750859,24.656868354919776,0.1902603133415302,0.29411764705882343,3.9231838645112664,-0.32411290402634435,-0.2251170711851182,-0.0378409307648293,0.29862729862729864,0.10817506193228736,0.038251134368198915,-0.29799373754421205,-0.16020383877100666,Aerospace & Defense,Industrials,DCO
2016Q2,2016,Q2,2016-08-05,2016-07-02,3861000.0,133437000.0,7266000.0,0.34,26215000.0,0.19645975254239828,520299000.0,205426000.0,231166000.0,86982000.0,314873000.0,127589000.0,135034000.0,218861100.0,396014100.0,18.415598386373823,2.6576303143179048,0.35811908152812133,0.9070370839134286,0.01343296751562258,18.415598386373823,0.01879508922921149,1.6401830077115043,14.171270396270396,1.0654011663567418,0.0,0.8403702513539568,0.0,0.25646214964856745,0.9890896967188614,0.007420733078479874,78.0253475935829,0.19645975254239828,-0.7190082644628099,2.22662293225312,0.166502898042242,-0.2394120579737649,-0.027958025881567726,-0.7150553505535056,0.6925227113906359,-0.33039321714112974,-0.3347736193851784,-0.16189337975822032,Aerospace & Defense,Industrials,DCO
2016Q1,2016,Q1,2016-05-09,2016-04-02,13550000.0,142148000.0,4293000.0,1.21,26969000.0,0.18972479387680447,519374000.0,200665000.0,229291000.0,89933000.0,318709000.0,127080000.0,131173000.0,165834000.0,345446000.0,18.077927927927927,2.5495757953142895,0.35822162834489213,0.9271721525926295,0.007263549735746299,18.077927927927927,0.06752547778636035,1.1666291470861356,3.0596678966789668,0.8264221463633419,0.0,0.9063503305004721,0.0,0.2736910203437215,0.9351739628390023,0.0260890995698668,100.44457904300424,0.18972479387680447,1.210801393728223,3.3959309977099923,0.3540253292578183,-0.2601746088972331,0.1830584313037375,1.2131307411601862,1.0484548183931917,2.490596072198446,-0.2283492769977721,-0.15664978419137393,Aerospace & Defense,Industrials,DCO
2015Q4,2015,Q4,2016-03-14,2015-12-31,-63576000.0,156576000.0,-88598000.0,-5.74,22796000.0,0.14559063968935212,561420000.0,187331000.0,264231000.0,83607000.0,374089000.0,115404000.0,117623000.0,179782480.0,419354480.0,16.901028509563336,3.1603932685062257,0.4364397420825763,1.3079842631491851,-0.14448160381934813,16.901028509563336,-0.3393778926072033,1.1482122419783365,-0.7069589153139549,0.9597049073564972,0.0,1.1592319157048283,0.0,0.278892807523779,0.9872737928642339,-0.11324142353318371,23.95502731512325,0.14559063968935212,-5.674418604651163,-15.61886406534758,0.47134584686133046,-0.2951948297445901,0.13820651088476132,-5.681660535995796,-74.27442650807137,-18.867085645306425,-0.220434583921583,-0.18787019174883718,Aerospace & Defense,Industrials,DCO
2015Q3,2015,Q3,2015-11-04,2015-10-03,-9515000.0,161670000.0,-1177000.0,-0.86,20028000.0,0.12388198181480795,692401000.0,249471000.0,282534000.0,96501000.0,442930000.0,137317000.0,181199000.0,219221740.0,467015740.0,22.509338626725615,2.927783131781018,0.3755554945761199,1.0423456032965757,-0.0013364393681229228,22.509338626725615,-0.03814070573333173,1.3559828044782583,-5.759898581187599,0.8787463873556446,0.0,1.0314964643853273,0.0,0.23349186381879863,1.0204661091594907,-0.013742036767711196,-23.095421407501053,0.12388198181480795,-6.375,-2.5613412638982687,0.5400890149325465,-0.05361894062434287,-0.35822091197487743,-6.339506172839506,-1.1085893532613709,-2.781790643354131,-0.16048907015084066,0.0892228980464025,Aerospace & Defense,Industrials,DCO
2015Q2,2015,Q2,2015-08-05,2015-07-04,1782000.0,174845000.0,10839000.0,0.16,31207000.0,0.17848379993708713,709970000.0,258521000.0,295028000.0,97241000.0,451449000.0,138014000.0,190714000.0,271129620.0,509326620.0,23.370186223106128,3.0339877212286996,0.3733101398650647,1.025212651970246,0.012052222128958111,23.370186223106128,0.006893057043721787,1.5506855786553804,38.03726430976431,1.048772130697313,0.0,1.0407494891822568,0.0,0.2462709691958815,1.213850124947296,0.002509965209797597,22.85891746058511,0.17848379993708713,1.8888888888888888,-0.7012117635661637,0.6099652088175704,0.004494558290021104,0.1661372893389634,1.9031931069437404,1.988420181968569,-0.6904529095413057,-0.09445785345918327,0.1590893823252206,Aerospace & Defense,Industrials,DCO
2015Q1,2015,Q1,2015-04-10,2015-04-04,-1973000.0,172920000.0,3627000.0,-0.18,26761000.0,0.15475942632431183,725927000.0,255508000.0,309443000.0,100263000.0,470419000.0,141443000.0,188932000.0,277169920.0,524510920.0,23.30426851514046,3.086312996818368,0.38577708226860274,1.0960361319410743,0.004404086061152002,23.30426851514046,-0.007721871722216134,1.602879481841314,-35.120364926507854,1.0847798111996494,0.0,1.0333420529824735,0.0,0.23820577000166684,1.2329274009355395,-0.0027179041418765246,-132.80781983708673,0.15475942632431183,-1.391304347826087,-1.4459397742233144,0.5831219643662198,0.025572839178398907,-0.22262890341321714,-1.3211263020833333,-0.6661757938334101,-1.7940501359336527,-0.09772834103252907,0.18548103727037876,Aerospace & Defense,Industrials,DCO
2014Q4,2014,Q4,2015-04-10,2014-12-31,6144000.0,187612000.0,10865000.0,0.46,34425000.0,0.18349039507067777,747599000.0,256570000.0,328741000.0,111071000.0,491029000.0,142842000.0,190905000.0,276816000.0,521241000.0,23.431050228310504,2.959737465224946,0.38797804705463756,1.1304984994348521,0.025273588215893882,23.431050228310504,0.023946681217601434,1.4754706521970875,11.263671875000002,1.078910238921152,0.0,1.0724226768037413,0.0,0.25095271663017205,1.2306272564395746,0.008218309548300627,11.659828987826966,0.18349039507067777,0.9166666666666669,2.8405207276835576,0.7025686633059118,0.05190574637755265,0.03087380966640714,1.3432494279176201,0.05036736272235112,1.1226464395256355,-0.03518275052650006,0.21580315844653203,Aerospace & Defense,Industrials,DCO
2014Q3,2014,Q3,2014-10-27,2014-09-27,2622000.0,188164000.0,10344000.0,0.24,33394000.0,0.17747284283922535,755671000.0,257553000.0,335199000.0,98025000.0,498118000.0,145468000.0,188551000.0,321623450.0,590954450.0,23.583279919421297,3.4195256312165263,0.4104736055770302,1.2043462898898478,0.009614036550192577,23.583279919421297,0.010180428882598921,1.709271964881699,30.66585144927536,1.2487660792147637,0.0,1.0639453350565073,0.0,0.2490025421115803,1.4817444529456771,0.0034697639581246337,156.43163910505837,0.17747284283922535,-0.5932203389830508,-0.5947207577877187,0.6380958549822523,0.042137258532310796,-0.10813770264134819,-0.5948702101359703,-0.37592760180995477,1.6329723419952642,-0.018898265906271774,-0.032868127402200596,Aerospace & Defense,Industrials,DCO
2014Q2,2014,Q2,2014-07-28,2014-06-28,6472000.0,186516000.0,16575000.0,0.59,37443000.0,0.20074953355208133,759254000.0,252639000.0,334299000.0,101748000.0,506615000.0,142201000.0,185929000.0,285581170.0,559520170.0,23.239720356912887,3.2855584384951055,0.4184238739604928,1.2574859780160625,0.01963160243391426,23.239720356912887,0.025617580816896836,1.531134969654078,11.031411078491965,1.130392259310716,0.0,1.0483259611395137,0.0,0.24565692113574641,1.4640091205723946,0.008524156606353079,13.32374591770085,0.20074953355208133,0.40476190476190477,0.3496993350229908,0.726709930566555,0.05431455965727438,0.06766467065868263,0.3981421473320372,0.1853679467925338,3.109841670425235,0.6731147373888594,-0.040169604664685075,Aerospace & Defense,Industrials,DCO
2014Q1,2014,Q1,2014-04-28,2014-03-29,4629000.0,179753000.0,13983000.0,0.42,35070000.0,0.19510105533704583,753162000.0,244887000.0,324859000.0,93626000.0,508275000.0,148895000.0,179457000.0,257870320.0,553651320.0,22.5827185540391,3.469751991968043,0.4317743061917622,1.327943092120039,0.01655586846144331,22.5827185540391,0.018902595891166128,1.4345814534388857,13.926891337221862,1.0530175958707486,0.0,0.9717116088518755,0.0,0.23866445731462818,1.3883429816503963,0.006146088092601591,-21.66067366652667,0.19510105533704583,2.0,0.7330838185571072,0.56228174831273,0.049059548094653745,0.7584235860409145,2.027753108348135,50.78888888888889,0.5372065354299013,0.7526518361865437,-0.07581949363813743,Aerospace & Defense,Industrials,DCO
2013Q4,2013,Q4,2014-02-27,2013-12-31,-4504000.0,187975000.0,270000.0,-0.42,19944000.0,0.10609921532118632,764199000.0,239694000.0,330764000.0,103589000.0,524505000.0,140507000.0,174828000.0,322067240.0,605955240.0,22.185671973343208,3.193041732230256,0.4353604231358586,1.3880280691214633,0.00030437580923347777,22.185671973343208,-0.018790624713175965,1.7133514563106795,-17.876734014209593,1.3436599998331205,0.0,1.1958905961980542,0.0,0.24597650611947935,1.3584743553852243,-0.005893752805224817,12.205989539907527,0.10609921532118632,-2.0,-0.053280804214801615,0.8355176342930721,0.05765614051830868,-0.3826151560178306,-1.9715271786022432,-0.9774115284865724,-2.062504434297575,0.8121811503947696,-0.07481510349769652,Aerospace & Defense,Industrials,DCO
2013Q3,2013,Q3,2013-10-28,2013-09-28,4636000.0,181288000.0,11953000.0,0.42,32304000.0,0.17819160672521073,760046000.0,241244000.0,324299000.0,92017000.0,518802000.0,148524000.0,179332000.0,295712760.0,606328760.0,22.499906733818317,3.5243378940847885,0.4515687208405807,1.422679942299083,0.02083801688604095,22.499906733818317,0.01921705824808078,1.6311766912316314,15.94654659188956,1.2257828588483028,0.0,1.0030971425493522,0.0,0.23852240522284177,1.4328765336839933,0.0060996308118192845,53.932657304395406,0.17819160672521073,-0.17647058823529416,-0.26983764537553395,0.7733525254376539,0.022134478979300688,-0.1343123593096795,-0.15770348837209303,-0.205411154689889,-0.21365341937926188,0.7851181800779944,-0.0540154944702621,Aerospace & Defense,Industrials,DCO
2013Q2,2013,Q2,2013-08-05,2013-06-29,5504000.0,191472000.0,15043000.0,0.51,37316000.0,0.19489011448149077,772826000.0,233967000.0,332063000.0,102289000.0,538859000.0,148906000.0,174696000.0,226376480.00000003,543589480.0,21.97285875281743,3.2463216963700887,0.4538188414986038,1.4990276406501772,0.01863015559624588,21.97285875281743,0.023524685105164405,1.182295479234562,10.282361918604652,0.9675573050900341,0.0,1.0352571420896404,0.0,0.24775563969121123,1.399759504932104,0.007121913600215314,21.716853415195704,0.19489011448149077,0.45714285714285724,-0.06281679785792177,0.8481054819248225,0.024187816000043605,0.13584756338842724,0.4847585648772592,0.4602019025431955,-0.0412622407628351,0.8316148629113064,-0.0555652044630206,Aerospace & Defense,Industrials,DCO
2013Q1,2013,Q1,2013-05-06,2013-03-30,3707000.0,175915000.0,10302000.0,0.35,32853000.0,0.18675496688741722,765608000.0,227220000.0,319813000.0,93567000.0,538388000.0,149402000.0,169192000.0,209774000.0,538014000.0,21.435849056603775,3.4180106234035503,0.4679078588520496,1.5765953701258693,0.026313270314341254,21.435849056603775,0.016314584983716223,1.192473637836455,14.14715403291071,0.9232197869905817,0.0,0.9575641557676604,0.0,0.22977163248032936,1.3864824136714868,0.004841903428386328,-24.01809022212045,0.18675496688741722,0.09024745269286741,-0.29743643032663214,0.7748363844682433,0.029101001011158867,-0.07325811001410437,0.07918486171761281,-0.29927900965854987,-0.1333676988995573,0.665847271266954,-0.05665245133534137,Aerospace & Defense,Industrials,DCO
2012Q4,2012,Q4,2013-03-04,2012-12-31,3435000.0,193892000.0,14702000.0,0.3210280373831776,35450000.0,0.1828337424958224,785074000.0,222675000.0,334571000.0,108336000.0,562399000.0,148318000.0,165485000.0,173019000.00000003,492226000.0,20.810747663551403,3.088271673312657,0.4658720069700436,1.6425014033905916,0.012968498895183972,20.810747663551403,0.015426069383630852,0.8923472861180453,12.59235807860262,0.7770023576961941,0.0,1.0682587413530387,0.0,0.24697289682246515,1.3605172795746565,0.004375383721789284,5.296445954633117,0.1828337424958224,-0.3311915887850467,-0.3719274277848501,1.0548582013954904,0.03056713228924363,-0.0036537380550871277,-0.32713026444662097,0.0324438202247191,2.053044171360001,0.8006705197301826,-0.06572924216374762,Aerospace & Defense,Industrials,DCO
2012Q3,2012,Q3,2012-11-07,2012-09-29,5105000.0,184097000.0,14240000.0,0.48,35580000.0,0.19326767953850416,795251000.0,218951000.0,340660000.0,102840000.0,576300000.0,162465000.0,162050000.0,144092000.0,495984000.0,20.665502595563947,3.3125243096071566,0.478796002771452,1.739032934309503,0.020206108769156184,20.665502595563947,0.023315719042160118,0.7826960786976431,7.0564152791381,0.6581015843727591,0.0,0.9141476625734773,0.0,0.2314954649538322,1.3170653442240374,0.006419356907441802,68.48479087452472,0.19326767953850416,-0.07692307692307698,-0.14002410420838052,0.9105804066484461,0.03942640913285031,-0.010319601680064532,-0.072998002542219,0.01627176705680845,-0.18664738831146152,0.6520033820891704,-0.08679834634037467,Aerospace & Defense,Industrials,DCO
2012Q2,2012,Q2,2012-08-06,2012-06-30,5507000.0,184705000.0,14012000.0,0.52,35951000.0,0.1946401017839257,804635000.0,213360000.0,345307000.0,108654000.0,591275000.0,159303000.0,156945000.0,103809420.0,457816420.0,20.16254016254016,3.1780422257809193,0.4862552585955123,1.833792650918635,0.022088010254880306,20.16254016254016,0.025810836145481814,0.5620282071411169,4.7126121300163435,0.48654583802024753,0.0,0.9337802803462584,0.0,0.22955128722961343,1.3053546118872752,0.006844097012931329,15.587,0.1946401017839257,1.2608695652173914,0.17960816965411144,0.9850667870787735,0.0523551774162571,0.04293464071248296,1.30418410041841,0.1815498777299941,0.17981887639080085,0.7566437070650892,-0.08528763141001669,Aerospace & Defense,Industrials,DCO
2012Q1,2012,Q1,2012-05-07,2012-03-31,2390000.0,184343000.0,11859000.0,0.23,34471000.0,0.18699381045116983,794444000.0,207314000.0,329727000.0,101161000.0,587130000.0,157292000.0,151438000.0,125497400.0,486030400.0,19.65806941020292,3.2594280404503713,0.4931058702690183,1.889621540272244,0.013069765705015135,19.65806941020292,0.011528406185785814,0.6807820204727058,13.12734309623431,0.6053493734142412,0.0,0.9528265900363655,0.0,0.23204026967287814,1.2776465238580086,0.0030083932914088344,-12.92455200823893,0.18699381045116983,1.0502742607332867,-0.38566405821114513,1.0449328248089942,0.052888184616226026,0.06605845059533014,1.049284447560523,1.2610676940011007,-0.07990635847522186,0.6474475795683472,-0.08680235452908683,Aerospace & Defense,Industrials,DCO
2011Q4,2011,Q4,2012-03-05,2011-12-31,-48494000.0,188238000.0,-45425000.0,-4.574905660377358,32335000.0,0.17177721820248834,808087000.0,204284000.0,340791000.0,116458000.0,603803000.0,154503000.0,149048000.0,135150000.0,485941000.0,19.272075471698113,2.926299610159886,0.48539328067398685,1.9200720565487264,-0.06892626363194965,19.272075471698113,-0.2373852088269272,0.717974054122972,-0.6967356786406566,0.6615789782851325,0.0,1.0090613127253192,0.0,0.23294274007625418,1.209955520445139,-0.06001086516674566,5.994943222143364,0.17177721820248834,-51.83228511530398,-12.04172989867553,1.0828486750603357,0.06147119066414796,-0.05422796805990231,-51.46201873048907,-5.716050664451827,-10.558793522086832,0.8734602282367018,-0.08124356171564745,Aerospace & Defense,Industrials,DCO
2011Q3,2011,Q3,2011-11-07,2011-10-01,961000.0,185080000.0,9632000.0,0.09,34189000.0,0.1847255240976875,860829000.0,256991000.0,337015000.0,120940000.0,603838000.0,168161000.0,197542000.0,157874220.0,531232220.0,24.384761362558116,2.786629733752274,0.456227659616486,1.5282013767019078,0.01035361114317596,24.384761362558116,0.0037394305637162392,0.8530052950075643,41.070296566077005,0.6143180889603138,0.0,0.897300801018072,0.0,0.2150020503491402,1.0126922440879775,0.0011163657358197736,-13.851045797508334,0.1847255240976875,1.3214285714285714,-0.7724042492202605,1.2030123343461938,0.3782995784688467,0.6277375737954676,1.3232425159771275,4.714616274585422,-0.8460159291578552,0.8418824472535028,0.10776038519707862,Aerospace & Defense,Industrials,DCO
2011Q2,2011,Q2,2011-08-09,2011-07-02,-2973000.0,108043000.0,-2593000.0,-0.28,21004000.0,0.19440407985709393,872919000.0,255101000.0,346496000.0,133743000.0,617818000.0,161787000.0,196581000.0,220623840.0,582628840.0,24.212319665907366,2.590759890237246,0.4506202751916272,1.5419578911881962,-0.002882692089472979,24.212319665907366,-0.0116542075491668,2.042000314689522,-18.55229061553986,0.8648489813838441,0.0,0.5379851285950046,0.0,0.12377207965458421,1.0472847177048519,-0.003405814285174226,-119.3851948051948,0.19440407985709393,-2.037037037037037,-1.910478827281931,0.3529044872676868,0.40185176875183415,0.14102564102564102,-2.017105713308245,-1.6088283634656022,-1.5116032094582055,0.05392667502034807,0.12857243920256375,Aerospace & Defense,Industrials,DCO
2011Q1,2011,Q1,2011-05-02,2011-04-02,2923000.0,99553000.0,4259000.0,0.27,18408000.0,0.18490653219892922,357510000.0,257207000.0,173934000.0,61427000.0,100303000.0,81115000.0,199554000.0,253255560.0,273955560.0,24.435398061941857,2.831556156087714,0.06089060445861654,0.08463611021472978,0.011158818359384523,24.435398061941857,0.01136438743891107,2.5439269534820648,21.660585015395142,0.9846371210736877,0.2702702702702703,1.0003698452813907,0.00311937870189306,0.2784621409191351,1.027072785582887,0.008175995077060782,-9.437157549560292,0.18490653219892922,-0.3118538110122625,0.01877861006358793,0.3281420942558985,0.4381945514521519,-0.007547983610092733,-0.2971868237557105,-0.02181901699586587,-0.4421282686081497,0.011468360075858644,0.17310457538902932,Aerospace & Defense,Industrials,DCO
2010Q4,2010,Q4,2011-02-22,2010-12-31,4159000.0,101770000.0,4354000.0,0.3923584905660377,18548000.0,0.18225410238773707,345452000.0,254185000.0,161392000.0,71286000.0,91267000.0,72597000.0,197421000.0,230868000.0,223880000.0,23.979716981132075,2.2640069578879443,0.009494806803839607,0.012903987253378445,0.01658406050507512,23.979716981132075,0.016362098471585654,2.2685270708460252,13.877614811252705,0.9082676003698095,0.18946862226496755,1.14635591002383,0.0034132058145780273,0.29459953915449905,0.8707600370339197,0.012039299236941746,8.50843959607872,0.18225410238773707,-0.28662092624356783,0.1363022725081161,0.6086208916440984,0.45720378911979764,-0.06966945879520489,-0.27957734280270224,-0.3013478818998716,-0.23237356958287197,0.08872865762334702,0.18749737212159723,Aerospace & Defense,Industrials,DCO
2010Q3,2010,Q3,2010-11-01,2010-10-02,5773000.0,99443000.0,6232000.0,0.55,19937000.0,0.2004867109801595,350431000.0,249715000.0,165198000.0,62713000.0,100716000.0,76029000.0,194050000.0,231397960.0,250906960.0,23.784646156776837,2.634190678168801,0.06077087928864741,0.08528122059147428,0.023339013527930615,23.784646156776837,0.02311835492461406,2.3269406594732662,10.020698077256192,0.9266482189696252,0.13632426814481205,1.0457325494219312,0.0034010671485608605,0.28377341045740817,0.970181621035511,0.016473999161033127,43.332951310861425,0.2004867109801595,0.03773584905660381,0.28309603397641925,0.5136202465363334,0.45686130298557037,-0.10768473347357115,0.021227666725632408,-0.30962667552896866,-0.018602121098214162,0.04146781009750446,0.19631202933050854,Aerospace & Defense,Industrials,DCO
2010Q2,2010,Q2,2010-08-02,2010-07-03,5653000.0,102937000.0,9027000.0,0.53,22343000.0,0.2170550919494448,346777000.0,243940000.0,159590000.0,60103000.0,102837000.0,74077000.0,189064000.0,177301350.0,201363350.0,23.26561754887935,2.655275111059348,0.07255671512239854,0.10314421579076823,0.0224919975214759,23.26561754887935,0.02317373124538821,1.722425852706024,7.841029099593135,0.7268236041649586,0.13921811427560588,1.0879760249470145,0.004438770488775184,0.2968391790689694,0.9902667088165317,0.016301542489842176,19.056464961306965,0.2170550919494448,0.325,0.33166235046828385,0.5930278674517828,0.4633561699974133,0.15658970907961486,0.33862183282027,0.31684901531728665,0.22208384491935498,0.11652204007464459,0.21431589898765796,Aerospace & Defense,Industrials,DCO
2010Q1,2010,Q1,2010-05-03,2010-04-03,4223000.0,104256000.0,6855000.0,0.4,19318000.0,0.1852938919582566,348612000.0,237798000.0,160553000.0,62676000.0,110814000.0,71860000.0,184198000.0,224683550.0,257619550.0,22.72317247969422,2.5616344374242135,0.09877170034307482,0.144799367530425,0.01687110991851243,22.72317247969422,0.017758770048528584,2.1551138543585022,13.301181032441391,0.9448504613159067,0.18588681032441393,1.1819927637072085,0.003493802728326128,0.2990602733124505,1.0100836045695323,0.012113753972898236,-10.024697720073172,0.1852938919582566,2.312089971883786,-0.0072213935421934425,0.5682287455185563,0.4651877110025255,0.0029593479050931933,2.319275226491721,2.202842603965608,0.09390004274901295,0.1654723854811156,0.21705541483382473,Aerospace & Defense,Industrials,DCO
2009Q4,2009,Q4,2010-02-22,2009-12-31,-3201000.0,105665000.0,-5699000.0,-0.3048571428571429,19261000.0,0.18228363223394692,353909000.0,233886000.0,164091000.0,78266000.0,120023000.0,67749000.0,180760000.0,196455000.0,206078000.0,22.274857142857144,2.0965808908082693,0.07982843047224004,0.12079389104093448,-0.011195496118036916,22.274857142857144,-0.013686154793360867,1.8592249089102353,-15.343252108716026,0.8399604935737923,-0.24461105904404873,1.2753546177803363,0.003985645567687256,0.29856545044064997,0.9098970178621624,-0.009044697930824025,5.2111461842489195,0.18228363223394692,-1.5167070217917675,-2.652254440564749,0.7879152078869901,0.4997824481793828,-0.1453988818883663,-1.5171243941841681,-1.5761803659892832,-1.7357857142857143,0.18031558612104218,0.22685899440487345,Aerospace & Defense,Industrials,DCO
2009Q3,2009,Q3,2009-11-02,2009-10-03,6190000.0,109903000.0,9891000.0,0.59,22538000.0,0.20507174508430162,374826000.0,236458000.0,170752000.0,71367000.0,138368000.0,89966000.0,184744000.0,194037930.0,240586930.0,22.62972533256771,2.392590412935951,0.1263839754979644,0.20034001810046603,0.02334788720659181,22.62972533256771,0.02617801047120419,1.7655380653849304,7.83675,0.8206020942408377,0.12681744749596122,0.9710890780961696,0.004045600775064958,0.2932107164390944,0.9152969860019337,0.016514329315469044,42.61759938502087,0.20507174508430162,0.34090909090909083,1.1504679706748393,1.0271094750312126,0.5223223352391277,0.14243714517437145,0.3430245172488609,0.30264717502963256,0.4786183316164473,0.3194461208622861,0.2790996976757688,Aerospace & Defense,Industrials,DCO
2009Q2,2009,Q2,2009-08-03,2009-07-04,4609000.0,103825000.0,7593000.0,0.44,19728000.0,0.19001203948952564,376402000.0,230322000.0,170916000.0,75571000.0,146080000.0,89106000.0,179338000.0,185992200.0,236069200.0,22.04249210450761,2.261661219250771,0.13639938151231928,0.22290966559859673,0.018061965063181633,22.04249210450761,0.020011114873959065,1.791400915001204,10.088533304404427,0.8075311954567953,0.1701019743979171,0.9437860525666061,0.004215230531172813,0.2758354100137619,0.8650672877161875,0.012244887115371332,30.931681357059706,0.19001203948952564,0.76,0.020652702925836798,0.7256981911924555,0.5140635213558676,0.13995146192072114,0.7829787234042553,0.6884589726484323,0.42325488350825696,0.31091180739568786,0.2762224756148465,Aerospace & Defense,Industrials,DCO
2009Q1,2009,Q1,2009-05-04,2009-04-04,2585000.0,111355000.0,4497000.0,0.25,17306000.0,0.15541286875308696,380955000.0,225922000.0,176271000.0,77549000.0,155033000.0,88130000.0,175513000.0,172642750.0,226818750.0,21.52663172939495,2.273027376239539,0.14517725190639313,0.24480130310461132,0.01071427165211289,21.52663172939495,0.011442002106921858,1.5503816622513582,16.696590909090908,0.7641697134409221,0.30522243713733077,1.0671621468285488,0.004570131094413174,0.2923048654040504,0.9364143960592658,0.00678557834914885,-6.866707103651261,0.15541286875308696,1.6316410861865405,0.09541266262199512,0.8073944319509434,0.5172134456090292,-0.06433823529411764,1.6103896103896105,1.4901896664486594,-0.09636618796095789,0.48998135754209704,0.26699325240591193,Aerospace & Defense,Industrials,DCO
2008Q4,2008,Q4,2009-02-25,2008-12-31,-4235000.0,101424000.0,-9174000.0,-0.3957943925233645,18496000.0,0.1823631487616343,366186000.0,224446000.0,159173000.0,89501000.0,141740000.0,83157000.0,173718000.0,178690000.0,205901000.0,20.976261682242992,1.7784494027999687,0.0838890618428886,0.13686588310774084,-0.016081731155493537,20.976261682242992,-0.018868681108150737,1.7618117999684493,-10.54840613931523,0.796138046567994,-0.1872491145218418,0.9972461729018604,0.004437853265431753,0.27697399682128754,0.6778918671299762,-0.011565160874528245,7.178323223396135,0.1823631487616343,-1.6708379534294315,-1.76913018368318,0.6272752797721711,0.5227776175856981,-0.11175142870863948,-1.6760855683269476,-1.982332155477032,-2.1462529255361495,0.5881691374168591,0.27468927297947887,Aerospace & Defense,Industrials,DCO
2008Q3,2008,Q3,2008-10-27,2008-09-27,6264000.0,100856000.0,9339000.0,0.59,20823000.0,0.20646267946378996,345791000.0,232850000.0,169578000.0,74967000.0,112941000.0,79891000.0,178746000.0,253237320.0,256960320.0,22.012667801096615,2.2620352955300334,0.0690966508671423,0.10261112304058406,0.025362015850943852,22.012667801096615,0.02690143869443848,2.51088006662965,10.106853448275864,1.087555593729869,0.0,1.001777421737117,0.0,0.2916675101434103,1.0144997132071445,0.018114988533536155,17.309454545454546,0.20646267946378996,0.07272727272727258,0.47803604826087526,0.6690963065271931,0.6512427400138873,-0.04010510302862674,0.07425827473846681,-0.028604118993135013,0.38182716834848424,0.5236626565038488,0.34832377507355744,Aerospace & Defense,Industrials,DCO
2008Q2,2008,Q2,2008-07-28,2008-06-28,5831000.0,102865000.0,9614000.0,0.55,21693000.0,0.2108880571623001,336092000.0,226811000.0,160422000.0,71097000.0,109281000.0,77974000.0,173275000.0,256159560.0,273804560.0,21.453934922436623,2.256382125828094,0.07328053033098081,0.10858820780297251,0.024170937585112528,21.453934922436623,0.025708629652001005,2.4902499392407527,10.982659921111301,1.1293965460229003,0.0,1.0410136712237412,0.0,0.30606203063446913,0.9646961193861907,0.01734941623127001,-40.563667458432306,0.2108880571623001,0.12244897959183684,0.364574596663909,0.7091582959409474,0.6591957127068879,0.03838973720740989,0.11024371667936024,0.12946428571428573,0.36228965161809096,0.5788133023758214,0.34940531767586025,Aerospace & Defense,Industrials,DCO
2008Q1,2008,Q1,2008-04-28,2008-03-29,5252000.0,98658000.0,8512000.0,0.49,20891000.0,0.2117517079202903,330372000.0,219774000.0,154816000.0,71444000.0,110598000.0,73623000.0,167444000.0,293106780.0,304721780.0,20.829684390105204,2.1669559375174963,0.07496397999830494,0.11268848908424109,0.02200177228720754,20.829684390105204,0.02389727629291909,2.970937785075716,13.9521506092917,1.3336735919626526,0.0,1.056286758214145,0.0,0.2986270022883295,0.9504786966015341,0.01589723100020583,-16.67084404504607,0.2117517079202903,-0.04134366925064607,0.5812452039349965,0.6772643085196804,0.6627303185038258,0.22599765258215962,-0.03063861203396087,0.20909090909090908,0.2246208675434456,0.4719269896121677,0.34309580318135097,Aerospace & Defense,Industrials,DCO
2007Q4,2007,Q4,2008-02-25,2007-12-31,5418000.0,93476000.0,7040000.0,0.5111320754716981,17040000.0,0.1822927810347041,332476000.0,214051000.0,157236000.0,79533000.0,118425000.0,67769000.0,162192000.0,402800000.0,396980000.0,20.193490566037735,1.9769906831126702,0.07745220707660101,0.12030310533470995,0.023775668738368345,20.193490566037735,0.02531172477587117,4.309127476571526,18.586194167589515,1.8817945256037114,0.0,1.127890333338252,0.0,0.2811511206823951,0.9607584273194775,0.016295913088463527,10.385190532666426,0.1822927810347041,-0.07066895368782163,8.542391797161093,0.7720142991262188,0.6933815007803019,-0.169995129079396,-0.07098765432098765,-0.19071157604322336,1.7702163495278007,0.5667485982404924,0.3596425119220607,Aerospace & Defense,Industrials,DCO
2007Q3,2007,Q3,2007-10-29,2007-09-29,5832000.0,94665000.0,8699000.0,0.55,20530000.0,0.21687001531717107,313247000.0,206948000.0,138343000.0,58222000.0,106299000.0,75277000.0,156773000.0,336210700.0,370158700.0,19.881640887693344,2.3761292982034283,0.10960998828400591,0.16591124340414018,0.026051502431304524,19.881640887693344,0.028180992326574793,3.5515840067606823,14.412324245541837,1.6246143958868893,0.0,0.9848293635506197,0.0,0.3022056077153173,0.8730376833499365,0.01861789578192289,63.30459423837319,0.21687001531717107,0.2500000000000001,1.6449073341170284,0.7430761783898054,0.5976666070599904,0.037182984742851366,0.27586961277619776,0.1356396866840731,1.0338811225527105,0.7527614629373491,0.3374561794164232,Aerospace & Defense,Industrials,DCO
2007Q2,2007,Q2,2007-07-30,2007-06-30,4571000.0,91104000.0,7660000.0,0.44,19794000.0,0.217268177028451,309904000.0,198511000.0,135811000.0,56098000.0,111393000.0,74877000.0,150941000.0,266588530.0,307798530.0,19.159444069105298,2.42095974901066,0.13478044813877846,0.21041151371964273,0.02113431115475262,19.159444069105298,0.02302643178463662,2.9262000570776254,14.58042714942026,1.3429408445879574,0.0,0.9523618734724949,0.0,0.29397490835871753,0.8903347712930942,0.01474972894831948,96.27610328638498,0.217268177028451,0.1891891891891892,0.6336924593026645,0.48396569781307996,0.5637041695701094,0.0712778048384478,0.20289473684210527,0.22540393537034076,0.020835016346393877,0.5271208442880152,0.3160315638066263,Aerospace & Defense,Industrials,DCO
2007Q1,2007,Q1,2007-04-30,2007-03-31,3800000.0,88052000.0,6251000.0,0.37,18477000.0,0.20984191159769228,309038000.0,192326000.0,135673000.0,58195000.0,116712000.0,70719000.0,146370000.0,265044730.0,309996730.0,18.670614503446266,2.331351490677893,0.1469107358965564,0.23606272682840593,0.017846132709541558,18.670614503446266,0.019758119027068623,3.0100932403579703,17.437153289473684,1.378101400746649,0.0,0.9838233006688443,0.0,0.2849228897417146,0.9132399690695077,0.012296222471022982,-17.063331616558294,0.20984191159769228,-0.10698922211808812,1.9100813481681074,0.4748359804733575,0.5563657433585835,0.1643455794315962,-0.10965323336457357,0.7310994184436445,0.640604361824284,0.4560808776303003,0.3159191701937394,Aerospace & Defense,Industrials,DCO
