Quarters,Year,Quarter,FillingDate,Date,NetIncome,Revenue,OperatingIncome,EPSDiluted,GrossProfit,GrossProfitRatio,TotalAssets,CommonStockEquity,CurrentAssets,CurrentLiability,TotalLiability,Inventory,RetainedEarnings,MarketCap,EnterpriseValue,bookValuePerShare,currentRatio,debtToAssets,debtToEquity,roic,shareholdersEquityPerShare,roe,priceToSalesRatio,peRatio,pbRatio,payoutRatio,inventoryTurnover,dividendYield,assetTurnover,quickRatio,returnOnAssets,priceToFreeCashFlowsRatio,grossProfitMargin,epsdilutedGrowth,fiveYNetIncomeGrowthPerShare,fiveYRevenueGrowthPerShare,fiveYShareholdersEquityGrowthPerShare,grossProfitGrowth,netIncomeGrowth,operatingIncomeGrowth,threeYNetIncomeGrowthPerShare,threeYRevenueGrowthPerShare,threeYShareholdersEquityGrowthPerShare,Industry,Sector,Symbol
2023Q3,2023,Q3,2023-05-09,2023-03-31,59355000.0,665281000.0,61826000.0,1.6,86007000.0,0.1292792068,2028801000.0,1441581000.0,1704610000.0,554989000.0,587220000.0,554247000.0,1403803000.0,4347566080.0,4133887080.0,39.37885161713287,3.071430244563406,0.0084108791350162,0.011837003956073228,0.039585902568691385,39.37885161713287,0.04117354487885176,6.534931976112349,18.311709544267543,3.0158319789175914,0.0,1.045154957988045,0.0,0.32791831234310315,1.9822861354008818,0.02925619614737966,254.8845682124641,0.12927920683139907,-0.06432748538011689,1.8706812203420837,1.039060664476566,0.9955960345331647,0.009294138355923253,-0.060199186155137197,-0.0672701214452742,1.1215374132569151,0.6346115281894275,0.5604151928713922,Electronic Components,Technology,FN
2023Q2,2023,Q2,2023-02-07,2022-12-30,63157000.0,668656000.0,66285000.0,1.71,85215000.0,0.1274422124,1968024000.0,1384131000.0,1647771000.0,549595000.0,583893000.0,536536000.0,1344448000.0,4691441580.0,4461327580.0,37.82915630380715,2.9981550050491728,0.010525786270899135,0.014966068963125601,0.04629291506086697,37.82915630380715,0.045629351557041925,7.016225951759949,18.570552670329494,3.3894491056121137,0.0,1.0874219064517572,0.0,0.33976008422661513,1.9308927482964728,0.0320915801839815,152.91530573663624,0.12744221243808476,-0.028409090909090936,2.349546649739467,1.031862647891329,0.964231390606122,0.02971385760549084,-0.022564420026309682,0.06582946085446448,1.0455772337108362,0.5869098558250142,0.5081915143696204,Electronic Components,Technology,FN
2023Q1,2023,Q1,2022-11-08,2022-09-30,64615000.0,655429000.0,62191000.0,1.76,82756000.0,0.1262623412,1864389000.0,1302366000.0,1551913000.0,526355000.0,562023000.0,528050000.0,1281291000.0,3486597600.0,3255636600.0,35.65390932982917,2.9484150430792906,0.01303322428956618,0.01865758166291196,0.0462782605038343,35.65390932982917,0.0496135494937675,5.319565658522891,13.489892439835952,2.677125784917604,0.0,1.084505255184168,0.0,0.3515516343424039,1.8549610054050973,0.03465746686984315,69.22659783579867,0.12626234115365662,0.16556291390728478,2.149366933797939,0.8804767683423754,0.8872109815977836,0.10439993060467351,0.14995817686735838,0.10259910644635133,1.515546212703509,0.6587622460301267,0.4776020468196005,Electronic Components,Technology,FN
2022Q4,2022,Q4,2022-08-16,2022-06-24,56189000.0,587874000.0,56404000.0,1.51,74933000.0,0.1274643886,1835641000.0,1253682000.0,1525171000.0,538487000.0,581959000.0,557145000.0,1216676000.0,3051144280.0,2884386280.0,34.19008399694557,2.832326499989786,0.017017488713751763,0.02491700447162837,0.04233836834975343,34.19008399694557,0.04481918062156113,5.190133055722825,13.575362971400095,2.4337465800737346,0.0,0.9206597923341321,0.0,0.3202554312090436,1.728819822948372,0.030610015792848385,1810.768118694362,0.127464388627495,0.11851851851851845,1.0878639265860206,0.6157243309274774,0.8728011865798371,0.059977649838032054,0.10911746708513452,0.051156376376749475,0.7127298728774184,0.4577340780514988,0.4591905842915898,Electronic Components,Technology,FN
2022Q3,2022,Q3,2022-05-03,2022-03-25,50661000.0,564395000.0,53659000.0,1.35,70693000.0,0.125254476,1780139000.0,1228727000.0,1470148000.0,502659000.0,551412000.0,452638000.0,1160487000.0,3885349200.0000005,3651121200.0000005,33.26277747698971,2.9247422208694163,0.01961195165096658,0.028413146288801337,0.04002694300114068,33.26277747698971,0.04123047674544467,6.884095713108728,19.173275300527035,3.162093125649555,0.0,1.090721503718203,0.0,0.31705108421308675,1.9389128614030586,0.028459013593882275,145.1219213386621,0.12525447603185713,0.03846153846153849,1.3504974820138849,0.5458747355144711,0.9019805005306555,0.019056954635222213,0.036457374332535444,0.06633413485423581,0.7668517349925111,0.4128209828678526,0.48041366735147256,Electronic Components,Technology,FN
2022Q2,2022,Q2,2022-02-01,2021-12-24,48879000.0,566633000.0,50321000.0,1.3,69371000.0,0.1224266854,1750795000.0,1199191000.0,1439987000.0,500037000.0,551604000.0,484873000.0,1109826000.0,4368746340.0,4130862340.0,32.39568306453791,2.8797608976935707,0.022073972109812972,0.03222756008008733,0.03950869108866105,32.39568306453791,0.04075997901918877,7.710010430031431,22.344699871110294,3.6430779917461025,0.0,1.0255510205765221,0.0,0.32364325920510395,1.8353501840863775,0.027918174315096855,3876.438633540373,0.12242668535012963,0.08333333333333341,0.9237642098615426,0.606254923974698,0.9263894677964593,0.09079044609022438,0.09468992855703119,0.16998372471518253,0.5436994657533074,0.3990743834406078,0.4890083874034396,Electronic Components,Technology,FN
2022Q1,2022,Q1,2021-11-02,2021-09-24,44651000.0,543322000.0,43010000.0,1.2,63597000.0,0.11705213482980627,1680621000.0,1146002000.0,1388605000.0,479219000.0,534619000.0,465251000.0,1060947000.0,3925556650.0,3697953650.0,31.07633484285598,2.897641787992546,0.02517402793372212,0.036917911138025936,0.0355430347003243,31.07633484285598,0.03896241018776581,7.22510159721123,21.97910825065508,3.425436124893325,0.0,1.031110088962732,0.0,0.3232864518532138,1.8534761768627706,0.026568155461582355,962.618109367337,0.11705213482980627,0.06194690265486732,0.936145453211047,0.6153122403336316,0.9337420173209531,0.04114006941261214,0.05276684035555136,-0.01341897006537447,0.5923115316290669,0.43065243659504515,0.485558134454949,Electronic Components,Technology,FN
2021Q4,2021,Q4,2021-08-17,2021-06-25,42413000.0,509567000.0,43595000.0,1.13,61084000.0,0.11987432467173109,1616122000.0,1112520000.0,1352507000.0,444358000.0,503602000.0,422133000.0,1016296000.0,3512103530.0,3255091530.0,30.184768158016116,3.043732756021046,0.028436590801932032,0.04130892028907345,0.03934530473879868,30.184768158016116,0.038123359580052495,6.892329232465996,20.70181035295782,3.156890240175458,0.0,1.0624210852977616,0.0,0.3153023100978763,2.017195594543139,0.026243687048378775,116.89088497636956,0.11987432467173109,0.1299999999999999,1.1105860790890774,0.8045481258406115,0.9640660065770318,0.0758392335059354,0.1312244952391113,0.1571026648264147,0.8613680780771464,0.4744461338673209,0.500318706024946,Electronic Components,Technology,FN
2021Q3,2021,Q3,2021-05-04,2021-03-26,37493000.0,479317000.0,37676000.0,1.0,56778000.0,0.11845605309221247,1501830000.0,1073506000.0,1255169000.0,366240000.0,428324000.0,353283000.0,973883000.0,3348987499.9999995,3151017499.9999995,29.11202711864407,3.427176168632591,0.03265416192245461,0.045683023662653026,0.03200841176005211,29.11202711864407,0.03492574796973655,6.986999209291554,22.330751740324857,3.119672829029367,0.0,1.1960354729777545,0.0,0.3191552972040777,2.3461828309305375,0.02496487618438838,125.03220085868955,0.11845605309221247,0.06382978723404262,0.7561584985893344,0.8632833491235743,0.9728376545975416,0.0708587163576696,0.05960321049061723,0.05049491147358148,0.8002044235412323,0.45845096623990517,0.4753057412652389,Electronic Components,Technology,FN
2021Q2,2021,Q2,2021-02-02,2020-12-25,35384000.0,453827000.0,35865000.0,0.94,53021000.0,0.11683086286183943,1497637000.0,1036670000.0,1251727000.0,395035000.0,460967000.0,371996000.0,936390000.0,2808982800.0,2642367800.0,28.066655837123673,3.168648347614768,0.03512600182821338,0.05074517445281526,0.03185775676009128,28.066655837123673,0.03413236613387095,6.189545355388727,19.84641928555279,2.709620998003222,0.0,1.077447069323326,0.0,0.3030287045525718,2.1263963952561165,0.02362655302987306,-692.8916625555007,0.11683086286183943,0.06818181818181812,0.7324258413643832,0.8881752477599407,0.9855302767926312,0.05033676703645008,0.07058787933799279,0.06687092839932177,0.8589689806292992,0.36610037175540777,0.45732582513527004,Electronic Components,Technology,FN
2021Q1,2021,Q1,2020-11-03,2020-09-25,33051000.0,436639000.0,33617000.0,0.88,50480000.0,0.11561037836748435,1425406000.0,1000703000.0,1180421000.0,355449000.0,424703000.0,339429000.0,901006000.0,2268356980.0,2134790980.0,27.179721875169754,3.320929303500643,0.03903098485624447,0.05559591607100209,0.03009562608260723,27.179721875169754,0.03302778146962685,5.195039792597546,17.158005657922605,2.2667634452979555,0.0,1.1376723850937898,0.0,0.30632605727771595,2.3116340178197152,0.023187077927271246,105.97818071388525,0.11561037836748435,0.17333333333333334,18.92437127382193,0.9495419667858663,0.9980894188899133,0.08270418668496911,0.17938195832143877,0.1952286140937211,0.5982334636152457,0.24288384679788746,0.43866046006573023,Electronic Components,Technology,FN
2020Q4,2020,Q4,2020-08-18,2020-06-26,28024000.0,405113000.0,28126000.0,0.75,46624000.0,0.11508887643694475,1381387000.0,974409000.0,1134856000.0,337546000.0,406978000.0,309786000.0,868062000.0,2179510050.0,2013602050.0,26.534024997957683,3.3620780575091986,0.04308857691580998,0.06108523217663219,0.02638962005662168,26.534024997957683,0.028759997085412797,5.380005208423329,19.44324552169569,2.236750738139734,0.0,1.1572149806640712,0.0,0.29326539195750356,2.3651709692901117,0.02028685661585059,70.34308191324554,0.11508887643694475,0.0,1.0742655099168126,0.8931888078789496,0.9629164154945854,0.05160591844099603,-0.008596596738246011,0.03309458218549128,0.039752760565708596,0.11175287664894529,0.4534317466243609,Electronic Components,Technology,FN
2020Q3,2020,Q3,2020-05-05,2020-03-27,28267000.0,411210000.0,27225000.0,0.75,44336000.0,0.10781838963060236,1330261000.0,933409000.0,1092858000.0,327451000.0,396852000.0,290208000.0,840038000.0,1787951580.0000002,1625439580.0000002,25.23613702111553,3.3374703390736324,0.04632624725523788,0.06602250460409102,0.0262821585937942,25.23613702111553,0.030283616292536283,4.3480255343984835,15.81306452754095,1.9155071142446667,0.0,1.2641760392546035,0.0,0.3091197892744356,2.3879908749706065,0.021249213500207854,44.94825230026648,0.10781838963060236,-0.09638554216867466,1.4950423424536174,1.0777339609891758,0.9270068180280634,-0.09809186704096994,-0.09490570266722168,-0.15091691616766467,0.3098257827965774,0.12487067010660145,0.44301360751024704,Electronic Components,Technology,FN
2020Q2,2020,Q2,2020-02-04,2019-12-27,31231000.0,426217000.0,32064000.0,0.83,49158000.0,0.115335615425945,1315028000.0,928327000.0,1070826000.0,313380000.0,386701000.0,294380000.0,811771000.0,2389800269.9999995,2235379269.9999995,25.082461970765447,3.417020869232242,0.04989247377242158,0.07067552705027431,0.03007921632949584,25.082461970765447,0.033642240288174315,5.607003638991404,19.130033220197877,2.574308697258617,0.0,1.2808580745974592,0.0,0.32411249038043294,2.437421022400919,0.023749304197325075,59.25173604740534,0.115335615425945,0.20289855072463772,2.4183536771250487,1.161247674641407,0.9701752728247338,0.06895426968491096,0.20318218592287243,0.06926334745056191,0.2293790793665888,0.2084085118331027,0.4915132510288061,Electronic Components,Technology,FN
2020Q1,2020,Q1,2019-11-05,2019-09-27,25957000.0,399296000.0,29987000.0,0.69,45987000.0,0.11517019955121013,1289710000.0,890695000.0,1051163000.0,323421000.0,399015000.0,321511000.0,780540000.0,1905449060.0,1804278060.0,24.129574946495815,3.25013836454652,0.05223189709314497,0.07563082761214557,0.02869927770537481,24.129574946495815,0.02914241126311476,4.772021407677513,18.35197692337327,2.139283435968541,0.0,1.0989017483072119,0.0,0.3096013832567011,2.1397404621221257,0.020126229927658154,-483.37114662607814,0.11517019955121013,-0.21590909090909097,1.2447919992354504,1.0128911694100198,0.9339803376279656,-0.013704799897053145,-0.21239797311648512,-0.06483502775525479,0.12444321600993932,0.18596096167428622,0.5014760643454875,Electronic Components,Technology,FN
2019Q4,2019,Q4,2019-08-20,2019-06-28,32957000.0,405127000.0,32066000.0,0.88,46626000.0,0.11508983602672743,1255318000.0,863099000.0,1023835000.0,313048000.0,392219000.0,293612000.0,754583000.0,1829644120.0,1710243120.0,23.430855684656315,3.270536786690859,0.04894218038775832,0.07118302767121733,0.033433024580645065,23.430855684656315,0.03818449563723281,4.51622360395629,13.879025093303396,2.119854292497153,0.0,1.2210025475797992,0.0,0.3227285835142968,2.269239860979786,0.026253905384930352,50.19875219490781,0.11508983602672743,0.15789473684210525,2.0997866600883177,1.4595396204591675,0.965215289972486,-0.002823046323623765,0.15093417146848262,-0.007336779865647154,0.6409648073377454,0.43550886970674635,0.5246016439263023,Electronic Components,Technology,FN
2019Q3,2019,Q3,2019-05-07,2019-03-29,28635000.0,398951000.0,32303000.0,0.76,46758000.0,0.1172023631974854,1210617000.0,828888000.0,987510000.0,305642000.0,381729000.0,285431000.0,721626000.0,1931612760.0,1827581760.0,22.468569569813777,3.230936847684546,0.05152414016984728,0.07525262761675884,0.0344237712863064,22.468569569813777,0.03454628369574659,4.841729335181514,16.86408905185961,2.330366418623505,0.0,1.2338989107700284,0.0,0.32954353028249234,2.23969218890074,0.02365322806469759,59.09241189427313,0.1172023631974854,-0.09523809523809519,-0.4287327580461434,1.2626233424690576,0.8991031205526759,0.02620489860416118,-0.09132738869672834,-0.00661172273817578,0.3406712817520473,0.5501982053670709,0.5226298021646556,Electronic Components,Technology,FN
2019Q2,2019,Q2,2019-02-05,2018-12-28,31513000.0,403080000.0,32518000.0,0.84,45564000.0,0.11303959511759452,1175926000.0,801533000.0,950105000.0,297550000.0,374393000.0,277893000.0,692991000.0,1869312340.0,1702402340.0,21.756548410738038,3.19309359771467,0.05449832727569592,0.0799542875963934,0.03670601995593496,21.756548410738038,0.03931591088576515,4.6375715490721445,14.829692031859869,2.3321714015517765,0.0,1.2865239498655958,0.0,0.3427766713211546,2.2092387833977485,0.026798455004821732,61.87727044025157,0.11303959511759452,0.11999999999999995,1.0522259771828606,1.1373329249006463,1.0764629864134971,0.13129407091071607,0.13152603231597845,0.26263881338821154,0.5468775187832718,0.6813637168579179,0.5391319093629512,Electronic Components,Technology,FN
2019Q1,2019,Q1,2018-11-06,2018-09-28,27850000.0,377177000.0,25754000.0,0.75,40276000.0,0.1067827571670595,1147804000.0,766157000.0,917108000.0,305776000.0,381647000.0,278397000.0,661478000.0,1694272500.0,1538519500.0,20.918962457337884,2.9992805190727854,0.055952932730675274,0.08382485574105568,0.029044352103340082,20.918962457337884,0.03635025197185433,4.491982544004539,15.208909335727109,2.2113907462830724,0.0,1.210145942664612,0.0,0.3286074974472994,2.0316211867510856,0.024263724468637504,58.212420546297885,0.1067827571670595,0.25000000000000006,0.37346673728350266,1.081508838842599,1.096182435231912,0.03322131294733332,0.223208011243851,0.1486040495941486,15.877486964501287,0.6929254220173504,0.537836101934031,Electronic Components,Technology,FN
2018Q4,2018,Q4,2018-08-22,2018-06-29,22768000.0,345327000.0,22422000.0,0.6,38981000.0,0.11288141384832347,1088018000.0,740939000.0,854310000.0,270117000.0,347079000.0,257687000.0,632423000.0,1358584920.0,1265637920.0,20.118904094710548,3.162740590188696,0.05988411956419839,0.08793571400614625,0.02895747578962132,20.118904094710548,0.03072857549676829,3.9341983685028974,14.917701598735068,1.833598879259966,0.0,1.1888298594806879,0.0,0.3173908887536787,2.14456328183713,0.020926124383971588,31.862494899036093,0.11288141384832347,0.09090909090909079,0.4138503926702528,1.0302595052008319,1.1415892446643947,0.0554517640050903,0.08146107443119745,-0.08537630022435244,0.6804249564287675,0.6091936214758213,0.4883428772042022,Electronic Components,Technology,FN
2018Q3,2018,Q3,2018-05-08,2018-03-30,21053000.0,332213000.0,24515000.0,0.55,36933000.0,0.11117265128095528,1054805000.0,735543000.0,815980000.0,287159000.0,319262000.0,239617000.0,609655000.0,1169689500.0,1093503500.0,19.73287726358149,2.8415616435493924,0.06278032432534923,0.09003008661628212,0.028559641779494382,19.73287726358149,0.02862239189279213,3.5209022524705533,13.88981974065454,1.590239455749018,0.0,1.2322998785561958,0.0,0.31495205274908633,1.9356802329023293,0.019959139366992004,25.98155264326966,0.11117265128095528,0.07843137254901968,-0.07507833710585021,0.9821444482965213,1.209222983534237,-0.006269170747457353,0.09009475482835395,0.10264021949354563,0.8439266748485379,0.6656139487715672,0.5067832685492221,Electronic Components,Technology,FN
2018Q2,2018,Q2,2018-02-07,2017-12-29,19313000.0,337072000.0,22233000.0,0.51,37166000.0,0.11026130915650069,1037937000.0,721770000.0,799331000.0,281836000.0,316167000.0,239169000.0,588602000.0,1075589900.0,1010403900.0,19.259012194145743,2.8361564881704253,0.06709944823240717,0.09649195727170705,0.025912974546051907,19.259012194145743,0.02675783144214916,3.1909796719988606,13.923133381660021,1.4902114246920763,0.0,1.2539501356781189,0.0,0.3247518876386524,1.9269717140464668,0.018607102357850236,35.879308159316835,0.11026130915650069,-0.07272727272727278,0.06627652379700205,0.8542487724271203,1.322731120323022,-0.07849846275909947,-0.08177625635905482,-0.09819907520077878,1.0875978721605832,0.6879611618072203,0.5127553925193106,Electronic Components,Technology,FN
2018Q1,2018,Q1,2017-11-07,2017-09-29,21033000.0,357313000.0,24654000.0,0.55,40332000.0,0.11287582595651431,1044555000.0,707463000.0,809349000.0,300014000.0,337092000.0,255104000.0,569288000.0,1387785820.0,1344223820.0,18.892381232141428,2.6977041071416665,0.06516554896582755,0.09621563247830629,0.029311339764111977,18.892381232141428,0.02973017670182045,3.8839499822284664,16.49533851566586,1.9616373153083624,0.0,1.2425559771700954,0.0,0.3420719828060753,1.7955295419547088,0.02013584732254405,-92.77263319740625,0.11287582595651431,-0.23611111111111102,0.20914676999688658,1.0743898645467787,1.4300230759117558,-0.09892761394101876,-0.23240027736214006,-0.16998283001717,0.7930200356724054,0.7755645447978557,0.5142203671200278,Electronic Components,Technology,FN
2017Q4,2017,Q4,2017-08-23,2017-06-30,27401000.0,370454000.0,29703000.0,0.72,44760000.0,0.12082471777872557,1033075000.0,681574000.0,798754000.0,311272000.0,351501000.0,238665000.0,548256000.0,1592668439.9999998,1531314439.9999998,18.256120426420956,2.5660965329358247,0.07015076349732595,0.10632887991619398,0.03783583207363862,18.256120426420956,0.040202531199840366,4.299234020958067,14.531116017663589,2.336750580274482,0.0,1.3646491944776151,0.0,0.3585935193475788,1.7657354339612943,0.02652372770612008,-4550.4812571428565,0.12082471777872557,0.26315789473684215,2.3925513545387584,1.3958577917531718,1.5099626059627056,0.016210325568723608,0.2652844477281123,0.1017433234421365,1.542836793469282,1.2190386394708,0.5311949115488623,Electronic Components,Technology,FN
2017Q3,2017,Q3,2017-05-09,2017-03-31,21656000.0,366837000.0,26960000.0,0.57,44046000.0,0.12006967672290418,1004685000.0,649103000.0,771578000.0,312814000.0,355582000.0,224627000.0,520855000.0,1559985480.0,1499471480.0,17.488495527535296,2.4665711892690223,0.0757650407839273,0.11726952425115891,0.0342820391902003,17.488495527535296,0.03336296396719781,4.2525303608959835,18.008698282231254,2.4032942075448736,0.0,1.4370089081009851,0.0,0.36512638289613164,1.7267897216876482,0.021555014755868754,59.46652994320131,0.12006967672290418,-0.1492537313432837,1.4337752727159792,1.448504743181418,1.4835528477109465,0.02323096222645542,-0.14376087300332122,0.06162630439062808,-0.5705825999329466,1.067878891560393,0.4781740478367741,Electronic Components,Technology,FN
2017Q2,2017,Q2,2017-02-07,2016-12-30,25292000.0,351156000.0,25395000.0,0.67,43046000.0,0.12258369499595621,945919000.0,619665000.0,718400000.0,283057000.0,326254000.0,214375000.0,499199000.0,1484974400.0,1468524400.0,16.816787885366914,2.538004712831691,0.07312359726361348,0.1116232157698111,0.03414228789635732,16.816787885366914,0.040815601978488374,4.228816822153117,14.678301439190257,2.3964148370490506,0.0,1.4372478134110787,0.0,0.371232631969545,1.7558795578275754,0.026738018794421087,451.22285019750836,0.12258369499595621,0.09836065573770501,1.7099590512175382,2.3929427071742246,1.014327429864675,0.08680064633407393,0.11095493279451814,0.06809387617765814,0.6467819332236409,0.8616520326133401,0.6050081536415337,Electronic Components,Technology,FN
2017Q1,2017,Q1,2016-11-09,2016-09-30,22766000.0,332043000.0,23776000.0,0.61,39608000.0,0.11928575515821746,901303000.0,585033000.0,680451000.0,269243000.0,316270000.0,205484000.0,473907000.0,1623254360.0000002,1589347360.0000002,16.070569168223273,2.527274618095921,0.0798321984948458,0.12298964331926575,0.03328303463052856,16.070569168223273,0.038914044165030005,4.8886871881051555,17.825423438460863,2.7746372597785083,0.0,1.4231521675653578,0.0,0.36840330055486337,1.731692188840564,0.025258986156708678,-57.41968022638841,0.11928575515821746,0.150943396226415,0.36710739070688714,0.6751006038644389,0.7282565711721242,0.17038000118196325,0.15745589506329757,0.08057992091987456,0.12955714172115027,0.8435542167805399,0.6103496950821566,Electronic Components,Technology,FN
2016Q4,2016,Q4,2016-08-17,2016-06-24,19669000.0,276388000.0,22003000.0,0.53,33842000.0,0.12244381087456764,856450000.0,554419000.0,673291000.0,256018000.0,302031000.0,181499000.0,451141000.0,1261542750.0,1179738750.0,15.368510048510048,2.6298580568553773,0.07122423959367155,0.1100250893277467,0.03277666482268314,15.368510048510048,0.03547677839323688,4.5643904583411725,16.034657964309318,2.27543202884461,0.0,1.3363489606003338,0.0,0.3227135267674704,1.8774383051191712,0.022965730632261077,-873.6445637119114,0.12244381087456764,-0.05357142857142862,0.13268044387828232,0.3926456413690322,0.7635251492518006,0.08547968053372679,-0.05537412352319662,0.11249873596925877,0.24690294045200922,0.6588686305034299,0.6359258770490857,Electronic Components,Technology,FN
2016Q3,2016,Q3,2016-05-03,2016-03-25,20822000.0,250888000.0,19778000.0,0.56,31177000.0,0.1242666050189726,768530000.0,530700000.0,603754000.0,228944000.0,237830000.0,149982000.0,431473000.0,1100138760.0,1022181760.0,14.756423089756423,2.6371252358655393,0.06505926899405358,0.0942151874882231,0.031113688412353766,14.756423089756423,0.039234972677595625,4.384979592487484,13.20885073479973,2.0729955907292257,0.0,1.4649157898947873,0.0,0.3264517975876023,1.943243762666853,0.027093281979883675,105.27643636363636,0.1242666050189726,0.03703703703703707,0.18027720853342494,0.2161636637193173,0.7658737967164657,0.09419857508861826,0.05145684997222643,0.33834077683042363,-0.05188052769232359,0.5514873179137723,0.652076816228486,Electronic Components,Technology,FN
2016Q2,2016,Q2,2016-02-02,2015-12-25,19803000.0,233038000.0,14778000.0,0.54,28493000.0,0.1222676130073207,723586000.0,506224000.0,559020000.0,207153000.0,217362000.0,140862000.0,410650000.0,861278600.0,785419600.0,14.13559700658997,2.6985851037638846,0.07670131815706771,0.10963526028003413,0.02470753775902376,14.13559700658997,0.03911904611397326,3.6958719178846366,10.873082361258396,1.7013784411643857,0.0,1.452094958186026,0.0,0.3220598519042657,1.9984649027530377,0.027367859521881296,251.8358479532164,0.1222676130073207,12.5,0.18136955147227368,0.19014228532299515,0.8036101601664448,0.09542116796739841,11.353711790393014,0.11557333735940213,0.14416151917405645,0.34155446659141364,0.7048221757464771,Electronic Components,Technology,FN
2016Q1,2016,Q1,2015-11-03,2015-09-25,1603000.0,216433000.0,13247000.0,0.04,26011000.0,0.12018037914735738,688200000.0,483976000.0,536443000.0,193102000.0,204224000.0,143380000.0,390847000.0,678491530.0,622026530.0,13.60285561707749,2.7780292280763534,0.05666957279860506,0.08058250822354827,0.01401105760092888,13.60285561707749,0.003312147709803792,3.134880216972458,105.81589675608234,1.4019115204059707,0.0,1.3280931789649881,0.0,0.31449142691078175,2.005680935464159,0.0023292647486195875,-107.13588030948998,0.12018037914735738,-0.888888888888889,-0.8999611565109786,0.1820755285323788,0.8546102497663923,0.05955436066642226,-0.8770233985423859,-0.04076755973931934,-0.9030082905165311,0.3224776375843137,0.7496604923236229,Electronic Components,Technology,FN
2015Q4,2015,Q4,2015-08-19,2015-06-26,13035000.0,206456000.0,13810000.0,0.36,24549000.0,0.11890669198279537,672503000.0,478944000.0,527039000.0,181048000.0,193559000.0,130613000.0,389244000.0,703659660.0,631181660.0,13.51765403178008,2.911045689540895,0.0602227796753323,0.0845610342754059,0.024911944591999406,13.51765403178008,0.027216125476047303,3.408279052195141,13.495582278481013,1.4691898426538383,0.0,1.3927174171024324,0.0,0.30699640001605943,2.1585214970615527,0.019382813162171768,193.84563636363637,0.11890669198279537,0.2,-0.16248553869650642,0.1438828663324593,0.7992058477709033,0.13353650090040173,0.20193637621023514,0.15208142154000168,0.7005608102619771,0.40693932952602213,0.8584893913717799,Electronic Components,Technology,FN
2015Q3,2015,Q3,2015-05-05,2015-03-27,10845000.0,189453000.0,11987000.0,0.3,21657000.0,0.11431331253661858,644944000.0,463678000.0,506638000.0,167557000.0,181266000.0,126660000.0,376210000.0,655365060.0,568419060.0,13.096028921651698,3.0236755253436143,0.06512193306705698,0.09058010084584561,0.02149846503666332,13.096028921651698,0.023389076039837992,3.459248784658992,15.10753941908714,1.4134055529915157,0.0,1.3247749881572715,0.0,0.2937510853655511,2.234451559767721,0.016815413431243643,-23.625272530641674,0.11431331253661858,0.25,-0.2994522680252589,0.20788456670228134,1.0821176667419177,0.028298751246379563,0.24283749713499886,0.24942672503648114,1.2277195967681531,0.32560338471361305,0.8597757520573175,Electronic Components,Technology,FN
2015Q2,2015,Q2,2015-02-03,2014-12-26,8726000.0,188353000.0,9594000.0,0.24,21061000.0,0.11181664215595186,601196000.0,450031000.0,490449000.0,136581000.0,151165000.0,127804000.0,365364000.0,622142400.0,523671400.0,12.731081501598348,3.5909021020493332,0.022455239223148522,0.029997933475693895,0.01852386140301296,12.731081501598348,0.019389775371029996,3.3030660515096653,17.824386889754756,1.382443431674707,0.0,1.30897311508247,0.0,0.3132971609924218,2.6165132778351308,0.01451440129342178,57.161190738699005,0.11181664215595186,-0.22580645161290325,-0.30864684719158436,0.4417790394390183,1.1822072406231756,0.027065249195357455,-0.20931496919173614,-0.18480754524598522,1.2553301639366514,0.8970805130844909,0.5249384635948738,Electronic Components,Technology,FN
2015Q1,2015,Q1,2014-10-16,2014-09-26,11036000.0,189325000.0,11769000.0,0.31,20506000.0,0.1083111052423082,589488000.0,439552000.0,487045000.0,133869000.0,149936000.0,128672000.0,356638000.0,526336200.0,296653200.0,12.476639227930741,3.6382209473440454,0.02544581060174253,0.03412565521258008,0.023797600580979548,12.476639227930741,0.025107382061735586,2.780067080417272,11.923165096049292,1.1974378458066395,0.0,1.3120103829893062,0.0,0.32116853947832696,2.634112453219192,0.018721331053388704,36.74762270474063,0.1083111052423082,0.07747384519133842,0.5674434474703623,0.7145326210626719,1.2806371669135568,0.15364275668073135,0.06803445272428142,0.06314363143631437,-0.3151995233585237,-0.01305944740046582,0.3417591814017339,Electronic Components,Technology,FN
2014Q4,2014,Q4,2014-10-16,2014-06-27,10333000.0,160084000.0,11070000.0,0.28771,17775000.0,0.11103545638539766,564557000.0,426836000.0,464477000.0,120629000.0,137721000.0,124570000.0,345602000.0,736048000.0,519071000.0,11.922793296089386,3.850458844888045,0.029226455433198066,0.03865653318839086,0.022171752266626283,11.922793296089386,0.02420836105670562,4.597886109792359,17.80818736088261,1.724428117590831,0.0,1.142401862406679,0.0,0.2835568419132169,2.77416707425246,0.018302846302499128,167.6265087679344,0.11103545638539766,-0.7836766917293232,1.233978286504059,0.6536311655909314,0.8775295590213987,0.028467279986113522,-0.7832025512987285,-0.7697683124662036,-0.4003817197177689,-0.18718318098471326,0.3681317031134617,Electronic Components,Technology,FN
2014Q3,2014,Q3,2014-05-06,2014-03-28,47662000.0,167657000.0,48082000.0,1.33,17283000.0,0.10308546616007683,568094000.0,415013000.0,466223000.0,135969000.0,153081000.0,107826000.0,335269000.0,714889640.0,502885640.0,11.831147727920634,3.4288918797667116,0.03812749298531581,0.05219113618127625,0.10845555459404622,11.831147727920634,0.11484459522954703,4.26400114519525,3.7497883009525403,1.7225716784775416,0.0,1.3945987053215365,0.0,0.2951219340461262,2.59003155130949,0.0838980872883713,38.19467008601806,0.10308546616007683,2.243902439024391,11.177537655577655,0.7167927942661521,0.0,-0.1581587920116902,2.2782172088864434,2.5310273922303,1.7699185981244288,-0.16676598639125467,0.41581151683835704,Electronic Components,Technology,FN
2014Q2,2014,Q2,2014-02-04,2013-12-27,14539000.0,178562000.0,13617000.0,0.41,20530000.0,0.1149740706309293,504406000.0,365483000.0,403945000.0,119425000.0,138923000.0,96705000.0,287607000.0,709848700.0,553867700.0,10.477696233014163,3.382415742097551,0.04773337351260691,0.06587720906307544,0.038600041011147446,10.477696233014163,0.03978023601644946,3.9753626191462907,12.205940917532155,1.9422208420090674,0.0,1.6341657618530583,0.0,0.3540045122381574,2.5273602679505967,0.0288240028865636,45.15002544205572,0.1149740706309293,-0.25454545454545463,0.09752209740801775,0.23746002649370954,0.0,0.10109949048002145,-0.24264207949158723,-0.26585076558119475,-0.10953568424462708,-0.06375743660362743,0.3368858331340368,Electronic Components,Technology,FN
2014Q1,2014,Q1,2013-11-05,2013-09-27,19197000.0,171551000.0,18548000.0,0.55,18645000.0,0.10868488088090422,489668000.0,346031000.0,389385000.0,121711000.0,143637000.0,94528000.0,273068000.0,556864440.0,419498440.0,9.97955240237642,3.1992589001815777,0.05410604736270289,0.07656539442997881,0.04784350847135795,9.97955240237642,0.055477688415199795,3.2460576738112863,7.251972183153617,1.6092906126907705,0.0,1.6175736289776574,0.0,0.35034145584355114,2.3805243568781784,0.03920411380772278,32.98178393745558,0.10868488088090422,0.2790697674418606,0.4032833493554801,0.04991192896206046,0.0,0.0922031515435534,0.26779817725531635,0.17199545052445342,0.22930117715783582,-0.03859850332906252,0.36060991122278263,Electronic Components,Technology,FN
2013Q4,2013,Q4,2013-08-16,2013-06-28,15142000.0,159934000.0,15826000.0,0.43,17071000.0,0.10673777933397527,464908000.0,325318000.0,364526000.0,115429000.0,139590000.0,88962000.0,253871000.0,484806000.0,364001000.0,9.394380432585406,3.15801055194102,0.06218649711340738,0.08886996723206217,0.044000252190908515,9.394380432585406,0.04654522651682354,3.031287906261333,8.004325716549994,1.4902526143650212,0.0,1.605887907196331,0.0,0.34401214864016105,2.3234282545980647,0.03256988479441094,-103.87958002999785,0.10673777933397527,-0.29508196721311475,2.3843777900383203,0.707947814097113,0.47937035498691233,0.05019993848046755,-0.2832528637697624,-0.24179562113735448,-0.004576290786783311,-0.09335284110117276,0.2503962722196113,Electronic Components,Technology,FN
2013Q3,2013,Q3,2013-05-03,2013-03-29,21126000.0,155557000.0,20873000.0,0.61,16255000.0,0.10449545825645905,488530000.0,309013000.0,387071000.0,150775000.0,179517000.0,94310000.0,238729000.0,505447560.0,379296560.0,8.932044166955718,2.5672094180069642,0.0641270751028596,0.1013808480549362,0.05875166792943989,8.932044166955718,0.0683660557970053,3.249275571012555,5.9813447884123825,1.6356838061829113,0.0,1.4770649984095006,0.0,0.3184185208687286,1.859757917426629,0.04324401776758848,16.423432544840136,0.10449545825645905,0.27083333333333337,4.472848544204362,0.6150824028872799,0.0,-0.11513336962438758,0.2663949166766575,0.19904641544117646,0.39661411535205976,0.014996351317506143,0.4200920806909789,Electronic Components,Technology,FN
2013Q2,2013,Q2,2013-02-05,2012-12-28,16682000.0,167426000.0,17408000.0,0.48,18370000.0,0.10972011515535221,471185000.0,286199000.0,369149000.0,154310000.0,184986000.0,99681000.0,217603000.0,447685490.0,353332490.0,8.291537503259264,2.3922558486164216,0.07161730530471046,0.11790746997718371,0.05207755123283473,8.291537503259264,0.05828811421423555,2.6739305125846644,6.7091099688286775,1.5642454725558093,0.0,1.4953301030286614,0.0,0.3553296475906491,1.681394595295185,0.03540435285503571,44.665817619475206,0.10972011515535221,0.04347826086956513,0.2726095810339704,0.17255540789216514,0.0,0.0365647218146936,0.04138835133279231,0.04345741173649823,0.3535582360707855,0.31248139875817915,0.4212345725097546,Electronic Components,Technology,FN
2013Q1,2013,Q1,2012-11-06,2012-09-28,16019000.0,158625000.0,16683000.0,0.46,17722000.0,0.11172261623325454,477040000.0,268106000.0,374728000.0,175368000.0,208934000.0,110691000.0,200921000.0,399681150.0,320449150.0,7.774568653037552,2.1368094521235346,0.07580496394432333,0.13487948796371585,0.05150838668588464,7.774568653037552,0.05974875608900957,2.5196605200945625,6.2376108059179725,1.4907579464838534,0.0,1.2729399860873964,0.0,0.3325192855944994,1.4441175128871857,0.03357999329196713,219.24363686231487,0.11172261623325454,1.090909090909091,0.5168596384309184,0.20435133249920218,0.7547486037441401,0.16438896189224705,1.1481829153815206,1.41048981361075,1.3243311530369666,0.46754637828089307,0.4211335202467983,Electronic Components,Technology,FN
2012Q4,2012,Q4,2012-06-30,2012-06-30,7457000.0,142757000.0,6921000.0,0.22,15220000.0,0.10661473693058834,461362000.0,250709000.0,360671000.0,175258000.0,210653000.0,103223000.0,184902000.0,432585950.0,355657950.0,7.2734631117816,2.0579431466751874,0.08361980397171852,0.1538795974615989,0.02426263737480045,7.2734631117816,0.02974364701705962,3.0302258383126572,14.502680367439991,1.7254504226015024,0.0,1.2355482789688346,0.0,0.30942513687733275,1.3908637551495509,0.016163012991967263,-102.55712422949264,0.10661473693058834,1.162962962962963,0.674445450953625,0.5315898399772189,0.1453810906292288,0.022780727101673275,1.1609713977334053,1.1462347870182557,0.674445450953625,0.5315898399772189,0.1453810906292288,Electronic Components,Technology,FN
2012Q3,2012,Q3,2012-03-31,2012-03-31,-46325000.0,139019000.0,-47328000.0,-1.35,14881000.0,0.10704292219049194,453155000.0,242517000.0,353765000.0,172241000.0,210638000.0,98877000.0,177445000.0,609932400.0,525518400.0,7.041724738675958,2.0538954139838945,0.09046794143284306,0.1690438196085223,-0.16662122352084804,7.041724738675958,-0.19101753691493792,4.387403160719038,-3.2915941716135997,2.5150088447407812,0.0,1.2554790295012996,0.0,0.30678024075647403,1.416004319529032,-0.10222771457889684,-422.39085872576175,0.10704292219049194,-0.39175257731958774,-13.055197444831592,0.44991329517833806,0.0,0.666592003583828,-0.39306549588019485,-0.2911744646023735,-13.055197444831592,0.44991329517833806,0.0,Electronic Components,Technology,FN
2012Q2,2012,Q2,2011-12-31,2011-12-31,-33254000.0,96609000.0,-36655000.0,-0.97,8929000.0,0.0924241012742084,413242000.0,287158000.0,321610000.0,95761000.0,126084000.0,103287000.0,223770000.0,470537280.0,388372280.0,8.348587045005234,3.35846534601769,0.07238615629582666,0.10416913336908601,-0.10782625329903706,8.348587045005234,-0.11580384318040939,4.870532559078347,-3.5374487279725746,1.6386006310114989,0.0,0.8488967633874543,0.0,0.23378311013885325,2.1919361744342685,-0.08047100730322668,-14.827543959160522,0.0924241012742084,-3.1555555555555554,-3.5457518405120556,-0.3210259729029141,0.0,-0.6098147177066946,-3.1241775790482276,-3.256247691739505,-3.5457518405120556,-0.3210259729029141,0.0,Electronic Components,Technology,FN
2012Q1,2012,Q1,2011-09-30,2011-09-30,15655000.0,186347000.0,16246000.0,0.45,22884000.0,0.1228031575501618,455673000.0,318230000.0,367583000.0,116243000.0,137443000.0,106552000.0,257024000.0,639970100.0,527081100.0,9.298717236945913,3.1621947127999106,0.04270606333928058,0.061150740030795334,0.046270794564037404,9.298717236945913,0.049193979197435816,3.4342924758649187,10.219899393165123,2.011030072589008,0.0,1.534114798408289,0.0,0.40894896120683033,2.207246887984653,0.034355777059426384,161.40481715006305,0.1228031575501618,-0.06766668047901207,0.1836790042988549,0.3717512233235236,0.0,-0.04590368980612883,-0.06004202942059442,-0.07022262919933611,0.15944712163633332,0.1554945174163625,0.0,Electronic Components,Technology,FN
2011Q4,2011,Q4,2011-08-31,2011-06-24,16655000.0,190348000.0,17473000.0,0.48266,23985000.0,0.12600605207304516,437775000.0,301527000.0,357676000.0,117809000.0,136248000.0,106467000.0,241369000.0,755318000.0,644413000.0,8.714653179190751,3.0360668539755027,0.037409628233681685,0.05431354406073088,0.05400973442987672,8.714653179190751,0.05523551788065414,3.9680900245865467,11.337706394476132,2.5049763371107727,0.0,1.5625780758357048,0.0,0.43480783507509563,2.0833297965350694,0.03804465764376678,64.14045516304348,0.12600605207304516,-0.014979591836734722,2.725667412028466,1.0344450642572534,0.3723310078618153,-0.052837341547210044,-0.0004801056232371122,-0.018756668725781994,2.725667412028466,1.0344450642572534,0.3723310078618153,Electronic Components,Technology,FN
2011Q3,2011,Q3,2011-05-04,2011-03-25,16663000.0,194851000.0,17807000.0,0.49,25323000.0,0.12996084187404736,426731000.0,283860000.0,349332000.0,125700000.0,142871000.0,108052000.0,224714000.0,648807900.0,548352900.0,8.356442638876622,2.77909307875895,0.03740998427580841,0.056238991051927006,0.0541497442488796,8.356442638876622,0.058701472556894244,3.329764281425294,9.734260037208186,2.285661593743395,0.0,1.5689482841594788,0.0,0.4566131825435696,1.8913842482100238,0.03904801854095437,51.751447714764296,0.12996084187404736,0.06521739130434775,3.39635217577272,1.0603969187848012,0.0,0.0701517136457761,0.05421991648740984,0.005363595302619693,3.39635217577272,1.0603969187848012,0.0,Electronic Components,Technology,FN
2011Q2,2011,Q2,2011-02-02,2010-12-24,15806000.0,184631000.0,17712000.0,0.46,23663000.0,0.1281637428167534,409327000.0,264653000.0,335070000.0,126807000.0,144674000.0,106674000.0,208051000.0,710816400.0,626134400.0,7.837390428808339,2.642362014715276,0.04246238337563855,0.0656746758963624,0.05812681619469816,7.837390428808339,0.05972348698106577,3.8499298600993335,11.242825509300266,2.6858429717403545,0.0,1.5089712582259969,0.0,0.4510599105360751,1.778679410442641,0.038614603971885555,191.8532793522267,0.1281637428167534,0.0454545454545455,0.2325278823520284,0.3217301529259912,0.0,0.08665503306392358,0.039526471555409406,0.04501740515664641,0.2325278823520284,0.3217301529259912,0.0,Electronic Components,Technology,FN
2011Q1,2011,Q1,2010-11-03,2010-09-24,15205000.0,173740000.0,16949000.0,0.44,21776000.0,0.12533671002647634,398054000.0,247624000.0,329824000.0,130402000.0,150430000.0,113131000.0,192245000.0,490209720.0,408087720.0,7.33461686561417,2.5292863606386407,0.0476518261341426,0.07660000646140923,0.058367435367713855,7.33461686561417,0.06140357962071528,2.821513295729251,8.060008549819138,1.9796535069298613,0.0,1.3432569322290089,0.0,0.4364734433016626,1.6200595082897502,0.03819833489928502,-53.545572910977604,0.12533671002647634,0.0016531604538087153,0.16538673969302223,0.2964493169711372,0.0,0.12363261093911249,0.1201561809341388,0.11852438461030819,0.4706568393509793,0.3473992706731159,0.6554498748822767,Electronic Components,Technology,FN
2010Q4,2010,Q4,2010-06-30,2010-06-30,13574000.0,157411000.0,15153000.0,0.43927380990906445,19380000.0,0.12311719003119223,377425000.0,232163000.0,316326000.0,124903000.0,145262000.0,98146000.0,177040000.0,330640700.0,266083700.0,7.513122552668198,2.5325732768628457,0.05401073060873021,0.08780468894698983,0.05299970389690919,7.513122552668198,0.05846754220095364,2.1004929769838196,6.089595918668041,1.424174825445915,0.0,1.4063843661483912,0.0,0.4170656421805657,1.7035219330200235,0.03596476121083659,-115.85168185003504,0.12311719003119223,0.02156699978852199,2.399936889903229,0.8838065032614335,0.18312121353404476,0.013121438653353548,0.004662867293316557,0.025722602044269953,2.399936889903229,0.8838065032614335,0.18312121353404476,Electronic Components,Technology,FN
2010Q3,2010,Q3,2010-03-31,2010-03-31,13511000.0,136890000.0,14773000.0,0.43,19129000.0,0.1397399371758346,330344000.0,194360000.0,269657000.0,115702000.0,135984000.0,80198000.0,163466000.0,332185750.0,263144750.0,6.289764085304682,2.330616583982991,0.06357917806892209,0.10806235850998147,0.0633491472816363,6.289764085304682,0.06951533237291624,2.426661918328585,6.146579638812819,1.7091261061946903,0.0,1.4683782637971021,0.0,0.4143862155813334,1.597898048434772,0.040899789310536894,-168.28052178318137,0.1397399371758346,0.22385782756697065,2.918654755128808,0.5912199100921278,0.0,0.28615612183150674,0.2224936663047412,0.33414612119570125,2.918654755128808,0.5912199100921278,0.0,Electronic Components,Technology,FN
2010Q2,2010,Q2,2009-12-31,2009-12-31,11052000.0,114393000.0,11073000.0,0.351348,14873000.0,0.13001669682585473,302096000.0,180581000.0,244790000.0,100104000.0,121515000.0,63539000.0,149955000.0,332744750.0,262882750.0,5.8340387038413075,2.445356828897946,0.07622411418886711,0.12751618387316496,0.05438391418804762,5.8340387038413075,0.06120245208521384,2.9087859396991074,7.526799448063699,1.8426343303005301,0.0,1.5662821259384,0.0,0.37866439807213603,1.7632761927595302,0.03658439701287008,94.96140125570776,0.13001669682585473,0.7866121552355382,-0.05980433857932791,-0.10661178969729153,0.0,0.3570255474452555,0.7866149369544132,0.5484547615718082,-0.05980433857932791,-0.10661178969729153,0.0,Electronic Components,Technology,FN
2010Q1,2010,Q1,2009-09-30,2009-09-30,6186000.0,97018000.0,7151000.0,0.196656,10960000.0,0.11296872745263765,275598000.0,169334000.0,218213000.0,82632000.0,106264000.0,51325000.0,138903000.0,332744750.0,265061750.0,5.4706813556036575,2.640780811307968,0.09151009804135009,0.14893642151015155,0.03229253843338601,5.4706813556036575,0.036531352238770715,3.4297218042012823,13.447492321370838,1.96502031488065,4.986905916585839,1.676726741354116,0.09271070392545638,0.35202722806406433,1.9932592700164584,0.022445736180959224,31.492026310808253,0.11296872745263765,0.5220984587249174,-0.48286239759237587,-0.21037553106636506,0.0,0.3124176745299964,0.571247142494285,0.4259222333000997,-0.48286239759237587,-0.21037553106636506,0.0,Electronic Components,Technology,FN
2009Q4,2009,Q4,2009-06-30,2009-06-30,3937000.0,82400000.0,5015000.0,0.12920057757941716,8351000.0,0.10134708737864077,288085000.0,193505000.0,228382000.0,70012000.0,94580000.0,47841000.0,163566000.0,327574000.0,240047000.0,6.350255972696246,3.2620407930069133,0.09482617977333078,0.14117464664995735,0.019269660620684345,6.350255972696246,0.02034572750058138,3.975412621359223,20.800990601981205,1.6928451461202552,0.0,1.5478146359816893,0.0,0.28602669351059584,2.5551619722333316,0.01366610548969922,14.903275705186534,0.10134708737864077,0.17455070526742875,0.0,0.0,0.0,-0.12417409543786051,0.15794117647058822,0.5900443880786304,0.0,0.0,0.0,Electronic Components,Technology,FN
2009Q3,2009,Q3,2009-03-31,2009-03-31,3400000.0,84834000.0,3154000.0,0.11,9535000.0,0.11239597331258694,,,,,,,,327574000.0,,,0.0,0.0,0.0,0.0,,0.0,3.8613527595068016,24.086323529411764,0.0,0.0,0.0,0.0,0.0,0.0,0.0,14.511761839365613,0.11239597331258694,-0.7056438772588488,0.0,0.0,0.0,-0.43482899650287477,-0.7107613781369629,-0.7336823440006756,0.0,0.0,0.0,Electronic Components,Technology,FN
2009Q2,2009,Q2,2008-12-31,2008-12-31,11755000.0,128044000.0,11843000.0,0.373697,16871000.0,0.13175939520789728,,,,,,,,332744750.0,,,0.0,0.0,0.0,0.0,,0.0,2.598675064821468,7.076664185452999,0.0,0.8552956188855806,0.0,0.03021535275913444,0.0,0.0,0.0,16.462732535127646,0.13175939520789728,-0.03742159829995489,0.0,0.0,0.0,-0.2766678099811353,-0.03742220766459221,-0.13428362573099414,0.0,0.0,0.0,Electronic Components,Technology,FN
2009Q1,2009,Q1,2008-09-30,2008-09-30,12212000.0,145861000.0,13680000.0,0.388225,23324000.0,0.15990566361124633,,,,,,,,332744750.0,,,0.0,0.0,0.0,0.0,,0.0,2.281245500853552,6.811839788732394,0.0,0.0,0.0,0.0,0.0,0.0,0.0,40.046305211216755,0.15990566361124633,0.0,0.020899515131248932,0.1871551120733157,0.0,0.0,0.0,0.0,0.020899515131248932,0.1871551120733157,0.0,Electronic Components,Technology,FN
2008Q1,2008,Q1,2007-09-30,2007-09-30,9479000.0,118220000.0,10777000.0,0.301342,15760000.0,0.1333107765183556,238343000.0,137140000.0,183727000.0,85847000.0,101203000.0,66299000.0,109966000.0,332744750.0,305119750.0,4.4305883113106965,2.140167973254744,0.06573719387605258,0.11424821350444801,0.06523417852513413,4.4305883113106965,0.0691191483155899,2.8146231602097784,8.775840014769491,2.4263143502989646,0.0,1.5454230078885052,0.0,0.4960078542268915,1.3020955886635526,0.03977041490624856,14.212572612335554,0.1333107765183556,0.0,-0.2075739842835647,-0.0378135529764134,0.0,0.0,0.0,0.0,-0.2075739842835647,-0.0378135529764134,0.0,Electronic Components,Technology,FN
2007Q1,2007,Q1,2006-09-30,2006-09-30,11962000.0,122866000.0,13241000.0,0.380277,17268000.0,0.14054335617664773,,,,,,,,,,,,,,,,,,,,,,,,,,,,,,,,,,,,,,Electronic Components,Technology,FN
