Quarters,Year,Quarter,FillingDate,Date,NetIncome,Revenue,OperatingIncome,EPSDiluted,GrossProfit,GrossProfitRatio,TotalAssets,CommonStockEquity,CurrentAssets,CurrentLiability,TotalLiability,Inventory,RetainedEarnings,MarketCap,EnterpriseValue,bookValuePerShare,currentRatio,debtToAssets,debtToEquity,roic,shareholdersEquityPerShare,roe,priceToSalesRatio,peRatio,pbRatio,payoutRatio,inventoryTurnover,dividendYield,assetTurnover,quickRatio,returnOnAssets,priceToFreeCashFlowsRatio,grossProfitMargin,epsdilutedGrowth,fiveYNetIncomeGrowthPerShare,fiveYRevenueGrowthPerShare,fiveYShareholdersEquityGrowthPerShare,grossProfitGrowth,netIncomeGrowth,operatingIncomeGrowth,threeYNetIncomeGrowthPerShare,threeYRevenueGrowthPerShare,threeYShareholdersEquityGrowthPerShare,Industry,Sector,Symbol
2023Q1,2023,Q1,2023-03-31,2023-03-31,7341000000.0,26771000000.0,11295000000.0,1.13,14113000000.0,0.5271749281,192618000000.0,79144000000.0,30941000000.0,25283000000.0,113214000000.0,7968000000.0,0.0,68025509570.9,111084509570.9,12.134740705465012,1.2237867341692046,0.27696788462137495,0.6740751036086121,0.048659112095346325,12.134740705465012,0.09275497826746185,2.541014888158829,2.316629531770195,0.8595156874924189,0.5710393679335241,1.5886044176706828,0.06162394117211078,0.1389849339106418,0.7512953367875648,0.03811170295611002,8.584743762102473,0.5271749280938329,-0.10317460317460327,2.422455196647709,0.16611232739283935,-0.03271948059357163,-0.031963783524247204,-0.10964220739842329,0.015828761579278712,1.7556356150283066,0.5616286530945577,0.7748077052452177,Oil & Gas Integrated,Energy,PBR
2022Q4,2022,Q4,2022-12-31,2022-12-31,8245000000.0,30171000000.0,11119000000.0,1.26,14579000000.0,0.4832123562,187191000000.0,69492000000.0,31250000000.0,31380000000.0,117355000000.0,8779000000.0,0.0,69460371709.5,115263371709.5,10.654849402407947,0.9958572339069471,0.287401637899258,0.7741754446554999,0.05542971923987929,10.654849402407947,0.11864675070511714,2.3022230522521627,2.106136194951486,0.9995448642937317,0.4887810794420861,1.7760564984622393,0.0580186932608773,0.16117762071894481,0.5444869343530911,0.04404592101115973,7.479312125498008,0.4832123562361208,-0.05970149253731348,5.887484817768623,0.2802513633184671,-0.12917501867545422,-0.11834784712143202,-0.059112176195366885,-0.22337081790877977,3.1620393740535087,0.5185725790215421,-0.05224827134732627,Oil & Gas Integrated,Energy,PBR
2022Q3,2022,Q3,2022-09-12,2022-09-30,8763000000.0,32411000000.0,14317000000.0,1.34,16536000000.0,0.5101971553,175262000000.0,68898000000.0,29469000000.0,25119000000.0,106067000000.0,9770000000.0,0.0,80482721774.2,130376721774.2,10.56377445068645,1.173175683745372,0.3096392829021693,0.7876571163168742,0.06772022589189478,10.56377445068645,0.12718801706871027,2.483191563796242,2.296094995269885,1.1681430777990653,2.4240556886910873,1.6248720573183213,0.26393242588882543,0.18492884937978568,0.48947012221824115,0.049999429425659866,7.95441013779403,0.5101971552867853,-0.2023809523809523,104.58070637308566,0.4278297203923613,-0.16613744059936922,-0.15038791553203515,-0.20408719346049045,-0.2789221858473936,2.826637554585153,0.6692933662958385,-0.06312211041609998,Oil & Gas Integrated,Energy,PBR
2022Q2,2022,Q2,2022-06-30,2022-06-30,11010000000.0,34703000000.0,19855000000.0,1.68,19463000000.0,0.5608448837,191820000000.0,78378000000.0,42914000000.0,32677000000.0,113003000000.0,9512000000.0,0.0,76178135358.4,113468135358.4,12.017293882201262,1.313278452734339,0.2793087269314983,0.6835719206920309,0.08679315431782066,12.017293882201262,0.14047309193906454,2.195145530887819,1.7297487592733878,0.9719326259715737,1.128882833787466,1.6021867115222876,0.16315705210588988,0.1809143989156501,0.7792637022982526,0.05739756021269941,5.951881815641847,0.5608448837276316,0.263157894736842,83.40532141866078,0.22652798923922451,-0.26217689134604694,0.3506592643997224,0.2731267345050879,0.6193622053666096,1.2885055082103514,0.8756350664792992,-0.010741016546971504,Oil & Gas Integrated,Energy,PBR
2022Q1,2022,Q1,2022-03-31,2022-03-31,8648000000.0,27189000000.0,12261000000.0,1.33,14410000000.0,0.5299937475,210786000000.0,91646000000.0,42111000000.0,27486000000.0,118534000000.0,10205000000.0,0.0,96527089324.0,137858089324.0,14.051607786983809,1.5320890635232483,0.2777888474566622,0.6389149553717566,0.04629413962620662,14.051607786983809,0.09436309277000633,3.550225801758064,2.790445459181314,1.0532602549374768,0.0,1.2522292993630573,0.0,0.12898864250946457,0.9259986902423052,0.04102739271109087,12.169325431669188,0.5299937474714039,0.5287356321839082,5.1031729162221335,0.25084493200522384,0.12628517572920903,0.36213252670384727,0.5236081747709654,0.40414567109482363,7.082242990654206,0.2807480333506052,0.263420551986545,Oil & Gas Integrated,Energy,PBR
2021Q4,2021,Q4,2021-12-31,2021-12-31,5676000000.0,24031000000.0,8732000000.0,0.87,10579000000.0,0.4402230452,174348000000.0,69407000000.0,30149000000.0,24176000000.0,104536000000.0,7255000000.0,0.0,71612664917.40001,119888664917.40001,10.64181679147137,1.2470632031767042,0.33692958909766674,0.8463555549152103,0.04126012390225028,10.64181679147137,0.08177849496448485,2.9800118562440185,3.154187144001057,1.0317787098909332,1.277307963354475,1.8541695382494832,0.10123907563504789,0.13783352834560764,0.7789129715420251,0.032555578498176065,9.534371577339902,0.4402230452332404,-0.05434782608695657,6.25226467373453,0.08168248240726222,-0.12910975436602234,-0.07136587078651685,-0.04412260020208825,-0.29535183989670755,9.301270417422868,-0.012938470385278901,-0.0298697305154869,Oil & Gas Integrated,Energy,PBR
2021Q3,2021,Q3,2021-09-30,2021-09-30,5938000000.0,23255000000.0,12392000000.0,0.92,11392000000.0,0.4898731455600946,179190000000.0,67849000000.0,30580000000.0,25493000000.0,110124000000.0,7276000000.0,0.0,67438520514.2,116107520514.2,10.402936699245624,1.1995449731298788,0.332540878397232,0.8782443366888237,0.06276289443243997,10.402936699245624,0.08751787056552049,2.899957880636422,2.839277556172112,0.9939501026426328,0.6702593465813406,1.6304288070368333,0.059016715812470456,0.12977844745800546,0.691405483858314,0.03313800993359004,7.474068548620193,0.4898731455600946,-0.2580645161290322,2.110296179975277,0.07839447861657255,-0.14630944008049382,0.0524759793052476,-0.26880925994335675,0.39314221472737493,2.528303384029307,-0.06502926402536209,-0.06440151241506685,Oil & Gas Integrated,Energy,PBR
2021Q2,2021,Q2,2021-06-30,2021-06-30,8121000000.0,20982000000.0,8895000000.0,1.24,10824000000.0,0.5158707463540178,188207000000.0,71180000000.0,30294000000.0,23176000000.0,115760000000.0,7204000000.0,0.0,79765290704.90001,133629290704.90001,10.913661723124932,1.30712806351398,0.33837742485667377,0.894703568418095,0.03918871989020533,10.913661723124932,0.11409103680809216,3.80160569559146,2.4555255111716536,1.1206138059131778,0.22755818248984117,1.4100499722376458,0.023167971728917384,0.11148363238349264,0.7262254055919917,0.04314929837891258,8.542010141882631,0.5158707463540178,61.0,75.61494412165408,0.032602145389430986,-0.15814207158609583,0.3518171599850131,44.11666666666667,0.47487978776322337,1.906651423369839,-0.10358116826960995,-0.02721477291923473,Oil & Gas Integrated,Energy,PBR
2021Q1,2021,Q1,2021-03-31,2021-03-31,180000000.0,15698000000.0,6031000000.0,0.02,8007000000.0,0.5100649764301185,175220000000.0,55009000000.0,27025000000.0,21847000000.0,119010000000.0,6973000000.0,0.0,55307413342.4,114310413342.4,8.434245823649611,1.2370119467203735,0.40501084351101474,1.2900798051227982,0.015850643676478874,8.434245823649611,0.003272191823156211,3.5232139981144095,76.81585186444445,1.0054248094384557,0.0,1.1029685931449877,0.0,0.08959022942586463,0.7507209227811599,0.0010272799908686223,9.886916936431891,0.5100649764301185,-0.9886363636363636,1.5660505661001407,-0.1273358261679906,-0.254684493866094,0.06377042646472698,-0.9843600660352767,-0.06713070378963651,-0.9160820139767623,-0.3162141378576523,-0.3276921296367606,Oil & Gas Integrated,Energy,PBR
2020Q4,2020,Q4,2020-12-31,2020-12-31,11509000000.0,13911000000.0,6465000000.0,1.76,7527000000.0,0.5410825965063619,190010000000.0,59348000000.0,27388000000.0,26225000000.0,130134000000.0,5677000000.0,0.0,73243190074.90001,137070190074.90001,9.099522280753279,1.0443469971401336,0.3975474975001316,1.2727977353912516,0.03345326943655764,9.099522280753279,0.19392397384916088,5.265127602250018,1.5909981335237642,1.2341307217581048,0.030150317143105395,1.124537607891492,0.004737641815507361,0.07321193621388349,0.7510390848427073,0.060570496289668964,12.885853285520762,0.5410825965063619,45.0,2.2216602135585943,-0.3718645722881803,-0.0902362924171259,0.19856687898089173,49.766949152542374,0.8319637291017286,7.822324168307954,-0.40971208395070774,-0.256292508610356,Oil & Gas Integrated,Energy,PBR
2020Q3,2020,Q3,2020-09-30,2020-09-30,-236000000.0,13148000000.0,3529000000.0,-0.04,6280000000.0,0.4776391846668695,171155000000.0,43920000000.0,26885000000.0,24945000000.0,126770000000.0,5281000000.0,0.0,46437356485.6,113325356485.6,6.734026733347106,1.0777710964121066,0.46500540445794747,1.8121129326047358,0.007554386383574897,6.734026733347106,-0.005373406193078324,3.531895078004259,-49.19211492118644,1.0573168598724954,0.0,1.3005112668055292,0.0,0.07681925739826473,0.7972339146121468,-0.0013788671087610646,6.2173458944437,0.4776391846668695,0.37437437437437443,0.7989741058148758,-0.4868675069952521,-0.4546523495381459,0.8378694761486685,0.434052757793765,0.7636181909045477,-3.843437944088579,-0.420779822784895,-0.46844257295022057,Oil & Gas Integrated,Energy,PBR
2020Q2,2020,Q2,2020-06-30,2020-06-30,-417000000.0,9481000000.0,2001000000.0,-0.063936,3417000000.0,0.3604050205674507,185380000000.0,44332000000.0,36875000000.0,26327000000.0,140508000000.0,5039000000.0,0.0,53937772210.1,125698772210.1,6.7971965651808715,1.4006533216849621,0.4921081022764052,2.0578137688351528,0.011863363515309512,6.7971965651808715,-0.009406297933772444,5.689038309260626,-32.33679389094724,1.2166780702449698,0.0,1.2034133756697758,0.0,0.0511435969360233,1.0657879743229384,-0.0022494335958571582,13.637869079671301,0.3604050205674507,0.9568,-3.438651766350724,-0.635632185399795,-0.552286839523392,-0.5295980176211453,0.9570766855378281,-0.5860570955730244,-4.196822800325299,-0.6649075911022941,-0.5826740405107677,Oil & Gas Integrated,Energy,PBR
2020Q1,2020,Q1,2020-03-31,2020-03-31,-9715000000.0,17143000000.0,4834000000.0,-1.48,7264000000.0,0.4237298022516479,186900000000.0,44593000000.0,31461000000.0,25935000000.0,141711000000.0,6008000000.0,0.0,35871553465.0,109646553465.0,6.837214346997894,1.213071139386929,0.4774585339753879,2.0011436772587627,0.023230378909938194,6.837214346997894,-0.2178593052721279,2.092489848042933,-0.9230971040916108,0.804421175184446,-0.10499227997941328,1.6443075898801598,0.028434787497988275,0.09172284644194756,0.8362058993637941,-0.0519796682718031,6.071691514048747,0.4237298022516479,-5.872652566702663,-6.217626319945077,-0.339800955961156,-0.5290376632527909,-0.19324744557974233,-5.9040888440181725,0.3258365331870543,-7.856189278572853,-0.2113268355082734,-0.4519735193975447,Oil & Gas Integrated,Energy,PBR
2019Q4,2019,Q4,2019-12-31,2019-12-31,1981000000.0,19868000000.0,3646000000.0,0.303736,9004000000.0,0.4531910610026173,229740000000.0,73323000000.0,27812000000.0,28816000000.0,155525000000.0,8189000000.0,0.0,103962284042.2,183711284042.2,11.242236843561244,0.9651582454192116,0.3792156350657265,1.1881810618769009,0.02238197038199772,11.242236843561244,0.0270174433670199,5.2326496900644255,13.119924790787481,1.4178673000586446,0.28924785461887936,1.3266577115642935,0.005511614190463629,0.08648036911291025,0.5401860077734592,0.00862279098110908,-9.363440875637215,0.4531910610026173,-0.15628888888888884,1.2037692761659196,-0.40529646671484454,-0.3693695645032013,0.19084777145880175,-0.1349344978165939,-0.2320977253580455,1.5311374768618926,-0.10570231948452055,-0.07997341074214213,Oil & Gas Integrated,Energy,PBR
2019Q3,2019,Q3,2019-09-30,2019-09-30,2290000000.0,19416000000.0,4748000000.0,0.36,7561000000.0,0.3894210960032963,221993000000.0,73540000000.0,35444000000.0,32096000000.0,147611000000.0,7584000000.0,7161000000.0,94374796116.1,171096796116.1,11.275508332658154,1.1043120638085744,0.404972228854063,1.2224775632308948,-0.0037560735582863824,11.275508332658154,0.031139515909709002,4.860671411006387,10.30292534018559,1.2833124301890129,0.13013100436681221,1.563159282700422,0.0031576227156390356,0.08746221727712135,0.6628240279162513,0.010315640583261634,14.537091207039435,0.3894210960032963,-0.5135135135135135,2.065140421822854,-0.5001431341226293,-0.47190346755824186,-0.01830693326408725,-0.524007482851798,-0.11252336448598131,1.4281876477169726,-0.09962987758248246,-0.07470406672934786,Oil & Gas Integrated,Energy,PBR
2019Q2,2019,Q2,2019-06-30,2019-06-30,4811000000.0,18502000000.0,5350000000.0,0.74,7702000000.0,0.4162793211544698,251878000000.0,79229000000.0,47318000000.0,36100000000.0,171136000000.0,8934000000.0,0.0,101027338758.7,185342338758.7,12.14777331640159,1.3107479224376732,0.4011029149032468,1.275151775233816,0.016156774930604374,12.14777331640159,0.06072271516742607,5.460346922424603,5.249809746346914,1.2751308076424037,0.2091041363541883,1.2088650100738751,0.009957700681424394,0.0734561970477771,0.6581163434903047,0.019100516916920097,31.759616082584092,0.4162793211544698,3.6249999999999996,1.1622962021859504,-0.49871527009735866,-0.5162039466195175,0.09840273816314889,3.4962616822429906,0.2338560885608856,44.38782122512963,-0.08944786512271216,-0.06294518389568401,Oil & Gas Integrated,Energy,PBR
2019Q1,2019,Q1,2019-03-31,2019-03-31,1070000000.0,21229000000.0,4336000000.0,0.16,7012000000.0,0.3303028875594705,243561000000.0,72538000000.0,33517000000.0,29137000000.0,169388000000.0,8459000000.0,0.0,103962284042.2,200608284042.2,11.121876848441083,1.150324329889831,0.43523798966172744,1.4613995423088588,0.014029175047119102,11.121876848441083,0.014750889189114672,4.8971823468934,24.29025328088785,1.433211338087623,0.0,1.680695117626197,0.0,0.08716091656710229,0.6031506332154992,0.0043931499706439045,33.53622065877419,0.3303028875594705,0.9047619047619047,-0.5306911169073248,-0.3845456835099688,-0.5369228634913922,-0.15232108317214701,0.941923774954628,-0.3416337686000607,4.364856142928614,0.1801368165549578,-0.01718453009614286,Oil & Gas Integrated,Energy,PBR
2018Q4,2018,Q4,2018-12-31,2018-12-31,551000000.0,24346000000.0,6586000000.0,0.084,8272000000.0,0.33976833976833976,222068000000.0,71544000000.0,37062000000.0,25051000000.0,148893000000.0,8987000000.0,0.0,84852529196.3,155313529196.3,10.969471962900395,1.4794618977286336,0.37988363924563645,1.1791345186179134,0.020204425261493922,10.969471962900395,0.007701554288270155,3.48527598768997,38.49933266619782,1.1860188023635805,0.5607985480943739,1.7885835095137421,0.0036416121349211825,0.1096330853612407,0.9086663207057603,0.0024812219680458237,20.112000283550604,0.33976833976833976,-0.6769230769230768,-0.7988524194513688,-0.31081578883314714,-0.5146666837289712,-0.05678449258836944,-0.6726084373143196,0.17586145331190858,1.0584876859562764,0.09931601776090593,0.0967199348808578,Oil & Gas Integrated,Energy,PBR
2018Q3,2018,Q3,2018-09-30,2018-09-30,1683000000.0,24873000000.0,5601000000.0,0.26,8770000000.0,0.3525911631085916,216478000000.0,72521000000.0,37514000000.0,23495000000.0,142506000000.0,9707000000.0,0.0,78788761457.2,152716761457.2,11.11901829394658,1.5966801447116408,0.4070390524672253,1.2150273713820825,0.019789549463537635,11.11901829394658,0.02320707105528054,3.167642080054678,11.703618754783125,1.0864268481846637,0.024963836316832442,1.6589059441640053,0.0005332503740911337,0.11489851162704755,1.0211959991487551,0.007774462070048688,137.76991738248196,0.3525911631085916,-0.40909090909090906,0.1426485357532416,-0.2619481257049971,-0.5226040671764253,-0.00011401208528103979,-0.39763779527559057,-0.0649415692821369,2.4335547089587917,-0.02929303272624412,-0.0995386947280202,Oil & Gas Integrated,Energy,PBR
2018Q2,2018,Q2,2018-06-30,2018-06-30,2794000000.0,23407000000.0,5990000000.0,0.44,8771000000.0,0.374716965010467,220521000000.0,73173000000.0,37413000000.0,21954000000.0,145971000000.0,9216000000.0,0.0,65418152103.95,140133152103.95,11.218983820175579,1.7041541404755398,0.41588782927703033,1.2533584792204775,0.024543196980602897,11.218983820175579,0.038183482978694325,2.7948114710962533,5.853449544018432,0.8940203641226954,0.05905511811023622,1.5881076388888888,0.0025222357204130992,0.1061440860507616,1.1575567094834653,0.012669995147854399,15.122087864990753,0.374716965010467,0.375,-0.06742323097463282,-0.34192695886867785,-0.5207238953587382,0.06263629755270173,0.30256410256410254,0.1144186046511628,15.339181286549708,-0.10045732293147844,-0.26103553791619954,Oil & Gas Integrated,Energy,PBR
2018Q1,2018,Q1,2018-03-31,2018-03-31,2145000000.0,22958000000.0,5375000000.0,0.32,8254000000.0,0.3595260911229201,247956000000.0,81823000000.0,43750000000.0,23504000000.0,164391000000.0,8834000000.0,0.0,92224593295.1,174846593295.1,12.545213577661519,1.8613852961198094,0.413734694865218,1.2537794996516871,0.018719603986527878,12.545213577661519,0.026215122887207752,4.0171005007012806,10.748787097331002,1.1271230985798615,0.0,1.6644781525922572,0.0,0.0925890077271774,1.2062202178352621,0.00865072835503073,24.327246978396204,0.3595260911229201,2.2371931181132805,-0.45187614072067117,-0.37791103297639483,-0.5162268803326084,0.06324874404225171,2.2714878482513337,3.163439194422928,0.15198711063372713,-0.11587784495706091,-0.1358581431453103,Oil & Gas Integrated,Energy,PBR
2017Q4,2017,Q4,2017-12-31,2017-12-31,-1687000000.0,23567000000.0,1291000000.0,-0.25865,7763000000.0,0.329401281452879,251366000000.0,79802000000.0,47131000000.0,24948000000.0,169864000000.0,8489000000.0,0.0,67113936704.84999,153869936704.84998,12.235351110623474,1.8891694725028059,0.4347246644335352,1.3693265832936519,0.00429539044483072,12.235351110623474,-0.021139821057116363,2.8477929607014043,-9.945752327334024,0.8410056979129595,0.0,1.8617033808458003,0.0,0.09375571875273506,1.2751723585056918,-0.006711329296722707,35.909008402808986,0.329401281452879,-13.932500000000001,-1.382124769028678,-0.4320692981848457,-0.5271693806995157,0.15658522050059595,-21.325301204819276,-0.48442492012779553,0.826476033737914,-0.29459127779939537,-0.313661070593092,Oil & Gas Integrated,Energy,PBR
2017Q3,2017,Q3,2017-09-30,2017-09-30,83000000.0,22700000000.0,2504000000.0,0.02,6712000000.0,0.2956828193832599,253747000000.0,82627000000.0,45436000000.0,22489000000.0,170250000000.0,8160000000.0,0.0,65483374588.59999,155439374588.59998,12.66848395049605,2.0203655120281026,0.44710282289051695,1.3730499715589335,0.01028404433991519,12.66848395049605,0.001004514262892275,2.8847301580881055,197.23908008614455,0.7925178765851355,0.0,1.959313725490196,0.0,0.08945918572436325,1.4681399795455556,0.00032709746322124005,14.201555972370416,0.2956828193832599,0.0,-0.9700709932083132,-0.3824869723706819,-0.5156588476825491,0.010538994278831678,-0.13541666666666666,-0.46243022756547875,1.0386046511627907,-0.4156111625991144,-0.40666245386261474,Oil & Gas Integrated,Energy,PBR
2017Q2,2017,Q2,2017-06-30,2017-06-30,96000000.0,20823000000.0,4658000000.0,0.02,6642000000.0,0.3189742112087595,244258000000.0,78180000000.0,43055000000.0,21151000000.0,165320000000.0,8047000000.0,0.0,38352000000.0,128618000000.0,16.2875,2.0356011536097585,0.46604410090969384,1.456062931696086,0.0010143178312206852,16.2875,0.0012279355333844973,1.8418095375306152,99.875,0.49056024558710665,0.0,1.7622716540325587,0.0,0.08525002251717446,1.4881093092525177,0.000393027045173546,13.192982456140351,0.3189742112087595,-0.9090909090909092,1.2,-0.14261357078969386,-0.33036812853738895,-0.12177707259024197,-0.9322512350035286,-0.13788635942994631,-0.9413730475056179,-0.23342375718699201,-0.35133558931368264,Oil & Gas Integrated,Energy,PBR
2017Q1,2017,Q1,2017-03-31,2017-03-31,1417000000.0,21737000000.0,5403000000.0,0.22,7563000000.0,0.34793209734553987,248721000000.0,81372000000.0,42311000000.0,24767000000.0,166498000000.0,8260000000.0,0.0,63200587625.85,159111587625.85,12.476065644641153,1.708361933217588,0.4628640122868596,1.4147864130167624,0.018537834007701398,12.476065644641153,0.01741385243081158,2.907511966961862,11.150421246621383,0.7766871605202035,0.0,1.7159806295399516,0.0,0.0873951134001552,1.0958533532523116,0.005697146602015914,15.058515040707649,0.34793209734553987,0.8333333333333334,-0.7281273983115887,-0.41895215183106127,-0.5590597262411808,0.09197227837135431,0.8793103448275862,0.19482529854046882,-0.3785087719298245,-0.3698324346263119,-0.48053904639093,Oil & Gas Integrated,Energy,PBR
2016Q4,2016,Q4,2016-12-31,2016-12-31,754000000.0,21403000000.0,4522000000.0,0.12,6926000000.0,0.32359949539784144,246983000000.0,76779000000.0,44769000000.0,24903000000.0,169433000000.0,8475000000.0,0.0,63524499996.63,160689499996.63,12.219469496669468,1.797735212624985,0.47926375499528306,1.5416975996040585,0.012172860653778287,12.219469496669468,0.00982039359720757,2.968018501921693,21.062499998882625,0.8273681605208455,0.0,1.7082005899705015,0.0,0.08665778616342015,1.1749588403003655,0.0030528416935578563,18.7332645227455,0.32359949539784144,1.146341463414634,-0.746708797462291,-0.3849163975792424,-0.5467508947567262,-0.036315569778767216,1.1401486988847584,2.4545454545454546,-0.7142857142891905,-0.3711026731737876,-0.4593617929879636,Oil & Gas Integrated,Energy,PBR
2016Q3,2016,Q3,2016-09-30,2016-09-30,-5380000000.0,21693000000.0,1309000000.0,-0.82,7187000000.0,0.3313050292721154,247429000000.0,79951000000.0,44591000000.0,25514000000.0,166714000000.0,8511000000.0,0.0,61213902441.3,162287902441.3,12.18584014824588,1.7477071411773928,0.49572200510045306,1.534139660542082,0.006115793214127193,12.18584014824588,-0.0672912158697202,2.8218274301064863,-2.844512195227695,0.7656427366924741,0.0,1.704382563741041,0.0,0.08767363566922229,1.1864074625695697,-0.02174361129859475,12.033399339748378,0.3313050292721154,-51.45532857494462,-2.385914418528422,-0.44666939147887863,-0.5436538136375366,0.10535219932328514,-51.75471698113208,-0.36083984375,-4.631112822115688,-0.36010716135870324,-0.47679998620220276,Oil & Gas Integrated,Energy,PBR
2016Q2,2016,Q2,2016-06-30,2016-06-30,106000000.0,20320000000.0,2048000000.0,0.016252,6502000000.0,0.3199803149606299,254951000000.0,84553000000.0,41321000000.0,26071000000.0,169184000000.0,8882000000.0,0.0,46699299009.4,151012299009.4,12.963780888405637,1.5849411223198189,0.48606202760530454,1.4656132839757312,0.005813841745216463,12.963780888405637,0.0012536515558288883,2.2981938488877955,110.1398561542453,0.5523080081061583,0.0,1.5557306912857465,0.0,0.07970158971723978,1.0958536304706379,0.0004157661668320579,14.967724041474359,0.3199803149606299,1.4062999999999999,-0.9846678640741892,-0.4728855610092259,-0.5884789880621287,0.21012469756188348,1.3333333333333333,-0.2625135037810587,-0.9646194926568759,-0.42871601675616405,-0.4461859910659313,Oil & Gas Integrated,Energy,PBR
2016Q1,2016,Q1,2016-03-31,2016-03-31,-318000000.0,17989000000.0,2777000000.0,-0.04,5373000000.0,0.2986825282116849,241413000000.0,73808000000.0,41094000000.0,30193000000.0,166561000000.0,8176000000.0,0.0,38089931035.6,142681931035.6,11.316342883297379,1.3610439505845726,0.5237787525941022,1.7131882722740082,0.033618847691839183,11.316342883297379,-0.004308476045957078,2.1174012471843904,-29.94491433616352,0.5160677844623889,0.0,1.5430528375733856,0.0,0.074515456914085,1.023581624879939,-0.0013172447217009854,56.429527460148144,0.2986825282116849,0.9723076071003295,-1.048743102391171,-0.4484101431944317,-0.6127881477750846,-0.23100042936882784,0.9662456214839189,-0.05318786225707467,-1.0812603203966558,-0.5125551691006345,-0.563615042024726,Oil & Gas Integrated,Energy,PBR
2015Q4,2015,Q4,2015-12-31,2015-12-31,-9421000000.0,22147000000.0,2933000000.0,-1.44444,6987000000.0,0.3154829096491624,230521000000.0,65236000000.0,43428000000.0,28573000000.0,164466000000.0,7441000000.0,0.0,28045668399.5,129203668399.5,10.002072191832697,1.5198964056976867,0.5475249543425544,1.9347599484946962,0.01149500491292613,10.002072191832697,-0.14441412716904775,1.2663416444439428,-0.7442327884380638,0.4299109142114783,0.0,2.0373605698158848,0.0,0.0960736765847797,1.2035488048157352,-0.04086829399490719,15.250499401576944,0.3154829096491624,-7.024666666666667,-2.597862957937585,-0.30764661748155564,-0.640561120477812,0.04361463778939507,-7.870998116760829,0.7232667450058754,-3.1339641073024156,-0.46628924966689766,-0.6134736186976969,Oil & Gas Integrated,Energy,PBR
2015Q3,2015,Q3,2015-09-30,2015-09-30,-1062000000.0,23179000000.0,1702000000.0,-0.18,6695000000.0,0.28883903533370725,234479000000.0,72854000000.0,44397000000.0,27616000000.0,161237000000.0,8202000000.0,0.0,25664999999.999996,128037000000.0,12.34813559322034,1.6076549826187718,0.5438013638748033,1.7502127542756747,0.008208913371239692,12.34813559322034,-0.014577099404288028,1.107252254195608,-6.041666666666666,0.352279902270294,0.0,2.0097537186052183,0.0,0.09885320220574124,1.2357329084588644,-0.004529190247314258,24.14393226716839,0.28883903533370725,-5.5,-1.167125271238095,-0.44188619968600074,-0.6897024593571982,-0.1953125,-7.2105263157894735,-0.447043534762833,-1.4233348837239719,-0.30295584440258755,-0.5279063978323715,Oil & Gas Integrated,Energy,PBR
2015Q2,2015,Q2,2015-06-30,2015-06-30,171000000.0,26021000000.0,3078000000.0,0.04,8320000000.0,0.31974174705045927,276962000000.0,99021000000.0,51693000000.0,32424000000.0,177237000000.0,10885000000.0,0.0,59026348608.25001,166801348608.25,15.182034313990213,1.594282013323464,0.483589806543858,1.352601973318791,0.0033362499879443564,15.182034313990213,0.001726906413791014,2.268411998318666,86.29583129861112,0.5960992982119955,0.0,1.626182820395039,0.0,0.09395151681458107,1.2089810017271156,0.0006174132191419762,34.040570131632066,0.31974174705045927,-0.8571428571428571,-0.9729111720917055,-0.40918110331883656,-0.3170274395244953,0.06298709594991696,-0.9081632653061225,-0.36679695535897966,1.2621795243122496,-0.21150092733760842,-0.3758174028987356,Oil & Gas Integrated,Energy,PBR
2015Q1,2015,Q1,2015-03-31,2015-03-31,1862000000.0,25967000000.0,4861000000.0,0.28,7827000000.0,0.30142103438980244,259335000000.0,94687000000.0,42881000000.0,28167000000.0,164039000000.0,9985000000.0,0.0,39198713274.65,153347713274.65,14.51753954301402,1.5223843504810595,0.4815701698575202,1.318956139702388,0.01327235077977444,14.51753954301402,0.019664790309123745,1.5095587967285402,5.262985133545918,0.4139819962048644,0.0,1.8167250876314471,0.0,0.10012917654770856,1.0921645897681684,0.007179902442786357,-104.25189700704787,0.30142103438980244,1.187845081477804,-0.7098839728395585,-0.3662289214325223,-0.33193820658742135,-0.09503988900450919,1.1915243777000617,0.35479375696767,-0.6427475057559477,-0.30588078053996265,-0.4869081293147359,Oil & Gas Integrated,Energy,PBR
2014Q4,2014,Q4,2014-12-31,2014-12-31,-9722000000.0,33409000000.0,3588000000.0,-1.49059,8649000000.0,0.2588823370947948,298687000000.0,116272000000.0,50832000000.0,31118000000.0,181709000000.0,11466000000.0,0.0,47612413794.5,163115413794.5,17.826981082358994,1.6335240053988045,0.4424631805200762,1.1366279069767442,0.010790326368229693,17.826981082358994,-0.08361428374845191,1.425137352045856,-1.2243471969373585,0.4094916557253681,-0.0006171569635877391,2.159427873713588,0.00012601755554542157,0.11185287608767706,1.2133813227071149,-0.032549123329773305,-17.427677084370426,0.2588823370947948,-3.521872345589128,-2.2714906943170026,-0.14229828430794356,-0.16851676593619846,-0.014246637793480739,-3.521860465116279,0.32057416267942584,-4.146278317152103,-0.07505537098560357,-0.3387549903888807,Oil & Gas Integrated,Energy,PBR
2014Q3,2014,Q3,2014-09-30,2014-09-30,-2150000000.0,38844000000.0,2717000000.0,-0.32964,8774000000.0,0.2258778704561837,332818000000.0,139258000000.0,58322000000.0,34560000000.0,193122000000.0,13234000000.0,0.0,92550705718.34999,207638705718.34998,21.35122584600892,1.6875578703703704,0.40663065098642504,0.9718220856252423,0.010105179895402874,21.35122584600892,-0.015438969394936018,2.3826255205012354,-10.761709967249999,0.6645988432862026,-0.0037209302325581397,2.2721777240441288,8.643910316951634e-05,0.1167124374282641,1.1858506944444445,-0.006459987140118624,-5.843585409669781,0.2258778704561837,-1.9662894999120595,-1.387291744726083,0.009758878813807754,0.04214068638507404,0.028846153846153848,-1.9662921348314606,-0.2904152520240272,-1.55713915522156,-0.003309983834962633,-0.20042029351645577,Oil & Gas Integrated,Energy,PBR
2014Q2,2014,Q2,2014-06-30,2014-06-30,2225000000.0,36910000000.0,3829000000.0,0.34114,8528000000.0,0.2310484963424546,363392000000.0,163769000000.0,65502000000.0,34167000000.0,198923000000.0,16984000000.0,0.0,95420495042.95001,208733495042.95,25.10928568251041,1.9171130037755728,0.38446085769637195,0.8530918549908713,0.008324043318866398,25.10928568251041,0.013586209844353938,2.5852206730682745,10.721403937410113,0.5826529748789454,1.76,1.6711022138483278,0.04103940142248641,0.10157075554772807,1.3040360581847983,0.006122864564987672,14.879228916723845,0.2310484963424546,0.0033529411764705126,-0.6250076732012136,0.15034060692552856,0.3917999612420691,0.036334913112164295,-0.02412280701754386,0.13653903235381418,-0.6781697883497231,-0.04252982563240797,-0.20293325365092607,Oil & Gas Integrated,Energy,PBR
2014Q1,2014,Q1,2014-03-31,2014-03-31,2280000000.0,34494000000.0,3369000000.0,0.34,8229000000.0,0.23856322838754565,354403000000.0,156647000000.0,70555000000.0,37006000000.0,197189000000.0,15581000000.0,0.0,85767567314.75,191679567314.75,24.01733096195378,1.906582716316273,0.3842151449056582,0.869260183725191,0.008767171023976611,24.01733096195378,0.014555018608718967,2.4864488697961966,9.404338521354168,0.5475212887240101,0.0,1.6857069507733777,0.0,0.09732987587576855,1.362995189969194,0.0064333541194628715,-17.984392391434262,0.23856322838754565,-0.19047619047619038,-0.41821364037117514,0.2739723756531433,0.6335904816366181,0.10101685844260101,-0.17391304347826086,0.36341562120598947,-0.6505211526670753,0.057676386716953396,-0.17819782387442684,Oil & Gas Integrated,Energy,PBR
2013Q4,2013,Q4,2013-12-31,2013-12-31,2760000000.0,35593000000.0,2471000000.0,0.42,7474000000.0,0.20998510943162982,321423000000.0,148527000000.0,52655000000.0,35226000000.0,172300000000.0,14225000000.0,0.0,90554285708.37999,189011285708.38,22.601934784082736,1.4947765854766366,0.35568394296612255,0.7697253697980838,0.014532573252492681,22.601934784082736,0.018582479953139833,2.544159967082853,8.202380951846015,0.6096823184227783,0.00036231884057971015,1.976731107205624,1.1043099641030672e-05,0.11073569719652919,0.9763810821552262,0.008586815504802083,-4.6926613312110685,0.20998510943162982,0.826086956521739,-0.1493277398337181,0.06377894835742884,0.6016339326109068,0.03118101545253863,0.8598382749326146,-0.05143953934740883,-0.5353893562621009,0.10437115508614284,-0.1877668988974085,Oil & Gas Integrated,Energy,PBR
2013Q3,2013,Q3,2013-09-30,2013-09-30,1484000000.0,33955000000.0,2605000000.0,0.23,7248000000.0,0.21345898983949343,340106000000.0,153055000000.0,61545000000.0,31375000000.0,186249000000.0,15054000000.0,0.0,101791428564.79001,196642428564.79,23.290978262388542,1.961593625498008,0.3307704068731513,0.735010290418477,0.006992070049939374,23.290978262388542,0.009695860965012577,2.9978332665230454,17.148151712397237,0.6650643792413838,0.855121293800539,1.7740799787431911,0.012466668538719687,0.0998365215550446,1.352988047808765,0.004363345545212375,-99.60022364460862,0.21345898983949343,-0.49929356853473705,-0.8347994483091831,-0.37177858353057125,0.36970221198587744,-0.1980526665191414,-0.5046728971962616,-0.5145359672008946,-0.7903264109016236,-0.26595274212407627,-0.41471866587275485,Oil & Gas Integrated,Energy,PBR
2013Q2,2013,Q2,2013-06-30,2013-06-30,2996000000.0,35569000000.0,5366000000.0,0.459351,9038000000.0,0.25409766931878885,338068000000.0,152674000000.0,65313000000.0,30765000000.0,184600000000.0,14035000000.0,0.0,86680682099.84999,175952682099.84998,23.408185201665727,2.122964407606046,0.33248636369014517,0.7362288274362366,0.014463474076474038,23.408185201665727,0.019623511534380446,2.4369727037546736,7.233034220614987,0.5677501218272266,0.46261682242990654,1.890345564659779,0.015989721889860378,0.10521256078658732,1.5938566552901023,0.008862122413242307,11.075988001514183,0.25409766931878885,-0.23441499999999996,-0.6757538936240265,-0.28572447849533833,0.237752439545527,-0.04339542760372565,-0.22262584327970938,-0.02789855072463768,-0.5253910619108159,-0.19238932646507423,0.05303069750898512,Oil & Gas Integrated,Energy,PBR
2013Q1,2013,Q1,2013-03-31,2013-03-31,3854000000.0,36345000000.0,5520000000.0,0.6,9448000000.0,0.25995322602833953,345274000000.0,166570000000.0,58045000000.0,34030000000.0,177598000000.0,15792000000.0,0.0,105471133327.86002,189739133327.86002,25.932018683234666,1.7057008521892447,0.28323013027334815,0.5870925136579216,0.014349736380818098,25.932018683234666,0.02313741970342799,2.9019434125150645,6.841666666311625,0.6331940525176203,0.0,1.7032041540020264,0.0,0.10526422493439992,1.1632383191301792,0.011162149481281533,14.147704001054327,0.25995322602833953,0.03448275862068969,-0.7075957540394805,-0.5288307871173653,-0.18716232512927006,-0.025991266609517262,-0.1224074425915502,1.2009466981754346,-0.39026568864104766,-0.09927505310393253,0.19332830862973713,Oil & Gas Integrated,Energy,PBR
2012Q4,2012,Q4,2012-12-31,2012-12-31,4391559576.782359,41277923365.9646,2508011668.149906,0.58,9700118362.503708,0.23499530915118338,331645000000.0,167887000000.0,57794000000.0,34070000000.0,162606000000.0,14552000000.0,0.0,126320017231.98,208867017231.97998,25.87681637184308,1.6963310830642795,0.28966816927739,0.5722122618189616,0.008247074165271416,25.87681637184308,0.02615782983067396,3.060231885021043,7.191068174266527,0.7524109504129562,0.0486297325834853,2.169997595070155,0.001690629660469233,0.12446418117554794,1.1923099501027297,0.013241748184903614,-6.658326439765698,0.23499530915118338,0.3640800103481931,-0.47199422211757613,-0.44891226174759263,-0.12914752975099505,0.08478709499060005,0.5955395006287048,-0.5373308646479387,-0.4226123867760544,0.0653241132445775,0.20694237934805962,Oil & Gas Integrated,Energy,PBR
2012Q3,2012,Q3,2012-09-30,2012-09-30,2752397903.688322,36484228221.101555,5420745575.002472,0.425195,8941955898.348663,0.24509099779111848,319728567190.74457,169315237812.7163,62200632848.808464,31765549292.989223,149330070206.6647,15008405023.237417,0.0,149402744187.12,226713631164.2781,26.156117211763927,1.9581160796276984,0.2884813734086098,0.5447574440002686,0.01420254952776838,26.156117211763927,0.016256055504778703,4.094995330083733,13.570234883818433,0.8823939659369465,0.07504742231004134,1.8351232046382921,0.0013825741218291328,0.11411000443803225,1.3849554078662702,0.0086085454542643,21.80190877728683,0.24509099779111848,5.251949999999999,-0.7566725716225791,-0.4727257684585529,-0.03810845626581583,0.0962309548055245,5.018099129472003,0.4879894523750952,-0.5004424033365535,-0.044405881588227315,0.2766645878241871,Oil & Gas Integrated,Energy,PBR
2012Q2,2012,Q2,2012-06-30,2012-06-30,-685000000.0,34659000000.0,3643000000.0,-0.1,8157000000.0,0.23535012550852594,310704000000.0,166613000000.0,57547000000.0,31125000000.0,143046000000.0,14921000000.0,0.0,128574500000.0,204197500000.0,24.323065693430657,1.8488995983935743,0.28529726041505743,0.5320293134389273,0.01719489899473569,24.323065693430657,-0.004111323846278501,3.7097002221645172,-46.925,0.7716954859464747,-2.9810218978102188,1.7761544132430802,0.01588184282264368,0.11154989958288275,1.28340562248996,-0.002204670683351357,22.922891781066145,0.23535012550852594,-1.125,-1.0506118870558374,-0.460291449497066,-0.02581643623796308,-0.2876604663348179,-1.1314274750575595,-0.5404314368613599,-1.1099232866449513,0.02850214368847521,0.34822002973126803,Oil & Gas Integrated,Energy,PBR
2012Q1,2012,Q1,2012-03-31,2012-03-31,5212000000.0,37410000000.0,7927000000.0,0.8,11451000000.0,0.30609462710505214,337971000000.0,184542000000.0,69354000000.0,36195000000.0,152021000000.0,16133000000.0,63816000000.0,173230919230.4,241412919230.4,28.294230278146877,1.9161210111893907,0.2665376615153371,0.4881382016018034,0.021984161644459384,28.294230278146877,0.028242893216720313,4.630604630590751,8.309234422026092,0.9387072819759188,0.2346508058326938,1.6090621707060062,0.007059940600865771,0.11068997044125088,1.3889487498273243,0.01542144148462442,52.87879097387057,0.30609462710505214,0.7021276595744683,-0.18811248522342688,-0.3162237952957424,0.2844623640434879,1.8004402054292004,0.6867313915857605,0.17315376646440728,0.3299432045550154,0.3816694663763,0.9244929980285914,Oil & Gas Integrated,Energy,PBR
2011Q4,2011,Q4,2011-12-31,2011-12-31,3090000000.0,36120000000.0,6757000000.0,0.47,4089000000.0,0.11320598006644518,319410000000.0,175838000000.0,64592000000.0,36364000000.0,142300000000.0,15165000000.0,60224000000.0,162077874355.25,225947874355.25,26.959721167261602,1.7762622373776262,0.2596255596255596,0.4716102321454976,0.017233305277822606,26.959721167261602,0.017572993323399948,4.487205823788759,13.113096630683657,0.9217454381604091,0.4343042071197411,2.112166172106825,0.008279970386695352,0.11308349769888232,1.2820921790782092,0.00967408659716352,271.4872267257119,0.11320598006644518,-0.21666666666666667,-0.6269891492185671,-0.3613229256614934,0.3349435795299813,-0.7169654599570845,-0.19927442342575796,-0.19377162629757785,-0.040435614216704434,0.0876696018606284,0.9104384048406183,Oil & Gas Integrated,Energy,PBR
2011Q3,2011,Q3,2011-09-30,2011-09-30,3859000000.0,38973000000.0,8381000000.0,0.6,14447000000.0,0.37069253072640035,308956000000.0,174164000000.0,64799000000.0,35831000000.0,133492000000.0,14636000000.0,0.0,146424478039.25,206746478039.25,26.703061211882243,1.808461946359298,0.2522883517394063,0.44754369444891023,0.025867735160547935,26.703061211882243,0.02215727704921798,3.757074847695841,9.485908139365769,0.8407275788294366,0.38274164291267165,1.675731074063952,0.010087111252014032,0.12614417586970314,1.3132483045407608,0.012490451714807286,-56.33877569805694,0.37069253072640035,-0.43396226415094347,-0.6319320673448232,-0.33823685907985696,0.3539961391024146,0.15409809873781755,-0.4372174420300423,-0.036334368172933194,-0.5671725227434677,-0.27350054508229066,0.5703609181488507,Oil & Gas Integrated,Energy,PBR
2011Q2,2011,Q2,2011-06-30,2011-06-30,6857000000.0,38234000000.0,8697000000.0,1.06,12518000000.0,0.32740492755139405,350661000000.0,203783000000.0,76725000000.0,38082000000.0,144744000000.0,16394000000.0,70789000000.0,219035867940.5,278296867940.5,31.50211170836356,2.01473136915078,0.23084973806610942,0.39723627584244026,0.02313003600820404,31.50211170836356,0.03364853790551715,5.728824290958309,7.985849057186087,1.0748485788338575,0.36867434738223714,1.5686226668293277,0.011541488724060111,0.10903408134922332,1.4980568247465995,0.019554498504253396,24.862187053405222,0.32740492755139405,0.06000000000000005,-0.306278603154136,-0.2510491630919991,0.649669772716979,-0.07820324005891016,0.05104230533415083,0.09935532802427001,-0.25176819439084286,-0.22587177494127922,0.6657342413323032,Oil & Gas Integrated,Energy,PBR
2011Q1,2011,Q1,2011-03-31,2011-03-31,6524000000.0,32613000000.0,7911000000.0,1.0,13580000000.0,0.4163983687486585,330551000000.0,190614000000.0,73600000000.0,36650000000.0,138099000000.0,14595000000.0,65827000000.0,263694505439.95,315727505439.95,29.225197571494235,2.00818553888131,0.2360634213782442,0.4093665732842289,0.02248903642364875,29.225197571494235,0.034226237317300935,8.085564205683317,10.104786382585454,1.3833952670840022,0.15864500306560392,1.3040767386091128,0.003924996458584519,0.09866253618957438,1.513669849931787,0.019736742590402086,-292.0204932889812,0.4163983687486585,0.11111111111111108,-0.3064607032770827,-0.32367273590223505,0.6679177402743555,0.08822822341533777,0.10651289009497965,1.544548086201351,-0.5125287159317499,-0.5836236028184982,-0.08393781711220326,Oil & Gas Integrated,Energy,PBR
2010Q4,2010,Q4,2010-12-31,2010-12-31,5896000000.0,31988000000.0,3109000000.0,0.9,12479000000.0,0.39011504314117795,308683000000.0,181494000000.0,63863000000.0,33552000000.0,125286000000.0,11834000000.0,60905000000.0,246801881915.60004,298821881915.60004,27.826906775162236,1.9034036719122556,0.22564572716994458,0.3837757722018359,0.010080279185821299,27.826906775162236,0.03248592239963856,7.715452104401652,10.464801641604478,1.3598349362270932,0.3778833107191316,1.6485550109852967,0.00902748383726636,0.1036273458531892,1.462714592274678,0.01910050116138563,-7.008231540084053,0.39011504314117795,-0.15094339622641512,-0.43726860544555296,-0.33863266902338734,0.8539513694689577,0.005641066967523572,0.24783068783068782,-0.5592571590586901,-0.29484229366971987,-0.5751859415892588,-0.0635196325423089,Oil & Gas Integrated,Energy,PBR
2010Q3,2010,Q3,2010-09-30,2010-09-30,4725000000.0,30881000000.0,7054000000.0,1.06,12409000000.0,0.4018328422007059,298136000000.0,174580000000.0,65972000000.0,37481000000.0,121322000000.0,12538000000.0,0.0,159117881679.90002,198611881679.90002,39.794500361299555,1.7601451402043702,0.22454517401454369,0.38346316874785197,0.020923550724307002,39.794500361299555,0.02706495589414595,5.15261428321298,8.418935538619047,0.9114324761135296,0.0,1.4732812250757696,0.0,0.10358024525719806,1.341853205624183,0.015848471838355648,30.634940639179828,0.4018328422007059,0.10416666666666677,-0.11068429515478605,-0.012513317944650023,1.6269447265421204,0.0198060486522025,0.11281205840791333,-0.012874335292471313,-0.38364205583094174,-0.34147225657866676,0.4634432578335877,Oil & Gas Integrated,Energy,PBR
2010Q2,2010,Q2,2010-06-30,2010-06-30,4246000000.0,29624000000.0,7146000000.0,0.96,12168000000.0,0.4107480421280043,210564000000.0,97521000000.0,40282000000.0,34660000000.0,111620000000.0,10857000000.0,0.0,150563156858.4,202335156858.4,22.22934740367908,1.162204270051933,0.3074789612659334,0.6638980322187016,0.03252509622311281,22.22934740367908,0.04353934024466525,5.082472213691601,8.864999815025907,1.54390497286123,0.0,1.607810629087225,0.0,0.14068881670181038,0.7608193883439123,0.020164890484603255,19.02491241576952,0.4107480421280043,-0.02040816326530614,0.0016851900536589916,0.0814229828771221,0.7094093394673302,-0.010892537798731913,-0.01644660643965717,-0.014480761274306992,-0.5101522842639593,-0.279712118264929,-0.10967370862015448,Oil & Gas Integrated,Energy,PBR
2010Q1,2010,Q1,2010-03-31,2010-03-31,4317000000.0,27559000000.0,7251000000.0,0.98,12302000000.0,0.446387749918357,204215000000.0,95334000000.0,42034000000.0,33221000000.0,107409000000.0,11247000000.0,0.0,195223207465.0,240369207465.0,21.73083341416045,1.2652840071039402,0.2926327644884068,0.6268487632953615,0.034356518364322665,21.73083341416045,0.04528290011957958,7.083827695671106,11.305490355860552,2.0477815623492144,0.0,1.3565395216502178,0.0,0.13495090958058908,0.8314319255892357,0.021139485346326176,35.334517188235296,0.446387749918357,-0.16239316239316237,0.054772112792170514,0.28346515813582485,0.9534109095777485,0.0042448979591836735,-0.16060664981528291,0.8050784167289021,-0.00023158824268869848,-0.25111413009337424,-0.013493656289848032,Oil & Gas Integrated,Energy,PBR
2009Q4,2009,Q4,2009-12-31,2009-12-31,5143000000.0,26200000000.0,4017000000.0,1.17,12250000000.0,0.4675572519083969,200270000000.0,94058000000.0,42644000000.0,30965000000.0,104850000000.0,11227000000.0,51753000000.0,209173989481.6,250136989481.6,21.439976600888492,1.3771677700629743,0.2852748789134668,0.6074124476386911,0.022503578617858032,21.439976600888492,0.054679027833889726,7.983740056549618,10.167897602644372,2.223883024108529,0.6503986000388878,1.2425403046227843,0.015991472019489514,0.1308233884256254,0.9138059098982723,0.025680331552404255,-54.050126481033594,0.4675572519083969,0.3604651162790697,0.506139584539266,0.22393723409531255,1.0891982097206807,0.06290672451193059,0.37734333154793787,-0.4001791847095714,-0.07699210295322445,-0.311251314091896,0.061626673772319326,Oil & Gas Integrated,Energy,PBR
2009Q3,2009,Q3,2009-09-30,2009-09-30,3734000000.0,25875000000.0,6697000000.0,0.86,11525000000.0,0.4454106280193237,189037000000.0,89881000000.0,42082000000.0,28678000000.0,96767000000.0,10487000000.0,49107000000.0,201365061183.0,234936061183.0,20.48785363142379,1.4673966106423042,0.2653766193919709,0.558137982443453,0.03287508253355124,20.48785363142379,0.041543819049632294,7.7822245867826085,13.48186001493037,2.2403518116509606,0.4231387252276379,1.3683608276914274,0.007846445608377417,0.13687796568925661,0.9704651649347932,0.01975274681676074,-109.20014163937093,0.4454106280193237,-0.04444444444444448,0.015020477550224513,0.2655205151295518,1.2517498755843597,0.07509328358208955,-0.06439488849912303,-0.009319526627218935,-0.4705152902014834,-0.3468017667782808,0.03884998410217203,Oil & Gas Integrated,Energy,PBR
2009Q2,2009,Q2,2009-06-30,2009-06-30,3991000000.0,21582000000.0,6760000000.0,0.9,10720000000.0,0.4967102214808637,157443000000.0,79146000000.0,28684000000.0,27434000000.0,76483000000.0,9152000000.0,46273000000.0,179780832402.59998,202429832402.59998,18.040872526036285,1.0455638988116935,0.17478706579524017,0.34769918884087636,0.05085384172332235,18.040872526036285,0.050425795365527,8.330128459021406,11.261640716775243,2.2715087610567806,0.636431971936858,1.1868444055944056,0.014128313714289303,0.13707818067491093,0.6095720638623606,0.02534885641152671,-44.150499116552055,0.4967102214808637,0.5000000000000001,0.5264703036829658,0.25524363199893474,1.241008317744473,0.30859375,0.5140364188163885,0.44075021312872975,-0.4046264736157456,-0.37662107719241666,-0.05525437928845792,Oil & Gas Integrated,Energy,PBR
2009Q1,2009,Q1,2009-03-31,2009-03-31,2636000000.0,18212000000.0,4692000000.0,0.6,8192000000.0,0.4498133099055568,132236000000.0,64499000000.0,27157000000.0,25668000000.0,66978000000.0,7020000000.0,43524000000.0,133673059133.9,148794059133.9,14.70217366710654,1.0580099735078696,0.17579932847333554,0.36042419262314146,0.03609804490856968,14.70217366710654,0.0408688506798555,7.339834127712497,12.677642178860014,2.0724826607218714,0.09370257966616084,1.4273504273504274,0.001847791930553341,0.1377234641096222,0.6871591086177341,0.01993405729150912,-312.32023162126166,0.4498133099055568,0.22448979591836732,-0.014410159076256337,0.14734210139389384,0.8324040697793417,-0.06569343065693431,0.2169898430286242,1.1395348837209303,-0.5833912054015032,-0.43850008791411443,-0.16092898191799265,Oil & Gas Integrated,Energy,PBR
2008Q4,2008,Q4,2008-12-31,2008-12-31,2166000000.0,22337000000.0,2193000000.0,0.49,8768000000.0,0.3925325692796705,125695000000.0,61909000000.0,26758000000.0,24756000000.0,63127000000.0,7990000000.0,41486000000.0,107438569681.29999,121495569681.29999,14.111798160543556,1.080869284213928,0.1635387246907196,0.33203572986157104,0.009828413085747636,14.111798160543556,0.0349868355166454,4.809892540685857,12.400573601258078,1.735427315597086,0.37903970452446906,1.6982478097622027,0.007641576041410178,0.17770794383229246,0.667191791888835,0.017232189028998767,-66.03476931856176,0.3925325692796705,-0.2794117647058824,0.21116455645306442,0.3702592612611994,0.8043518975024775,-0.3055049504950495,-0.6388194097048524,-0.7147131520749317,-0.6926536720212775,-0.3133958851369665,-0.05980971091039598,Oil & Gas Integrated,Energy,PBR
2008Q3,2008,Q3,2008-09-30,2008-09-30,5997000000.0,36083000000.0,7687000000.0,0.68,12625000000.0,0.3498877587783721,141984000000.0,74599000000.0,33428000000.0,26513000000.0,65578000000.0,12895000000.0,42923000000.0,192810336361.5,212304336361.5,17.00441019849115,1.2608154490250065,0.17449853504620239,0.33212241450957786,0.052183950306990246,17.00441019849115,0.08038981755787611,5.343522887828063,8.037782906515758,2.5846236056984684,0.00033350008337502084,1.8191547111283444,1.0372887873864816e-05,0.2541342686499887,0.6606947535171426,0.04223715348208249,-424.69237084030834,0.3498877587783721,-0.5211267605633803,0.5803341957228061,1.1949201276583903,1.3195845835544349,-0.05902958932697324,-0.03507642799678198,-0.19482559966481616,0.12872513903846505,0.15383186906522445,0.12250801727182732,Oil & Gas Integrated,Energy,PBR
2008Q2,2008,Q2,2008-06-30,2008-06-30,6215000000.0,33495000000.0,9547000000.0,1.42,13417000000.0,0.4005672488431109,156926000000.0,82967000000.0,37218000000.0,26698000000.0,71666000000.0,13692000000.0,36871000000.0,310733927747.1,322631927747.1,18.911847356374956,1.3940370065173422,0.11818309266788167,0.2235346583581424,0.06531714792335892,18.911847356374956,0.07490930128846408,9.277024264729063,12.499353489424779,3.745271345801343,0.20627514078841513,1.4664037394098743,0.0041257162013006625,0.21344455348380764,0.7579219417184808,0.03960465442310388,782.7051076753148,0.4005672488431109,-0.303921568627451,1.1294530083311594,1.2667003033857538,1.7026662137464001,0.26790776790776794,0.38080426571872916,0.5228904131440422,0.4661972341458998,0.2227336892880503,0.45429768631972584,Oil & Gas Integrated,Energy,PBR
2008Q1,2008,Q1,2008-03-31,2008-03-31,4501000000.0,26342000000.0,6269000000.0,2.04,10582000000.0,0.4017158909725913,136608000000.0,69980000000.0,30915000000.0,23083000000.0,64545000000.0,10344000000.0,45470000000.0,111990121990.175,129842121990.175,31.90307177550398,1.3392973183728285,0.1760731435933474,0.3437124892826522,0.04570286688887238,31.90307177550398,0.06431837667905116,4.251390250936717,6.220291156974839,1.6003161187507144,0.5869806709620085,1.5235885537509668,0.023591366390615997,0.1928291168892012,0.7612528700775463,0.03294828999765753,3733.004066339167,0.4017158909725913,0.59375,0.9479269555795761,2.7374779956826742,4.970771647047434,-0.05979564637938694,0.6006401137980085,0.03911818332504558,1.1994576232001668,1.4535751802034833,1.8678057241330657,Oil & Gas Integrated,Energy,PBR
2007Q4,2007,Q4,2007-12-31,2007-12-31,2812000000.0,25324000000.0,6033000000.0,1.28,11255000000.0,0.4444400568630548,129715000000.0,65179000000.0,29140000000.0,24468000000.0,62204000000.0,9231000000.0,41481000000.0,126390575439.7,135020575439.7,29.714351461211404,1.1909432728461664,0.12039471148286629,0.23960171220791973,0.04631739621758728,29.714351461211404,0.04314273002040535,4.990940429620123,11.236715455165362,1.9391303247932616,0.0,1.5241035640775646,0.0,0.19522799984581582,0.7062285434036293,0.02167829472304668,-8.880107878851964,0.4444400568630548,-0.264367816091954,37.49284790076565,3.267418139163056,6.002701851322534,0.16198637208341937,-0.2663709887816332,0.015998652745031997,0.6470015600717155,1.366029505055702,1.895486829645203,Oil & Gas Integrated,Energy,PBR
2007Q3,2007,Q3,2007-09-30,2007-09-30,3833000000.0,23447000000.0,5938000000.0,1.74,9686000000.0,0.4131018893675097,118331000000.0,59647000000.0,28652000000.0,21620000000.0,56478000000.0,8277000000.0,0.0,85689826962.025,98667826962.025,27.192376710395628,1.325254394079556,0.17238931471888178,0.3419954063071068,0.05234909112138456,27.192376710395628,0.06426140459704595,3.654617945239263,5.5889529716948205,1.4366158727517728,0.0,1.6625588981515043,0.0,0.19814756910699646,0.8020814061054579,0.03239218801497494,16.349900202637855,0.4131018893675097,0.7575757575757576,4.047554130720388,2.909614750601755,0.0,0.03460798974578082,-0.11559760036917398,0.04763585038814397,1.0838636799410877,1.2935388999607806,1.9886210618257543,Oil & Gas Integrated,Energy,PBR
2007Q2,2007,Q2,2007-06-30,2007-06-30,4334000000.0,20564000000.0,5668000000.0,0.99,9362000000.0,0.45526162225248007,109604000000.0,54767000000.0,29180000000.0,20336000000.0,52678000000.0,7689000000.0,0.0,66502017891.237495,77537017891.23749,24.967641210760597,1.4348937844217151,0.18285828984343638,0.36595029853744043,0.05911180842048454,24.967641210760597,0.07913524567714135,3.233904779772296,3.836064714538388,1.2142716944736338,0.0,1.4568864611783068,0.0,0.18762088974854932,0.913994885916601,0.039542352468887994,6.107265854645743,0.45526162225248007,0.01020408163265307,3.9162580404008556,2.386134291071456,0.0,0.22491168389375898,1.0074108383510885,0.4733558617104237,2.3153206194748055,1.3920702482092575,2.101440440146351,Oil & Gas Integrated,Energy,PBR
2007Q1,2007,Q1,2007-03-31,2007-03-31,2159000000.0,18400000000.0,3847000000.0,0.98,7643000000.0,0.4153804347826087,101174000000.0,48319000000.0,28470000000.0,18933000000.0,50846000000.0,6304000000.0,36397000000.0,54569273549.715004,66138273549.715004,22.028072655298853,1.5037236571066392,0.2098958230375393,0.43949585049359463,0.03426961879245513,22.028072655298853,0.04468221610546576,2.9657213885714677,6.318813518957272,1.1293543647367497,1.3038443723946271,1.7063769035532994,0.0515858067532347,0.18186490600351868,1.0290498072149157,0.021339474568565046,-258.62214952471567,0.4153804347826087,-0.22834645669291342,2.4878048241528394,2.8530843385985154,0.0,0.04498222586819798,-0.2250538406317301,-0.04112662013958126,0.6144829025677411,1.3183719147840263,1.7454668198670886,Oil & Gas Integrated,Energy,PBR
