Quarters,Year,Quarter,FillingDate,Date,NetIncome,Revenue,OperatingIncome,EPSDiluted,GrossProfit,GrossProfitRatio,TotalAssets,CommonStockEquity,CurrentAssets,CurrentLiability,TotalLiability,Inventory,RetainedEarnings,MarketCap,EnterpriseValue,bookValuePerShare,currentRatio,debtToAssets,debtToEquity,roic,shareholdersEquityPerShare,roe,priceToSalesRatio,peRatio,pbRatio,payoutRatio,inventoryTurnover,dividendYield,assetTurnover,quickRatio,returnOnAssets,priceToFreeCashFlowsRatio,grossProfitMargin,epsdilutedGrowth,fiveYNetIncomeGrowthPerShare,fiveYRevenueGrowthPerShare,fiveYShareholdersEquityGrowthPerShare,grossProfitGrowth,netIncomeGrowth,operatingIncomeGrowth,threeYNetIncomeGrowthPerShare,threeYRevenueGrowthPerShare,threeYShareholdersEquityGrowthPerShare,Industry,Sector,Symbol
2023Q1,2023,Q1,2023-05-12,2023-03-31,-17248000.0,808000.0,-8932000.0,-0.15,808000.0,1.0,23641000.0,-20658000.0,23583000.0,39200000.0,44299000.0,8352000.0,-228175000.0,77774159.92320001,80494159.92320001,-0.18359323474660427,0.6016071428571429,0.709741550695825,-0.8122277083938426,3.19576780556828,-0.18359323474660427,0.8349307774227902,96.255148419802,-1.1272924385899816,-3.764844608539065,0.0,0.0,0.0,0.03417791125586904,0.37887755102040815,-0.7295799670064718,-7.515863927638192,1.0,0.16666666666666666,0.9640667712470087,0.0,-1.0227933484241924,0.0,0.09492574906858373,0.5107629950156104,-0.08225113798270962,0.0,-1.9258416314670674,Biotechnology,Healthcare,SEEL
2022Q4,2022,Q4,2023-03-10,2022-12-31,-19057000.0,0.0,-18257000.0,-0.18,0.0,0.0,22746000.0,-10611000.0,22674000.0,25158000.0,33357000.0,0.0,-214744000.0,72206334.10900001,76795334.10900001,-0.09978167551234214,0.9012640114476509,0.8846390574166887,-1.896333993026105,-1.9457871588431987,-0.09978167551234214,1.7959664499104702,0.0,-0.9472416186834235,-6.804856668457261,0.0,0.0,0.0,0.0,0.6174179187534781,-0.8378176382660688,-5.516144698930482,0.0,0.10000000000000009,0.9609969301158393,0.0,-1.012152796284014,0.0,0.12566525968067535,-0.04865020103388857,0.405523383802234,-1.0,-485.2958739952751,Biotechnology,Healthcare,SEEL
2022Q3,2022,Q3,2022-11-10,2022-09-30,-21796000.0,0.0,-17410000.0,-0.2,0.0,0.0,40508000.0,7879000.0,40508000.0,21887000.0,32629000.0,0.0,-196087000.0,109890621.72,100776621.72,0.07384952303462133,1.850779001233609,0.5282166485632468,2.715699961924102,-0.6611791320307688,0.07384952303462133,-2.7663409062063713,0.0,-1.2604448261148835,13.947280329991116,0.0,0.0,0.0,0.0,1.3940238497738384,-0.5380665547546164,-9.923299776052014,0.0,0.0,0.9765285945711437,0.0,-0.9948547018974097,0.0,-0.023286384976525822,0.18028155751212394,-0.5321792241931439,0.0,-0.827599637292825,Biotechnology,Healthcare,SEEL
2022Q2,2022,Q2,2022-08-05,2022-06-30,-21300000.0,0.0,-21239000.0,-0.2,0.0,0.0,52667000.0,26227000.0,52654000.0,14627000.0,26440000.0,0.0,-176483000.0,72158601.2385,50180601.2385,0.24726405159971884,3.59978122649894,0.3659407218941652,0.7348533953559309,-0.46727213241529947,0.24726405159971884,-0.8121401609028863,0.0,-0.8469319394190141,2.7513097662142068,0.0,0.0,0.0,0.0,2.820195528816572,-0.4044278200770881,-3.538053505197352,0.0,-0.5384615384615385,0.9485257800814495,0.0,-0.9857846120888817,0.0,-0.5230604218805863,-0.51598857958601,-1.2576236015111266,0.0,0.0485626358826379,Biotechnology,Healthcare,SEEL
2022Q1,2022,Q1,2022-05-10,2022-03-31,-13985000.0,0.0,-14010000.0,-0.13,0.0,0.0,70693000.0,45637000.0,70667000.0,10130000.0,25056000.0,0.0,-155211000.0,88412842.9816,45830842.9816,0.43245616033359763,6.976011846001974,0.2714554482056215,0.42049214453184913,-0.21578014455800587,0.43245616033359763,-0.30643995004053726,0.0,-1.5804941541222737,1.9373061985143631,0.0,0.0,0.0,0.0,6.097926949654491,-0.1978272247605845,-5.187025108923438,0.0,0.5185185185185185,-1.0042334926353558,0.0,-0.8675425814945916,0.0,0.4846899296215778,0.48820048220939577,0.9666712375874368,0.0,0.2717570231628735,Biotechnology,Healthcare,SEEL
2021Q4,2021,Q4,2022-03-04,2021-12-31,-27139000.0,0.0,-27374000.0,-0.27,0.0,0.0,83500000.0,57323000.0,83461000.0,8287000.0,26177000.0,0.0,-141210000.0,166790137.94,107014137.94,0.5602039254479916,10.071316519850368,0.22704191616766467,0.33072239764143535,-0.35709972281063795,0.5602039254479916,-0.4734399804615948,0.0,-1.5364432913887762,2.909654727421803,0.0,0.0,0.0,0.0,9.500905031977796,-0.3250179640718563,-9.094832757511314,0.0,-1.4545454545454548,0.7712367912995254,-1.0,1.0192223139650427,0.0,-1.5093851132686085,-1.5090742438130156,-0.2762623400348632,0.0,0.9452795981810459,Biotechnology,Healthcare,SEEL
2021Q3,2021,Q3,2021-11-05,2021-09-30,-10815000.0,0.0,-10910000.0,-0.11,0.0,0.0,80946000.0,72912000.0,80895000.0,8034000.0,8034000.0,0.0,-113951000.0,246603823.58,169821823.58,0.7125514821670876,10.069081404032861,0.0006300496627381217,0.0006994733377221857,-0.14942339825238996,0.7125514821670876,-0.1483294930875576,0.0,-5.700504474803513,3.3822117563638363,0.0,0.0,0.0,0.0,9.563480209111278,-0.13360759024534874,-23.463732024738345,0.0,-0.09999999999999995,0.9819017933799712,-1.0,1.0208994932803217,0.0,-0.22093023255813954,-0.6108076184851616,0.9704873896980323,0.0,-0.8627116162277738,Biotechnology,Healthcare,SEEL
2021Q2,2021,Q2,2021-08-06,2021-06-30,-8858000.0,0.0,-6773000.0,-0.1,0.0,0.0,90309000.0,82698000.0,90246000.0,7595000.0,7611000.0,0.0,-103136000.0,232307980.08,145178980.08,0.939798623899257,11.882290980908492,0.000786189637799112,0.0008585455512829815,-0.08176791578134054,0.939798623899257,-0.10711262666569929,0.0,-6.556445588168887,2.809112434158021,0.0,0.0,0.0,0.0,11.481237656352864,-0.09808546213555681,-26.119628972340905,0.0,0.6428571428571429,0.9937860151301554,-1.0,1.0205115205644464,0.0,0.5366185394433982,0.5922826872140621,0.9655732075758159,0.0,-0.8614979781612511,Biotechnology,Healthcare,SEEL
2021Q1,2021,Q1,2021-04-30,2021-03-31,-19116000.0,0.0,-16612000.0,-0.28,0.0,0.0,41370000.0,24760000.0,41296000.0,13338000.0,16610000.0,0.0,-94278000.0,344576126.68,311506126.68,0.3585634361568534,3.096116359274254,0.13577471597776167,0.2268578352180937,-0.5455321664313159,0.3585634361568534,-0.7720516962843296,0.0,-4.506383745030341,13.916644857835218,0.0,0.0,0.0,0.0,2.900509821562453,-0.46207396664249456,-30.623544852470673,0.0,-1.0398629457364346,0.9797214925098815,-1.0,1.0096150333783298,0.0,-1.9637209302325582,-1.842087254063302,0.9351064578161421,0.0,-0.9554838644039416,Biotechnology,Healthcare,SEEL
2020Q4,2020,Q4,2021-03-11,2020-12-31,-6450000.0,0.0,-5845000.0,-0.13726412383990533,0.0,0.0,17494000.0,2572000.0,17494000.0,7429000.0,14922000.0,0.0,-75162000.0,74243726.0,68305726.0,0.05473539945988164,2.3548256831336656,0.5558477192180176,3.7807153965785383,-0.47535783994795056,0.05473539945988164,-2.5077760497667185,0.0,-2.8776637984496127,28.86614541213064,0.0,0.0,0.0,0.0,2.1082245255081435,-0.3686978392591746,-22.302110543706817,0.0,-0.5251569315545037,0.9891991028317432,-1.0,1.0010100398562036,0.0,-0.5770171149144254,-0.43084455324357407,0.9701250751301979,0.0,-0.9933335639460394,Biotechnology,Healthcare,SEEL
2020Q3,2020,Q3,2020-11-12,2020-09-30,-4090000.0,0.0,-4085000.0,-0.09,0.0,0.0,9878000.0,6692000.0,9878000.0,2839000.0,3186000.0,0.0,-68712000.0,44029348.900000006,36122348.900000006,0.14241418864134056,3.479394152870729,0.01488155497064183,0.021966527196652718,-0.5973095481795584,0.14241418864134056,-0.6111775254034668,0.0,-2.691280495110025,6.579400612671847,0.0,0.0,0.0,0.0,2.836914406481155,-0.4140514274144564,-10.533337057416269,0.0,-0.12499999999999993,0.9970944360727024,-1.0,1.0030251358761275,0.0,-0.09680879592384017,-0.23042168674698796,0.9899998540745368,0.0,-0.9900776142554812,Biotechnology,Healthcare,SEEL
2020Q2,2020,Q2,2020-08-14,2020-06-30,-3729000.0,0.0,-3320000.0,-0.08,0.0,0.0,7760000.0,3707000.0,7760000.0,3706000.0,4053000.0,0.0,-64622000.0,44598629.59,38891629.59,0.0839503373628212,2.0939017808958447,0.018943298969072164,0.03965470731049366,-0.8614426569797613,0.0839503373628212,-1.0059347181008902,0.0,-2.9899858936712254,12.03092246830321,0.0,0.0,0.0,0.0,1.579600647598489,-0.4805412371134021,-6.388573211574274,0.0,0.4285714285714286,0.9972943615557451,-1.0,1.0043407232282455,0.0,0.22826986754966888,0.3973497912506807,0.9783533822392488,0.0,-0.9951736348120119,Biotechnology,Healthcare,SEEL
2020Q1,2020,Q1,2020-05-07,2020-03-31,-4832000.0,0.0,-5509000.0,-0.14,0.0,0.0,14171000.0,6765000.0,14171000.0,7206000.0,7406000.0,0.0,-60893000.0,16733502.1665,4045502.1665000003,0.19829874625068075,1.966555648071052,0.0,0.0,-0.8143385070214338,0.19829874625068075,-0.7142645971914264,0.0,-0.8657648057998758,2.473540601108647,0.0,0.0,0.0,0.0,1.7607549264501805,-0.34097805377178747,-2.605247106725829,0.0,0.5355769136522753,0.9964927642003704,-1.0,-0.9811468951274218,0.0,0.5301439128743679,0.46669893514036787,-1.0045247066803862,0.0,-0.9392628838933351,Biotechnology,Healthcare,SEEL
2019Q4,2019,Q4,2020-03-17,2019-12-31,-10284000.0,375000.0,-10330000.0,-0.3014492692449373,0.0,0.0,11096000.0,-7000.0,11096000.0,10778000.0,11103000.0,0.0,-56061000.0,45714358.620000005,35453358.620000005,-0.00020518717276493204,1.0295045462980146,0.0,0.0,1475.7142857142858,-0.00020518717276493204,1469.142857142857,121.90495632000001,-1.1112980994749124,-6530.62266,0.0,0.0,0.0,0.033795962509012255,0.9520319168676934,-0.9268204758471521,-8.932074759671748,0.0,-1.3188405326533639,0.9974879518178058,-0.9991695925712306,-1.0000154040073186,0.0,-2.1927972679292145,-1.806302635153491,0.7399904274566502,-0.9920369447791095,0.9999929593991094,Biotechnology,Healthcare,SEEL
2019Q3,2019,Q3,2019-11-07,2019-09-30,-3221000.0,0.0,-3681000.0,-0.13,0.0,0.0,16211000.0,10348000.0,16211000.0,5538000.0,5863000.0,0.0,-45402000.0,22176325.206,6861325.206,0.42836060130601966,2.927230046948357,0.0,0.0,-0.35572091225357555,0.42836060130601966,-0.3112678778507924,0.0,-1.7212298359205218,2.1430542332817937,0.0,0.0,0.0,0.0,2.765438786565547,-0.19869224600579855,-7.620730311340206,0.0,-0.44444444444444453,0.9944235346300572,-1.0,-0.9953509162648351,0.0,-0.7289318303811058,-0.08456098998232174,0.977168438962219,-1.0,1.012564031838545,Biotechnology,Healthcare,SEEL
2019Q2,2019,Q2,2019-08-01,2019-06-30,-1863000.0,0.0,-3394000.0,-0.09,0.0,0.0,10279000.0,4939000.0,10255000.0,5340000.0,5340000.0,0.0,-42181000.0,45030926.55,35302926.55,0.23581238081364772,1.9204119850187267,0.0,0.0,-0.687183640413039,0.23581238081364772,-0.377201862725248,0.0,-6.042797443639291,9.117417807248431,0.0,0.0,0.0,0.0,1.8217228464419475,-0.18124331160618737,-13.494434087503745,0.0,0.9773869346733669,-1.0059868702198103,-1.0,-0.9974853247969873,0.0,0.947538860103627,0.7250040512072597,0.9945092060173643,-1.0,1.0051467094922335,Biotechnology,Healthcare,SEEL
2019Q1,2019,Q1,2019-05-21,2019-03-31,-35512000.0,0.0,-12342000.0,-3.98,0.0,0.0,12344000.0,3037000.0,12320000.0,9307000.0,9307000.0,0.0,-40318000.0,28133087.849999998,16841087.849999998,0.34004621359045023,1.3237348232513162,0.0,0.0,-4.063878827790583,0.34004621359045023,-11.693118208758644,0.0,-0.1980533893472629,9.26344677313138,0.0,0.0,0.0,0.0,1.213495218652627,-2.8768632534024627,-3.5432100566750626,0.0,-18.151903674568967,0.8461215254436262,0.0,-0.9951713055165978,0.0,-18.13362068965517,-5.649784482758621,0.7087325937914566,-1.0,1.0091184860589537,Biotechnology,Healthcare,SEEL
2018Q4,2018,Q4,2019-03-28,2018-12-31,-1856000.0,0.0,-1856000.0,-0.20781223984981087,0.0,0.0,3760000.0,2572000.0,3685000.0,1172000.0,1188000.0,0.0,-325229000.0,50907492.300000004,47328492.300000004,0.2879811858263543,3.14419795221843,0.0,0.0,-0.7216174183514774,0.2879811858263543,-0.7216174183514774,0.0,-6.857151441271552,19.79295968118196,0.0,0.0,0.0,0.0,3.053754266211604,-0.49361702127659574,-30.834338158691704,0.0,0.9422749550699463,0.9804951603372488,-1.0,-0.9966866153009905,0.0,0.3460183227625088,0.3133555308916019,0.983647885768456,-1.0,1.005314156439739,Biotechnology,Healthcare,SEEL
2018Q3,2018,Q3,2018-10-31,2018-09-30,-2838000.0,0.0,-2703000.0,-3.600036,0.0,0.0,5564000.0,4113000.0,5481000.0,1425000.0,1451000.0,0.0,-323373000.0,8796283.799999999,3513283.799999999,5.190180425965792,3.8463157894736844,0.0,0.0,-0.6571845368344275,5.190180425965792,-0.6900072939460248,0.0,-0.7748664376321353,2.1386539752005835,0.0,0.0,0.0,0.0,3.7073684210526316,-0.5100647016534867,-3.370223678160919,0.0,-0.19999999999999984,0.8520176806034873,-1.0,-0.946415199258364,0.0,-0.2463768115942029,-0.20831470719713902,0.8804510030830555,-1.0,1.110248853432056,Biotechnology,Healthcare,SEEL
2018Q2,2018,Q2,2018-08-09,2018-06-30,-2277000.0,0.0,-2237000.0,-3.00003,0.0,0.0,7222000.0,5284000.0,7130000.0,1903000.0,1938000.0,0.0,-320535000.0,9111082.5,2275082.5,6.78545057626248,3.746715712033631,0.0,0.0,-0.4233535200605602,6.78545057626248,-0.43092354277062833,0.0,-1.0003384387351777,1.7242775359576077,0.0,0.0,0.0,0.0,3.5922228060956383,-0.31528662420382164,-4.696434278350515,0.0,0.28571428571428564,0.9186954200499522,-1.0,-0.9445611663491387,0.0,-0.002642007926023778,0.04889455782312925,0.9063179401469017,-1.0,1.3508474635807546,Biotechnology,Healthcare,SEEL
2018Q1,2018,Q1,2018-05-03,2018-03-31,-2271000.0,0.0,-2352000.0,-4.200042,0.0,0.0,6020000.0,4288000.0,5918000.0,1690000.0,1732000.0,0.0,-318258000.0,6548040.300000001,870040.3000000007,8.054684697038288,3.5017751479289942,0.0,0.0,-0.5485074626865671,8.054684697038288,-0.5296175373134329,0.0,-0.7208322655217966,1.5270616371268657,0.0,0.0,0.0,0.0,3.3597633136094673,-0.37724252491694354,-3.396286462655602,0.0,0.08587957515862632,0.9505223213010379,-1.0,2.330451392001925,0.0,0.07154538021259199,0.11245283018867924,0.8943676906571646,-1.0,-0.23420688138469634,Biotechnology,Healthcare,SEEL
2017Q4,2017,Q4,2018-03-01,2017-12-31,-2446000.0,0.0,-2650000.0,-4.594626578581075,0.0,0.0,6706000.0,4371000.0,6592000.0,1583000.0,2335000.0,0.0,-315987000.0,29386327.732361,23055327.732361,8.210593939075176,4.16424510423247,0.0,0.0,-0.6062685884237017,8.210593939075176,-0.5595973461450469,0.0,-3.003508558090863,6.723021672926333,0.0,0.0,0.0,0.0,3.9993682880606443,-0.3647479868774232,-11.882866046243834,0.0,0.4718872835891095,0.9764640820431528,-1.0,-0.8752562639913323,0.0,0.3616910229645094,0.2868675995694295,0.9617118881279916,-1.0,-0.3836064534482203,Biotechnology,Healthcare,SEEL
2017Q3,2017,Q3,2017-11-02,2017-09-30,-3832000.0,0.0,-3716000.0,-8.700087,0.0,0.0,8823000.0,6319000.0,8688000.0,1814000.0,2504000.0,0.0,-313541000.0,22585440.159738,14122440.159738,14.352817186130077,4.789415656008821,0.0,0.0,-0.5880677322361133,14.352817186130077,-0.6064250672574775,0.0,-1.4734760020705897,3.574211134631746,0.0,0.0,0.0,0.0,4.665380374862183,-0.43431939249688317,-7.458863989345443,0.0,-1.2307692307692308,0.6596267461139885,-1.0,-0.9405310634903739,0.0,-1.5997286295793758,-0.522326915198689,0.6359764475903736,-1.0,-0.8442259892007165,Biotechnology,Healthcare,SEEL
2017Q2,2017,Q2,2017-08-02,2017-06-30,-1474000.0,0.0,-2441000.0,-3.900039,0.0,0.0,8815000.0,6572000.0,8649000.0,1844000.0,2243000.0,0.0,-309709000.0,12808403.855658,4987403.855658,17.394112151264196,4.690347071583514,0.0,0.0,-0.37142422398052344,17.394112151264196,-0.2242848447961047,0.0,-2.172388713646201,1.9489354619077908,0.0,0.0,0.0,0.0,4.3383947939262475,-0.16721497447532616,-5.64495542338387,0.0,-1.125,0.9297157753494499,-1.0,-0.9083241236309049,0.0,-1.1825839217143566,-0.317323259579061,-1.262579977488047,-1.0,-0.8145112552857295,Biotechnology,Healthcare,SEEL
2017Q1,2017,Q1,2017-05-11,2017-03-31,8073000.0,0.0,-1853000.0,31.200312,0.0,0.0,5353000.0,842000.0,5146000.0,2590000.0,4511000.0,0.0,-308235000.0,16324879.842103,12562879.842103,3.2648693082897435,1.986872586872587,0.0,0.0,-2.200712589073634,3.2648693082897435,9.587885985748219,0.0,0.5055394476063112,19.388218339789788,0.0,0.0,0.0,0.0,1.5868725868725868,1.508126284326546,-6.055222493361647,0.0,27.91126041426087,1.5316293619521508,-1.0,-0.987046781139744,-1.0,28.0,0.2534246575342466,2.211429795830044,0.0,-0.9536384885703949,Biotechnology,Healthcare,SEEL
2016Q4,2016,Q4,2017-03-13,2016-12-31,-299000.0,356000.0,-2482000.0,-1.1593775809722486,282000.0,0.7921348314606742,4700000.0,-7516000.0,3634000.0,11294000.0,12216000.0,764000.0,-316308000.0,10057983.0,14620983.0,-29.14341772102816,0.3217637683725872,1.4148936170212767,-0.8847791378392762,2.8660508083140877,-29.14341772102816,0.03978179882916445,28.252761235955056,-8.409684782608695,-1.3382095529536988,0.0,0.0968586387434555,0.0,0.07574468085106383,0.23171595537453515,-0.06361702127659574,-3.7182931608133085,0.7921348314606742,0.79660245836625,0.9802202837207153,-0.07529592095451285,-1.4841509832850281,-0.6585956416464891,0.7683965917893106,-0.7753934191702432,0.8911831476250143,-0.5186192903214155,-1.3353113297197297,Biotechnology,Healthcare,SEEL
2016Q3,2016,Q3,2016-11-08,2016-09-30,-1291000.0,4317000.0,-1398000.0,-5.700057,826000.0,0.19133657632615242,8410000.0,-7537000.0,7236000.0,12606000.0,15947000.0,800000.0,-316009000.0,22548528.0,24306528.0,-34.09419896500561,0.5740123750594954,0.8765755053507729,-0.9781080005307151,8.479295278365047,-34.09419896500561,0.17128831099907124,5.223193884642113,-4.3664848954299,-2.9917112909645747,0.0,4.36375,0.0,0.5133174791914388,0.47691575440266537,-0.1535077288941736,-26.188766550522647,0.19133657632615242,0.62,0.8228731078653375,0.645134327986028,-1.365928308753956,1.2264150943396226,0.6132414619532655,0.7031847133757961,0.7586863375127243,85.02486933325062,-1.351997562328589,Biotechnology,Healthcare,SEEL
2016Q2,2016,Q2,2016-08-04,2016-06-30,-3338000.0,464000.0,-4710000.0,-15.00015,371000.0,0.7995689655172413,6166000.0,-9441000.0,4925000.0,13265000.0,15607000.0,778000.0,-314718000.0,24726480.0,30073480.0,-45.81808652100906,0.371277798718432,1.3087901394745378,-0.8547823323800445,3.4375081991299736,-45.81808652100906,0.3535642410761572,53.2898275862069,-1.8518933493109644,-2.619053066412456,0.0,0.11953727506426735,0.0,0.07525137852740837,0.2570674707877874,-0.5413558222510542,-7.289646226415094,0.7995689655172413,0.4444444444444445,0.8627058519577061,-0.9067503673151984,-1.5436353831564855,-0.05597964376590331,-0.3325349301397206,0.022212995640440106,0.5495554051540923,-0.7932995084431832,-1.3743452624539072,Biotechnology,Healthcare,SEEL
2016Q1,2016,Q1,2016-05-09,2016-03-31,-2505000.0,626000.0,-4817000.0,-27.00027,393000.0,0.6277955271565495,10432000.0,-6843000.0,9119000.0,13248000.0,17275000.0,405000.0,-311380000.0,31928652.0,33767652.0,-37.29195958539058,0.6883303140096618,0.8383819018404908,-1.2780944030396024,-2.535314828351371,-37.29195958539058,0.36606751424813677,51.00423642172524,-3.186492215568862,-4.665885138097326,0.0,0.5753086419753086,0.0,0.06000766871165644,0.5732940821256038,-0.24012653374233128,-5.210289164490861,0.6277955271565495,-1.1245692729245285,0.7446505002527449,-0.8628520300566273,-1.1965087619296968,-0.8483211115399459,-0.0741852487135506,-0.3711927127810988,0.8416657719324245,-0.6632275359863858,-5.159786684028234,Biotechnology,Healthcare,SEEL
2015Q4,2015,Q4,2016-03-09,2015-12-31,-2332000.0,2629000.0,-3513000.0,-12.708585379677162,2591000.0,0.9855458349182199,7855000.0,-9944000.0,6291000.0,15758000.0,17799000.0,469000.0,-308875000.0,54498906.0,60086906.0,-54.19132633598186,0.3992257900748826,1.2062380649267983,-0.952835880933226,7.490405117270789,-54.19132633598186,0.2345132743362832,20.729899581589958,-5.842507075471699,-5.48058185840708,0.0,0.08102345415778252,0.0,0.3346912794398472,0.2796040106612514,-0.29688096753660087,-38.084490566037736,0.9855458349182199,0.5763847234968595,0.9394256827015018,0.059814033299886146,-1.2989228526650332,1.2908930150309461,0.5367500993245927,0.40376782077393075,0.9349004282006221,-0.3901381100142276,-1.823330024182967,Biotechnology,Healthcare,SEEL
2015Q3,2015,Q3,2015-11-05,2015-09-30,-5034000.0,1273000.0,-5892000.0,-30.0003,1131000.0,0.8884524744697565,9600000.0,-7911000.0,8165000.0,6855000.0,17511000.0,142000.0,-306543000.0,73603272.0,77670272.0,-47.07695603532408,1.1911013858497448,1.02875,-1.248388320060675,-2.9969481180061037,-47.07695603532408,0.6363291619264315,57.81875255302435,-3.6553075089392135,-9.303915054986728,0.0,1.0,0.0,0.13260416666666666,0.9312910284463894,-0.524375,-11.11496103896104,0.8884524744697565,0.0,0.511253516674264,-0.7301117873995773,-1.1355785143298107,25.06382978723404,0.04022878932316492,-0.01184956208140134,-0.17147042472773683,-0.8565902767870351,-1.1950569336476031,Biotechnology,Healthcare,SEEL
2015Q2,2015,Q2,2015-08-05,2015-06-30,-5245000.0,462000.0,-5823000.0,-30.0003,-47000.0,-0.10173160173160173,11390000.0,-3250000.0,9816000.0,4974000.0,14640000.0,411000.0,-301509000.0,86206572.0,83646572.0,-19.340172811882603,1.9734620024125453,0.42783143107989463,-1.4993846153846153,-3.5833846153846154,-19.340172811882603,1.613846153846154,186.59431168831168,-4.108988179218303,-26.525099076923077,0.0,1.2384428223844282,0.0,0.04056189640035118,1.6278648974668275,-0.4604916593503073,-9.984546212647672,-0.10173160173160173,0.23076923076923084,0.7777480318845691,-0.9430547455777525,-1.0344415250452017,-1.1942148760330578,0.1820024953212726,0.048840248284874224,0.43768697223690584,1.0396741869355879,-1.101932612382876,Biotechnology,Healthcare,SEEL
2015Q1,2015,Q1,2015-05-11,2015-03-31,-6412000.0,475000.0,-6122000.0,-39.00039,242000.0,0.5094736842105263,19637000.0,1670000.0,18035000.0,7158000.0,17967000.0,217000.0,-296264000.0,89072214.0,77741214.0,10.518094902188016,2.519558535903884,0.24570962978051636,2.8892215568862274,-0.9421360418590335,10.518094902188016,-3.8395209580838325,187.52045052631578,-3.47287172489083,53.336655089820354,0.0,1.0737327188940091,0.0,0.02418903091103529,2.3287231070131322,-0.32652645516117534,-14.156423076923076,0.5094736842105263,0.675,0.8924708459459023,-0.9491038529993976,-0.950616209218679,-0.8437701743060039,0.6291068949560389,0.6415481000058552,0.3141416594320891,-0.6935785541209332,-0.958269942103026,Biotechnology,Healthcare,SEEL
2014Q4,2014,Q4,2015-03-16,2014-12-31,-17288000.0,1907000.0,-17079000.0,-120.0012,1549000.0,0.8122705820660724,14809000.0,1919000.0,13289000.0,6906000.0,12890000.0,275000.0,-289852000.0,43219500.0,36598500.0,13.320376219067782,1.9242687518100203,0.32270916334661354,2.4903595622720167,-2.547963598388781,13.320376219067782,-9.008858780614904,22.663607760880964,-0.6249927695511337,22.52188639916623,0.0,1.3018181818181818,0.0,0.12877304341954218,1.7489139878366637,-1.1673982037949895,-4.698793215916504,0.8122705820660724,-3.9999999999999996,0.9019761125100921,0.10427605812352202,-0.8788985986244591,0.09624911535739561,-4.553485383874077,-4.3673790069138905,-1.0472997338424965,7.867297412469164,-0.7787125276135715,Biotechnology,Healthcare,SEEL
2014Q3,2014,Q3,2014-11-10,2014-09-30,-3113000.0,1898000.0,-3182000.0,-24.00024,1413000.0,0.7444678609062171,19796000.0,11996000.0,18371000.0,6386000.0,7800000.0,321000.0,-272564000.0,58978335.0,44072335.0,92.13871500441645,2.8767616661446915,0.06076985249545363,0.10028342780926976,-0.24107886961133418,92.13871500441645,-0.2595031677225742,31.073938356164383,-4.7364547863796975,4.91650008336112,0.0,1.5109034267912773,0.0,0.09587795514245302,2.6523645474475415,-0.15725399070519297,-14.228790108564535,0.7444678609062171,-2.6,0.6040576925211593,1.6227070563057684,0.11240263913067763,-0.7373117679866146,-2.658497602557272,-3.5558232931726907,0.27479448343700874,0.22811558344572266,-0.011087951151595141,Biotechnology,Healthcare,SEEL
2014Q2,2014,Q2,2014-08-11,2014-06-30,1877000.0,5454000.0,1245000.0,15.00015,5379000.0,0.9862486248624862,20285000.0,11847000.0,18833000.0,6969000.0,8438000.0,377000.0,-269451000.0,85276125.0,69037125.0,93.77448846321289,2.702396326589181,0.05822035987182647,0.09968768464590191,0.09556340190359226,93.77448846321289,0.15843673503840636,15.635519801980198,11.358034762919551,7.198119777158774,0.0,0.1989389920424403,0.0,0.2688686221345822,2.506672406371072,0.09253142716292827,-18.124574920297555,0.9862486248624862,1.5555555555555554,1.1964158126841358,6.932180109362726,0.03967603802140584,0.0,1.5754138565297364,1.3513971210838274,1.1259178592893606,0.7877288459490364,0.11264205550414227,Biotechnology,Healthcare,SEEL
2014Q1,2014,Q1,2014-05-12,2014-03-31,-3262000.0,0.0,-3543000.0,-27.00027,0.0,0.0,24994000.0,8890000.0,23541000.0,14580000.0,16104000.0,364000.0,-271328000.0,81424155.0,61592155.0,70.42197736040367,1.6146090534979425,0.10638553252780668,0.29910011248593926,-0.30677980777556496,70.42197736040367,-0.3669291338582677,0.0,-6.24035522685469,9.159072553430821,0.0,0.0,0.0,0.0,1.5473251028806585,-0.1305113227174522,-148.8558592321755,0.0,-1.534191140914498,-1.707606822347153,-1.0,-0.4819628214997842,-1.0,-1.425278810408922,0.11203007518796992,0.5166641293887756,-1.0,-0.6289136924530129,Biotechnology,Healthcare,SEEL
2013Q4,2013,Q4,2014-03-17,2013-12-31,-1345000.0,362000.0,-3990000.0,-10.654393650139815,299000.0,0.8259668508287292,23310000.0,10972000.0,22264000.0,11760000.0,12338000.0,336000.0,-268066000.0,100360005.0,81555005.0,86.91450344188405,1.8931972789115645,0.11154011154011154,0.23696682464454977,-0.29398762157382846,86.91450344188405,-0.12258476121035362,277.23758287292816,-18.65427602230483,9.146919886985053,0.0,0.1875,0.0,0.01552981552981553,1.825170068027211,-0.0577005577005577,148.02360619469027,0.8259668508287292,0.5560713705304691,-1.1752852588312588,-0.9846369980119143,0.06376210393655468,22.0,0.5494137353433836,-0.26146063863420804,0.9492168009022679,-0.7878781335766518,-0.5205739910159354,Biotechnology,Healthcare,SEEL
2013Q3,2013,Q3,2013-11-12,2013-09-30,-2985000.0,28000.0,-3163000.0,-24.00024,13000.0,0.4642857142857143,22301000.0,11947000.0,21662000.0,8400000.0,10354000.0,338000.0,-266721000.0,77336688.0,59260688.0,96.85919055649241,2.578809523809524,0.11403076095242366,0.21285678412990708,-0.21828847481021393,96.85919055649241,-0.2498535197120616,2762.0245714285716,-6.477109547738693,6.473314472252449,0.0,0.04437869822485207,0.0,0.0012555490785166584,2.458809523809524,-0.13385049997757947,-18.657825814234016,0.4642857142857143,0.3333333333333333,0.8515290740727939,-0.9861610989476574,12.036976257814807,-0.9734693877551021,0.241423125794155,0.21959042684431285,0.6051612647608434,-0.9919124211642227,-0.7210519485375461,Biotechnology,Healthcare,SEEL
2013Q2,2013,Q2,2013-08-14,2013-06-30,-3935000.0,1192000.0,-4053000.0,-36.00036,490000.0,0.4110738255033557,26922000.0,13392000.0,26318000.0,11003000.0,13530000.0,275000.0,-263736000.0,75825288.0,53548288.0,122.39526211888573,2.391893120058166,0.09237798083351906,0.1857078853046595,-0.25524277347440016,122.39526211888573,-0.29383213859020313,63.611818791946305,-4.817362642947903,5.661983870967742,0.0,2.5527272727272727,0.0,0.04427605675655598,2.3125511224211577,-0.14616298937671793,-14.141232375979111,0.4110738255033557,0.5862068965517242,0.5902448306348598,-0.8314757559186052,-0.17079402012981482,1.5450500556173525,0.5462930935085899,0.34183176355959727,0.7439132925568184,-0.7743506981281986,-0.7820350662486505,Biotechnology,Healthcare,SEEL
2013Q1,2013,Q1,2013-05-10,2013-03-31,-8673000.0,1019000.0,-6158000.0,-87.00087,-899000.0,-0.8822374877330716,16628000.0,-609000.0,15583000.0,10169000.0,17237000.0,0.0,-259801000.0,78764319.0,68054319.0,-6.05409919179267,1.5324023994493068,0.20411354342073612,-5.573070607553366,-2.2111310592459605,-6.05409919179267,14.241379310344827,77.29570068694798,-2.2703885333794536,-129.33385714285714,0.0,0.0,0.0,0.06128217464517681,1.4360310748352838,-0.5215900890064951,-11.56767792627405,-0.8822374877330716,0.5543391169067147,0.030543586271097604,-0.8034758317258968,-1.031901506932116,-1.7610480311792653,0.5583456554029786,0.49860826747579795,0.7704307646782527,-0.827663564412356,-1.0284247642407809,Biotechnology,Healthcare,SEEL
2012Q4,2012,Q4,2013-03-18,2012-12-31,-19637529.0,2363173.0,-12281814.0,-195.21764933941725,-325601.0,-0.13778127966086276,23879000.0,6621000.0,20895000.0,10766000.0,17258000.0,0.0,-251128000.0,60054021.0,48337021.0,65.81968924279025,1.9408322496749024,0.14292893337241927,0.5154810451593415,-1.309693906594376,65.81968924279025,-2.9659460806524693,25.412452241118192,-0.7645312834420257,9.070234254644314,0.0,0.0,0.0,0.09896448762510993,1.468326212149359,-0.822376523304996,-21.93493776994512,-0.13778127966086276,-6.230211006757238,-0.3377870251667606,0.0747930118388678,-0.747050566372426,-1.0944676808951888,-6.8741394595752,-2.9678259428413774,0.840535237366814,0.9598065395315314,-0.40160424343011913,Biotechnology,Healthcare,SEEL
2012Q3,2012,Q3,2012-11-08,2012-09-30,-2493927.0,5151713.0,-3095351.0,-27.00027,3446692.0,0.6690380461799793,40749722.0,23538124.0,26749204.0,14779689.0,17211598.0,450145.0,-231490877.0,96259149.0,83397884.0,241.34982107518942,1.8098624402719163,0.09816017885962511,0.1699370773983517,-0.09814456735685466,241.34982107518942,-0.10595266640620978,18.684881902388582,-9.649355113441572,4.089499613478117,0.0,3.787715069588688,0.0,0.12642326737836396,1.3984293580196443,-0.06120108009571206,-31.423155407582428,0.6690380461799793,0.5263157894736842,0.7721415074484871,2.2752002917987952,-0.32194068381298324,95.30859505979657,0.4937715226982321,0.36272475816654365,0.5765462659825173,8.503305223251772,1.9138476470492203,Biotechnology,Healthcare,SEEL
2012Q2,2012,Q2,2012-08-09,2012-06-30,-4926485.0,119633.0,-4857165.0,-57.00057,35788.0,0.2991482283316476,29197932.0,16839920.0,19744664.0,10873023.0,12358012.0,427301.0,-228996951.0,90796365.0,76856617.0,189.73488817531407,1.8159314111632063,0.13699600368957637,0.2375308196238462,,189.73488817531407,-0.29254800497864597,758.9575200822516,-4.60756325250153,5.391733749328975,0.0,0.1962199948045991,0.0,0.004097310727348772,1.6922960615460851,-0.16872718930916067,-25.28849394305182,0.2991482283316476,0.049999999999999926,0.4944523369502206,-0.9137565979291421,-0.5879464050864663,-0.9492453745330569,-0.045283521685800375,-0.042383455316168175,0.26619579387373643,-0.7523380528400686,1.1035872340687831,Biotechnology,Healthcare,SEEL
2012Q1,2012,Q1,2012-05-10,2012-03-31,-4713061.0,781481.0,-4659672.0,-60.0006,705118.0,0.9022842525921936,31876615.0,20174903.0,23126795.0,9893053.0,11701712.0,303114.0,-224070467.0,67716378.0,50187204.0,252.05081018952313,2.337680289390949,0.1254838382306277,0.19826613292762796,,252.05081018952313,-0.23361009468050478,86.65134277096948,-3.5919531913548326,3.3564661004813754,0.0,0.25192831739873445,0.0,0.024515808846077288,2.266341138574715,-0.1478532460237701,-12.449158864690702,0.9022842525921936,-0.023648260984662637,0.4815507339063053,-0.3890793396798796,-0.5467302269398238,23.573708789293928,-0.004557644407821679,0.007960717588689445,-2.6124316105796868,-0.9257781784746317,0.8541326932789429,Biotechnology,Healthcare,SEEL
2011Q4,2011,Q4,2012-03-13,2011-12-31,-4691678.0,119488.0,-4697064.0,-58.61446972252414,28694.0,0.2401412694161757,16615610.0,4818180.0,8191110.0,10020683.0,11797430.0,136149.0,-219357406.0,123906564.0,120496698.0,60.19489524380646,0.817420329532428,0.24073747518147093,0.8301889925241481,,60.19489524380646,-0.9737448580169276,1036.9791443492234,-6.602465258698487,25.716466383572218,0.0,0.666872323704177,0.0,0.007191309858620899,0.7745455075267823,-0.28236567902111326,-49.71347617209661,0.2401412694161757,-0.7761782904147972,0.5050113868966825,-0.9381035889324549,-0.9060487732818934,-0.9568317183214708,-1.1129668144163587,-1.108121790959032,-1.9643207144345376,-0.9920023573298693,-0.263263944738427,Biotechnology,Healthcare,SEEL
2011Q3,2011,Q3,2011-11-14,2011-09-30,-2220422.0,799419.0,-2228080.0,-33.00033,664701.0,0.8314801124316535,13977232.0,6274748.0,9349701.0,2887515.0,7702484.0,0.0,-214665728.0,72329604.0,67451706.0,93.17179936447599,3.2379748676630253,0.28617969566506446,0.6374757998249492,,93.17179936447599,-0.35386632259972833,90.47771444011214,-8.143677643258805,11.527093040230461,0.0,0.0,0.0,0.057194371532217535,3.1511583489609576,-0.15885992305200344,-25.724015685582735,0.8314801124316535,0.7179487179487181,0.7543769523011311,-0.6060939541347008,-0.6797634383662642,0.12866450341043967,0.7151147304907358,0.7154382974114755,0.7977265762607494,-0.2763571737020617,11.54066371227938,Biotechnology,Healthcare,SEEL
2011Q2,2011,Q2,2011-08-15,2011-06-30,-7794092.0,1595152.0,-7829866.0,-117.00117,588927.0,0.36919804507658205,14080283.0,5567260.0,9361785.0,3676991.0,8513023.0,0.0,-212445306.0,94922472.0,89782247.0,84.28091316458762,2.5460451222208595,0.28408519913981845,0.7184862930777438,,84.28091316458762,-1.3999870672467245,59.50685075779612,-3.044693082914597,17.050123759263982,0.0,0.0,0.0,0.1132897683945699,2.497991428317339,-0.5535465444835164,-42.33562013467479,0.36919804507658205,-1.1666666666666667,-0.7008115810125665,-0.3328176626044779,-0.7951942853099995,0.01180296775058113,-1.2849833744062602,-1.2862644835727772,-0.34435446727007546,-0.6264430959357252,-0.42901190801721123,Biotechnology,Healthcare,SEEL
2011Q1,2011,Q1,2011-05-13,2011-03-31,-3411006.0,1587065.0,-3424742.0,-54.00054,582057.0,0.3667505741730805,19602305.0,12108055.0,11419224.0,2537902.0,7494250.0,0.0,-204651214.0,80200371.0,74241251.0,189.77250286036707,4.49947397496042,0.21507674735190582,0.3481979558236232,,189.77250286036707,-0.2817137847490782,50.53376578779067,-5.878058481867226,6.623720407612948,0.0,0.0,0.0,0.08096318264612248,4.302862364267809,-0.17401045438278814,-32.85099031760453,0.3667505741730805,0.7426113334784604,0.7432412918971136,-0.23515812377284775,-0.5941645443053833,39.403790087463555,0.7451804755547002,0.755880236727759,0.39887043810597506,-0.5174268462360572,-1.1624564684582096e-05,Biotechnology,Healthcare,SEEL
2010Q4,2010,Q4,2011-03-10,2010-12-31,-13385968.0,862523.0,-14028942.0,-209.80154538187858,14406.0,0.016702163304630716,18863638.0,11566761.0,10477308.0,2316628.0,7296877.0,0.0,-201240208.0,66418923.0,61674240.0,181.28866981176435,4.522654478837345,0.23330600385779243,0.38048681043898114,,181.28866981176435,-1.157278861385655,77.00539347936228,-1.2404579743504542,5.742223168612198,0.0,0.0,0.0,0.04572410687694495,4.1804126514917375,-0.7096175191657091,-32.65804671031961,0.016702163304630716,-2.496657456456745,0.0981113281006902,-0.9211138313792905,0.9343053066178816,-0.9088942854974577,-4.136053563035366,-4.736316442839408,-0.4377275119414175,-0.38151857123212995,-0.30329561139632477,Biotechnology,Healthcare,SEEL
2010Q3,2010,Q3,2010-11-12,2010-09-30,-2606275.0,1193535.0,-2445636.0,-60.0006,158124.0,0.13248375623672537,21632249.0,14764923.0,2979466.0,1867769.0,6867326.0,0.0,-187854240.0,22068918.0,24701975.0,347.23021024410895,1.5952004771467991,0.20344625286071735,0.29807131401904363,,347.23021024410895,-0.17651802180072323,18.490381932662217,-2.116902283910946,1.4946856140055724,0.0,0.0,0.0,0.05517387489391418,1.131755051079657,-0.12048100038049674,-9.47161830124828,0.13248375623672537,0.574468085106383,0.7776664397273412,128.91004402630006,0.28986210463017453,-0.6478119097680054,0.39086482458944977,0.08368483958351286,0.45384878632621967,0.7403337581448384,-0.024475436241382445,Biotechnology,Healthcare,SEEL
2010Q2,2010,Q2,2010-08-12,2010-06-30,-4278648.0,1470927.0,-2668990.0,-141.00141,448976.0,0.3052333664417065,24480663.0,17108332.0,5114392.0,2354097.0,7372331.0,0.0,-185247966.0,19194210.0,19380115.0,561.5364820953819,2.172549389426179,0.17977454287083647,0.2572430789863091,,561.5364820953819,-0.25009147589607217,13.049056819271113,-1.121511397993011,1.1219217630333571,0.0,0.0,0.0,0.06008525994577843,2.0631312133697124,-0.17477663901504628,-11.478397060643953,0.3052333664417065,0.6083313750097916,0.630634301726731,237.7433621350698,0.8348923385918906,0.09903064721433467,0.5368153309742423,-0.1823245145208511,-0.279070954910211,2.089079902832291,0.21950753679367824,Biotechnology,Healthcare,SEEL
2010Q1,2010,Q1,2010-05-13,2010-03-31,-9237456.0,1445752.0,-2257409.0,-360.0018,408520.0,0.2825657512491769,22291495.0,5238623.0,3271891.0,12008173.0,17052872.0,0.0,-180969318.0,50913720.0,62265809.0,212.98678646934462,0.27247200719043607,0.6235027753858591,2.6531416748256174,,212.98678646934462,-1.7633366630887544,35.21608131961775,-1.3779150883100282,9.718912775361005,0.0,0.0,0.0,0.06485666394290737,0.2606831197385314,-0.4143937407517979,-39.46751048049016,0.2825657512491769,0.7059302692211636,0.06698389184914146,282.6053040656539,-0.6404484441337229,1.4538683325324364,0.6932154034996361,0.04753568667956079,-2.3068497231251315,2.678062153712147,-0.6169801148618212,Biotechnology,Healthcare,SEEL
2009Q4,2009,Q4,2010-03-31,2009-12-31,-30110560.0,294835.0,-2370072.0,-1224.2055618799805,166480.0,0.5646548069259077,20933337.0,2705402.0,1767101.0,14174918.0,18227935.0,0.0,-171731862.0,32097780.0,46736902.0,109.99357619125061,0.124663931036497,0.72224557412896,5.588452289160724,,109.99357619125061,-11.1297914321051,108.86692556853833,-0.2664993610215154,11.864329219834982,0.0,0.0,0.0,0.014084472055267633,0.11475057562943221,-1.438402295821254,-16.92988748494138,0.5646548069259077,-26.204432019617244,-2.2872913681768163,55.27623191759629,-0.8891698432865167,0.5191167077288074,-24.289900354102414,-1.5918345475581723,-9.33819492178192,-0.5029740238749462,-0.828323791038696,Biotechnology,Healthcare,SEEL
2009Q3,2009,Q3,2009-11-09,2009-09-30,-1190616.0,109590.0,-914438.0,-45.000225,109590.0,1.0,6647136.0,1633048.0,1650558.0,453447.0,5014088.0,0.0,-141621302.0,15969960.0,18021251.0,82.82856563197403,3.6400240821970375,0.5400822248860261,2.1983432207748947,,82.82856563197403,-0.7290759365309532,145.7246099096633,-3.3532977887076942,9.779234903076945,0.0,0.0,0.0,0.016486799728484568,3.3933601942454135,-0.17911714157796682,-12.549021456758808,1.0,0.5,0.8691784760598269,-0.10505576590551616,-0.9010802725861894,0.06799333417793067,0.16515841863243763,0.3012030515310766,0.5501183232464907,-0.8155485370821147,-0.71531369744963,Biotechnology,Healthcare,SEEL
2009Q2,2009,Q2,2009-08-10,2009-06-30,-1426158.0,102613.0,-1308589.0,-90.00045,102613.0,1.0,8050508.0,1700553.0,2960873.0,1019937.0,6349955.0,0.0,-140430686.0,40724640.0,42253325.0,90.19587355468336,2.9029959693588916,0.5390964147852533,2.552110989778031,,90.19587355468336,-0.8386436647372942,396.87602935300595,-7.1388724110512305,23.94788048358387,0.0,0.0,0.0,0.01274615216828553,2.7563614223231436,-0.1771513052344026,-37.999009077854566,1.0,-3.0,0.829285088967799,-0.7373152685964732,-0.9343086528875799,-0.9584001913510928,-3.082675693515506,-2.6923079907456384,-0.09035291206446094,-0.8496326238656849,-0.7808207143012126,Biotechnology,Healthcare,SEEL
2009Q1,2009,Q1,2009-05-11,2009-03-31,684772.0,2466670.0,773257.0,45.000225,2466670.0,1.0,9212324.0,2549147.0,4054535.0,962466.0,6663177.0,0.0,-139004528.0,10969920.0,11901876.0,135.9400063993174,4.2126527066930155,0.5091006351925964,1.8398311278243271,,135.9400063993174,0.26862789788113434,4.447258855055601,4.004953473564924,4.3033689308619705,0.0,0.0,0.0,0.26775762554595345,4.086423832114589,0.07433216634586452,15.234222674021364,1.0,-0.2596597849107655,1.08195729961802,10.280882263974615,-0.8639115237534436,-0.2952671443415695,-0.39922056911439313,1.3164723433830225,1.1753808609508258,3.044655168036899,-0.7092873118462839,Biotechnology,Healthcare,SEEL
2008Q4,2008,Q4,2009-03-16,2008-12-31,1139806.0,3500149.0,333808.0,60.783169795221845,3500149.0,1.0,8557512.0,1532129.0,2977089.0,1399866.0,7025383.0,0.0,-139689300.0,11813760.0,13640800.0,81.70483148464164,2.1266956980168104,0.5480564911857558,3.061099946544971,,81.70483148464164,0.7439360523820122,3.3752163122198513,2.591177796923336,7.710682325052264,0.0,0.0,0.0,0.409014793084719,2.045167180287256,0.1331936198278191,4.900356562728659,1.0,1.3376825882271803,1.0819559527392544,37.337426861441855,-0.942616445676602,10.440526503302904,1.3749245911475105,1.1152337189669534,1.2612928907680863,0.08920648033431343,-0.12822963905488216,Biotechnology,Healthcare,SEEL
2008Q3,2008,Q3,2008-11-10,2008-09-30,-3040094.0,305943.0,-2896791.0,-180.0009,305943.0,1.0,8349893.0,138569.0,1686682.0,2509556.0,8211324.0,0.0,-140829106.0,10071540.0,14384375.0,7.429574821725376,0.6721037506236163,0.6886315788717292,41.49557260281881,,7.429574821725376,-21.93920718198154,32.91966150557457,-0.8282260351160194,72.68249031168588,0.0,0.0,0.0,0.03664034976256582,0.5726769994373506,-0.36408777932842973,-5.1824915173476285,1.0,-1.0,0.5817251168219494,1.074841306602517,-0.9962181513575766,-0.744965038695845,-0.8665506657669844,-1.657194434991272,0.4087333854015571,74.9206037132655,-0.97240122911736,Biotechnology,Healthcare,SEEL
2008Q2,2008,Q2,2008-08-06,2008-06-30,-1628723.0,1199612.0,-1090169.0,-90.00045,1199612.0,1.0,10503738.0,2739113.0,3727388.0,2046809.0,7764625.0,0.0,-137789012.0,108558450.0,110927422.0,147.60537802446515,1.8210727039015364,0.5474241646164442,2.099219710906414,,147.60537802446515,-0.594616943514196,90.49463493196133,-16.663123502277553,39.63270226529537,0.0,0.0,0.0,0.11420810381980205,1.651853201739879,-0.15506127437679806,-52.552201986129816,1.0,0.0,0.8543391499076383,437.9982071549861,-0.8749091693113104,0.26037863513580245,0.008198822667576836,0.2831146404752542,0.7691556993416168,318.670758862954,-0.5176805320619464,Biotechnology,Healthcare,SEEL
2008Q1,2008,Q1,2008-05-12,2008-03-31,-1642187.0,951787.0,-1520702.0,-90.00045,951787.0,1.0,9425327.0,3504190.0,2566489.0,2321877.0,5921137.0,0.0,-136160289.0,111343950.0,111576978.0,189.77470890874628,1.1053509725106023,0.2775062340012182,0.7464170036442088,,189.77470890874628,-0.46863526235734937,116.98410463685677,-16.950558919294817,31.77451850498974,0.0,0.0,0.0,0.10098185452876064,1.02613489000494,-0.17423130253199703,-97.40261614810551,1.0,0.38324513855900116,0.8362676861259983,190.1966612652422,-0.5756621718678292,1.3582374672015183,0.39054562593708714,0.5500765848115026,0.7790599025827254,247.6998298766762,-0.6796336853411773,Biotechnology,Healthcare,SEEL
2007Q4,2007,Q4,2008-03-12,2007-12-31,-2694520.0,403601.0,-3379913.0,-145.92580557812076,403601.0,1.0,10672706.0,4804757.0,3681680.0,2329899.0,5867949.0,0.0,-134518102.0,117991350.0,118544115.0,260.2088816680206,1.580188669122567,0.23786891534349394,0.528373235108456,,260.2088816680206,-0.560802554634917,292.3465254050411,-10.94734405385746,24.557194047482525,0.0,0.0,0.0,0.03781618270005751,1.49617644369992,-0.2524683056012224,-315.39634594565695,1.0,-0.6213897328082333,0.887558411213716,45.15597658689245,-0.4870881534315572,0.36172273018657847,-0.3065112215122543,-0.6833719904593184,0.6081535193039468,101.6155977173705,-0.7378120420108593,Biotechnology,Healthcare,SEEL
2007Q3,2007,Q3,2007-11-14,2007-09-30,-2062378.0,296390.0,-2007823.0,-90.00045,296390.0,1.0,11189320.0,6541147.0,4109856.0,3630773.0,4648173.0,0.0,-131823582.0,129833505.0,129844346.0,355.94204712412255,1.1319506892884794,0.17589576489009162,0.30088820813841977,,355.94204712412255,-0.31529302123924136,438.04954620601234,-15.7383254912533,19.848736773535283,0.0,0.0,0.0,0.026488651678564918,0.8145133281535365,-0.18431665195025257,-48.74561430843956,1.0,0.0,0.8975578212388243,0.29480383313780223,-0.8027321686536728,0.045773542165783984,-0.03583940099074796,-0.01650189243975885,0.7568804121277156,1.5967658331265335,-0.5749088492842371,Biotechnology,Healthcare,SEEL
2007Q2,2007,Q2,2007-08-14,2007-06-30,-1991021.0,283417.0,-1975228.0,-90.00045,283417.0,1.0,13070498.0,8350012.0,5874841.0,3706762.0,4720486.0,0.0,-129761204.0,148517460.0,147373465.0,460.4616742031543,1.5848983560314907,0.14814339897378048,0.2318928403935228,,460.4616742031543,-0.23844528606665474,524.0245292272517,-18.64840451205688,17.78649659425639,0.0,0.0,0.0,0.02168371855456464,1.505438709040397,-0.15232939096888273,-70.33342173307697,1.0,0.3333333333333333,0.9099160400728759,3.1277827404526812,-0.8505652599879644,0.0,0.023678608783661525,0.024009558167009993,0.7522067078538448,-0.24565809666077595,-0.6646371227425755,Biotechnology,Healthcare,SEEL
2007Q1,2007,Q1,2007-05-10,2007-03-31,-2039309.0,286959.0,-2023819.0,-135.000675,0.0,0.0,18194846.0,9984836.0,10878543.0,7193328.0,8210010.0,0.0,-127770183.0,100194480.0,96935522.0,556.0723991980396,1.5123101574125357,0.2695522677136152,0.4911910420962347,,556.0723991980396,-0.20424061046170414,349.15956634919974,-12.282895824026669,10.034664565346892,0.0,0.0,0.0,0.015771444287025017,1.4824042501607044,-0.11208168511016801,-65.09127572936129,0.0,-0.14005632402032847,0.8844699992543422,1.002903889791254,-0.8297457046398451,-1.0,0.04090018501848774,0.23589767211113094,0.7451041996499546,0.37053415349659385,-0.443320274185245,Biotechnology,Healthcare,SEEL
