Quarters,Year,Quarter,FillingDate,Date,NetIncome,Revenue,OperatingIncome,EPSDiluted,GrossProfit,GrossProfitRatio,TotalAssets,CommonStockEquity,CurrentAssets,CurrentLiability,TotalLiability,Inventory,RetainedEarnings,MarketCap,EnterpriseValue,bookValuePerShare,currentRatio,debtToAssets,debtToEquity,roic,shareholdersEquityPerShare,roe,priceToSalesRatio,peRatio,pbRatio,payoutRatio,inventoryTurnover,dividendYield,assetTurnover,quickRatio,returnOnAssets,priceToFreeCashFlowsRatio,grossProfitMargin,epsdilutedGrowth,fiveYNetIncomeGrowthPerShare,fiveYRevenueGrowthPerShare,fiveYShareholdersEquityGrowthPerShare,grossProfitGrowth,netIncomeGrowth,operatingIncomeGrowth,threeYNetIncomeGrowthPerShare,threeYRevenueGrowthPerShare,threeYShareholdersEquityGrowthPerShare,Industry,Sector,Symbol
2023Q1,2023,Q1,2023-01-10,2023-03-31,-1023627000.0,13177969000.0,-205017000.0,-0.95,1673213000.0,0.1269704763,57742806000.0,10268821000.0,26288477000.0,22114922000.0,46885752000.0,11415896000.0,-3397092000.0,7027872866.434944,26262101866.434944,9.524775546847984,1.1887212172848722,0.47972575146417373,2.697555152631446,-0.004907784897053439,9.524775546847984,-0.09968301132135812,0.5333047047261186,-1.7164144914199568,0.6843894607214347,0.0,1.0077838831047514,0.0,0.22821836888217728,0.6468901405123654,-0.017727351178603964,22.881435899352887,0.12697047625472482,-0.06741573033707858,-5.507735269702368,0.2697264195474375,-0.2672459243333165,-0.3139288339956036,-0.07038796880522506,-0.5874823842782587,-16.631874841307003,0.16476662427350391,0.254197551721941,Packaged Foods,Consumer Defensive,BRFS
2022Q4,2022,Q4,2022-12-31,2022-12-31,-956314000.0,14768633000.0,-129146000.0,-0.89,2438833000.0,0.1651360014,57854447000.0,11270008000.0,26504346000.0,22297939000.0,46031578000.0,11812442000.0,-2363073000.0,9133301663.360855,27564306663.360855,10.454337524101057,1.188645551501419,0.45911654811945574,2.356869134431848,-0.00330183698502964,10.454337524101057,-0.0848547756132915,0.618425663591265,-2.387631484889078,0.8104077355899708,0.0,1.0437977176946138,0.0,0.25527221788153986,0.6353626225275798,-0.01652965415087279,9.897368623745374,0.16513600141597398,-5.846153846153846,0.06312895457209056,0.31151384138484456,-0.2046306913371138,-0.06125002790653274,-5.991263789687617,-1.1570227133733024,-2.383276945586285,0.25753425415474346,0.14876139842723696,Packaged Foods,Consumer Defensive,BRFS
2022Q3,2022,Q3,2022-09-30,2022-09-30,-136787000.0,14056041000.0,822467000.0,-0.13,2597958000.0,0.184828573,59038039000.0,12000440000.0,27370847000.0,21401873000.0,46431225000.0,12698821000.0,-1466856000.0,13612302821.560247,32304891821.56025,11.131904271738165,1.2788996084595026,0.4578118355184528,2.2522768331827834,0.022506701832552115,11.131904271738165,-0.011398498721713538,0.9684307851378811,-24.878648595188594,1.1343169768408699,0.0,0.9022950240813694,0.0,0.23808448312451572,0.6483336294912132,-0.0023169299373239686,15.11885096352236,0.18482857299576744,0.6904761904761905,-1.833091238158997,0.2744526742323632,-0.21280616639730857,0.3102154073332903,0.6967815444773751,24.902670812868728,-1.3680627175632585,0.3140320943301281,0.3273420715617714,Packaged Foods,Consumer Defensive,BRFS
2022Q2,2022,Q2,2022-06-30,2022-06-30,-451117000.0,12939112000.0,-34409000.0,-0.42,1982848000.0,0.1532445194,56832387000.0,12186918000.0,25818028000.0,19862988000.0,44005989000.0,11852874000.0,-1344286000.0,14706925977.361921,32554685977.361923,11.308906938981806,1.2998058499557066,0.452829845067039,2.111723489072463,-0.0008134809341066968,11.308906938981806,-0.03701649588517786,1.1366256028514106,-8.150283616756806,1.2067797598508434,0.0,0.9243550551537121,0.0,0.2276714507873829,0.6669439159908872,-0.007937674692424937,36.99539153220082,0.1532445194075142,0.7358490566037736,-1.1127393023043803,0.2631437153921725,-0.15952990307737538,0.7815137828578822,0.7082907360741719,0.9388900432808174,-2.1053805809819623,0.22752941981883162,0.3375968797834258,Packaged Foods,Consumer Defensive,BRFS
2022Q1,2022,Q1,2022-03-31,2022-03-31,-1546461000.0,12041242000.0,-563067000.0,-1.59,1113013000.0,0.0924334051,55613797000.0,12423107000.0,26291933000.0,19427993000.0,42911484000.0,11682354000.0,-1001320000.0,18005594462.369717,33971326462.369717,12.75114781024684,1.353301547926232,0.4503914379376039,2.016241025695102,-0.016752025124272808,12.75114781024684,-0.12448262741357698,1.4953270154664873,-2.910774093619192,1.4493632279243602,0.0,0.9354475134035486,0.0,0.21651537297480336,0.7104769905980509,-0.027807146489206624,-8.888267460818481,0.09243340512548456,-2.3947368421052633,-3.7341006303321227,0.3283911335695816,-0.0727128882700569,-0.6432732962572658,-2.6035555970323365,-1.4973844050117662,-0.3517681025792467,0.43155100452917033,0.6074523000189268,Packaged Foods,Consumer Defensive,BRFS
2021Q4,2021,Q4,2021-12-31,2021-12-31,964395000.0,13724442000.0,1132056000.0,1.14,3120072000.0,0.2273368928,55903387000.0,8462532000.0,26243123000.0,21225289000.0,47077764000.0,12554791000.0,-2132230000.0,19331055176.2151,39737511176.2151,9.97329948341309,1.236408276937949,0.4997063236973459,3.301054105319779,0.07519136642466505,9.97329948341309,0.11396057350211497,1.4085130146795841,5.011187111146134,2.28431102845048,0.0,0.844647274494653,0.0,0.24550287087256448,0.6139245500968208,0.017251101440418987,44.01444263456368,0.2273368928223093,4.421707432008572,3.073282953149227,0.5804397389716404,-0.29296130875925924,0.18874286484991323,4.418434261084093,0.5497426349797393,1.462158037292691,1.6487095739349364,0.22065441283768245,Packaged Foods,Consumer Defensive,BRFS
2021Q3,2021,Q3,2021-09-30,2021-09-30,-282116000.0,12389985000.0,730480000.0,-0.333167,2624682000.0,0.21183899738377407,53048848000.0,7599847000.0,24242226000.0,20233893000.0,45372602000.0,11926986000.0,-3062798000.0,22850858755.256386,42694826755.256386,8.956604259708385,1.1980999405304753,0.5039470791147057,3.517677658510757,0.021086514225667673,8.956604259708385,-0.0371212736256401,1.844300760271815,-20.249523915035294,3.006752472155872,0.0,0.8187569768254948,0.0,0.23355804069487052,0.5831034591316658,-0.005318041967659694,12.097403870418319,0.21183899738377407,-0.16666958479677546,-18.15516393654341,0.600493157844835,-0.3256697927943104,0.1791119604740739,-0.15554062799518314,0.25874945288994733,0.6453425081628162,0.41945117132910187,-0.11498059681562618,Packaged Foods,Consumer Defensive,BRFS
2021Q2,2021,Q2,2021-06-30,2021-06-30,-244142000.0,11636901000.0,580322000.0,-0.285571,2225982000.0,0.1912864945744576,49617892000.0,8337034000.0,22597774000.0,17420464000.0,41206849000.0,10514513000.0,-2780682000.0,23422847435.18673,41545319435.18673,9.82266110132377,1.2971970206993337,0.5051466918425314,3.0063826056124996,0.017920434500958118,9.82266110132377,-0.029284035545494958,2.0128080006168934,-23.984860690895804,2.8094940521037493,0.0,0.8950408830156946,0.0,0.2345303383706829,0.6409006671693704,-0.0049204428112343025,-17.22581044879969,0.1912864945744576,-11.000035017683931,-8.88840592093501,0.35153733659542935,-0.3435227815786877,0.014133287166964319,-10.988626135340807,-0.07578940327530494,0.8442512913861235,0.4381885468328468,-0.06535267687760352,Packaged Foods,Consumer Defensive,BRFS
2021Q1,2021,Q1,2021-03-31,2021-03-31,24442000.0,10591977000.0,627911000.0,0.028557,2194960000.0,0.20722854666319612,51415155000.0,8299809000.0,24321881000.0,16088237000.0,43034664000.0,10540244000.0,-2536540000.0,21744277285.059914,39639580285.05991,9.781552102307453,1.5117803771786802,0.5166205372715496,3.20032967023699,0.014927444640749746,9.781552102307453,0.0029448870449910354,2.05290072713148,222.40689474122325,2.6198527321604526,0.0,0.796662487130279,0.0,0.20600885089230986,0.8024646205796198,0.00047538512720617104,17.819862439578795,0.20722854666319612,-0.9767829268292684,-0.37492409005564425,0.303028299573416,-0.3849005189514021,-0.24169240756165636,-0.9765825598418015,-0.4993884976974985,1.197437840650432,0.29671403447488864,-0.24749175095430773,Packaged Foods,Consumer Defensive,BRFS
2020Q4,2020,Q4,2020-12-31,2020-12-31,1043752000.0,11474118000.0,1254288000.0,1.23,2894551000.0,0.25226784315796646,49664906000.0,8585784000.0,22911984000.0,15440328000.0,40851372000.0,8931769000.0,-2594028000.0,18502735267.86468,35867217267.864685,10.11858146797808,1.4839052641886883,0.5021877419842494,2.9049306388327496,0.05158155849686925,10.11858146797808,0.12156746547548831,1.6125627492993084,4.431784386488524,2.1550431815970077,0.0,0.9605674978831181,0.0,0.231030700027903,0.8400186835409196,0.02101588594570178,-18.94698523056576,0.25226784315796646,3.785731516571081,-0.26317184623643874,0.280015213448444,-0.3654682536563898,0.23463546798449791,3.8145541097185767,0.6229342746088514,2.299104254965446,0.29455132346553364,-0.2301751183868682,Packaged Foods,Consumer Defensive,BRFS
2020Q3,2020,Q3,2020-09-30,2020-09-30,216791000.0,9942591000.0,772852000.0,0.257014,2344458000.0,0.23579950135734237,51182250000.0,7086932000.0,23935212000.0,18112304000.0,43840381000.0,8240054000.0,-3522245000.0,15696874464.094511,32711359464.094513,8.355254897528518,1.3214890827804127,0.5551352666207523,4.00922035092195,0.014496764097794523,8.355254897528518,0.03059024695030233,1.5787508974365445,18.101390814303304,2.2149040606138892,0.0,0.9220974765456634,0.0,0.1942585759711619,0.828738464195389,0.004235667638683332,12.218214418724921,0.23579950135734237,-0.2894748482268248,-0.7377286076164248,0.27403313893687387,-0.4592278682952513,0.18473266858423804,-0.2865666238852141,0.36933623199190646,0.6781011526322607,0.14574881595366326,-0.4091572319561319,Packaged Foods,Consumer Defensive,BRFS
2020Q2,2020,Q2,2020-06-30,2020-06-30,303870000.0,9103926000.0,564399000.0,0.361724,1978892000.0,0.21736688105768873,48908837000.0,6793900000.0,21336492000.0,16886015000.0,41863372000.0,6986143000.0,-3739036000.0,17951297580.85893,35622204580.85893,7.987953800244947,1.26355993406378,0.5590437981586027,4.0245193482388615,0.011928554960381449,7.987953800244947,0.04472688735483301,1.9718193646190587,14.768895893687208,2.642266971968814,0.0,1.019880927143919,0.0,0.1861407172695601,0.8030804189147055,0.006212987644748126,34.55814508531862,0.21736688105768873,1.6333335084208331,-0.1271448944349663,0.09025345298014371,-0.5380240506662943,-0.12165459301182391,7.617233945253806,0.017523648813097304,2.8031597174684437,0.12607331105854902,-0.40634083020319045,Packaged Foods,Consumer Defensive,BRFS
2020Q1,2020,Q1,2020-03-31,2020-03-31,-45921000.0,8949065000.0,554679000.0,-0.571143,2252977000.0,0.2517555744650419,47304335000.0,6476237000.0,19459668000.0,16311869000.0,40507883000.0,6467667000.0,-4042906000.0,12979526715.48668,30581532715.48668,7.594318402049993,1.1929759857683997,0.5403943000149987,3.947198504316627,0.011835262956949897,7.594318402049993,-0.007090691708780886,1.450377968590761,-70.66226081469632,2.0041772275299192,0.0,1.0353173717818187,0.0,0.1891806533164455,0.7352671235895776,-0.0009707566970342148,4.826484426949974,0.2517555744650419,-1.8924109374999998,-1.1041760704209744,0.3382336855938399,-0.5390161962011589,-0.05042893401657067,-1.0839679860739055,0.08262157752152834,0.8393958127710844,0.12792275872322909,-0.4477270845425035,Packaged Foods,Consumer Defensive,BRFS
2019Q4,2019,Q4,2019-12-31,2019-12-31,546887000.0,9290235000.0,512348000.0,0.64,2372626000.0,0.25538923396447993,41770139000.0,7760695000.0,15045427000.0,13528441000.0,33756718000.0,5490955000.0,-4131913000.0,29810004123.67102,46623678123.67102,9.10052996071598,1.1121330979674597,0.503983455740954,2.7125739382877434,-0.1257745972268767,9.10052996071598,0.07046881754791291,3.2087459707608064,13.627131438336905,3.8411513561183654,0.0,1.2598189203881656,0.0,0.22241331301291575,0.6189091559034777,0.013092774242384015,170.48023907074284,0.25538923396447993,0.8564607735639986,-0.43388998556377795,0.6330590501383837,-0.4753317227075154,0.13219790293248737,0.8607484680528195,-0.5386970199540091,2.169846171864765,0.06447992682695979,-0.35483469600776807,Packaged Foods,Consumer Defensive,BRFS
2019Q3,2019,Q3,2019-09-30,2019-09-30,293907000.0,8459486000.0,1110654000.0,0.344742,2095593000.0,0.24772107903482551,43351458000.0,7149921000.0,17013842000.0,13633561000.0,35931914000.0,6051284000.0,-4733671000.0,32434997782.74487,49145604782.74487,8.386612999194844,1.2479382312515417,0.5286293946561151,3.20518995944151,0.019166922228576008,8.386612999194844,0.0411063283076834,3.8341570377614986,27.58950772076275,4.536413448868158,0.0,1.0516599452281532,0.0,0.19513728926948662,0.7011614940513341,0.006779633570801702,21.897710163512052,0.24772107903482551,-0.08968434616826772,-0.4904810132870624,0.14710994326975746,-0.4955637582106601,0.0018855936153723688,-0.08957794470688453,0.18994350560926196,16.787868409146693,0.08761162373697602,-0.3685836375576206,Packaged Foods,Consumer Defensive,BRFS
2019Q2,2019,Q2,2019-06-30,2019-06-30,322825000.0,8338009000.0,933367000.0,0.378706,2091649000.0,0.2508571290820147,42161180000.0,7207065000.0,16572096000.0,14469911000.0,34716294000.0,5591519000.0,-5003010000.0,27165735982.33424,42710683982.33424,8.454645125078988,1.145279746364715,0.49289509923583735,2.8834260548503448,0.020502027596446072,8.454645125078988,0.04479285256897225,3.258060285415168,21.037509472883325,3.76932024094888,0.0,1.1171132567018014,0.0,0.19776507678390406,0.6532686344788161,0.007656925161961785,57.82133655370383,0.2508571290820147,1.3225113073040373,0.2968734813294539,0.16317014769137064,-0.4876780256769983,0.3787425761500788,1.3225234405830548,4.899992414569084,9.385640100593406,-0.03578823964487116,-0.434951297087592,Packaged Foods,Consumer Defensive,BRFS
2019Q1,2019,Q1,2019-03-31,2019-03-31,-1000935000.0,7359250000.0,158198000.0,-1.174241,1517070000.0,0.20614464789210857,42888359000.0,6761783000.0,17561690000.0,14522738000.0,35589200000.0,5595887000.0,-5307108000.0,19684090531.819798,36809621531.81979,7.932520181218878,1.2092547562312286,0.504109844818264,3.197447182200316,0.002176715996248487,7.932520181218878,-0.14802826414275644,2.674741384219832,-4.916425774855459,2.91107989295424,0.0,1.0440132189945937,0.0,0.1715908505615708,0.6042877038751233,-0.023338151035342713,-228.5101233073658,0.20614464789210857,0.5225206872013824,-4.363505185953099,0.0629717903820406,-0.5259988946219291,0.15274933607893348,0.5225225612007454,-0.566866808490832,-26.480748409456417,-0.09880109042457719,-0.5011743539428425,Packaged Foods,Consumer Defensive,BRFS
2018Q4,2018,Q4,2018-12-31,2018-12-31,-2096298000.0,5205338000.0,365241000.0,-2.45925,1316045000.0,0.2528260412676372,42382400000.0,6964600000.0,19030900000.0,14488600000.0,34850600000.0,5390400000.0,-4279000000.0,18785817755.6256,36081717755.625595,8.17045297876566,1.3135085515508744,0.5229883159047152,3.182594836745829,-0.01161627991952373,8.17045297876566,-0.3009933090199006,3.608952532117146,-2.240356303782382,2.6973290290362115,0.0,0.7215221504897595,0.0,0.12281838687757182,0.6329666082299187,-0.049461521763750994,384.9473936113112,0.2528260412676372,-1.579788015223293,-11.662086931429055,-0.327791411204602,-0.4962426490410371,-0.061563868877287986,-1.6237144562886978,5.179341358476749,-2.4730998764267063,-0.4219638009041022,-0.48763452530955526,Packaged Foods,Consumer Defensive,BRFS
2018Q3,2018,Q3,2018-09-30,2018-09-30,-798981000.0,8767347000.0,-87392000.0,-0.953276,1402381000.0,0.15995500121074255,44518707000.0,8625215000.0,18253204000.0,15246812000.0,35278416000.0,6986009000.0,-1971003000.0,18753775346.238087,36381217346.23808,10.120234909519242,1.1971816796849073,0.4953319286654035,2.5566362113871945,-0.003891627024165729,10.120234909519242,-0.09263316914418945,2.139047917943488,-5.868029197890215,2.1742965649248265,0.0,1.0542451348115927,0.0,0.19693624525078862,0.6463682375043386,-0.017947084581769187,-54.59010457718822,0.15995500121074255,0.48384155437289206,-3.987064226319998,0.24136789558693478,-0.3756076971475725,1.1223725371200781,0.4958849606099495,0.8878086667394137,-1.961978467190896,0.11806891097080696,-0.34499412974314275,Packaged Foods,Consumer Defensive,BRFS
2018Q2,2018,Q2,2018-06-30,2018-06-30,-1584918000.0,8181073000.0,-778955000.0,-1.846867,660761000.0,0.08076703385973942,45529173000.0,9018879000.0,19315091000.0,17830101000.0,35912502000.0,6496547000.0,-1791949000.0,15500584135.370878,32237588135.37088,10.509484014257907,1.0832855629926044,0.4938545666094133,2.493080348455723,-0.02477514747808071,10.509484014257907,-0.17573336996759797,1.894688402776858,-2.445013580414078,1.7186819044108341,0.0,1.1575860222361203,0.0,0.17968859219120892,0.6343739724188887,-0.03481104302070235,1759.031336288116,0.08076703385973942,-11.658617664395674,-9.101298593889432,0.15825105799201275,-0.33941151463233854,-0.569978315423383,-11.748491819629672,-3.6353173220381416,-5.512046511325757,-0.028995015882882984,-0.3921936736357538,Packaged Foods,Consumer Defensive,BRFS
2018Q1,2018,Q1,2018-03-31,2018-03-31,-124322000.0,8203033000.0,295583000.0,-0.145898,1536576000.0,0.1873180322449026,44997619000.0,11076396000.0,18992897000.0,17553261000.0,33385556000.0,6439451000.0,-140018000.0,19479704845.121403,34727739845.1214,12.998597842232448,1.0820153018860712,0.46144072645265966,1.8745929632707246,0.004775338553491737,12.998597842232448,-0.011224047966504629,2.374695413894032,-39.171877956277655,1.7586681484773028,0.0,1.0352523840929917,0.0,0.18229926787904044,0.6297347826138973,-0.002762857296960535,-1154.352879710898,0.1873180322449026,0.8459171172693478,-1.3719616489476043,0.22063613126082,-0.2070114037963309,-0.18095583296909482,0.8459176009538281,2110.307142857143,-1.2822517141521355,0.22761085259121974,-0.21097025958956162,Packaged Foods,Consumer Defensive,BRFS
2017Q4,2017,Q4,2017-12-31,2017-12-31,-806854000.0,8901059000.0,140000.0,-0.94688,1876060000.0,0.21076817938180165,45228500000.0,11200300000.0,19185400000.0,14907900000.0,33515600000.0,6458700000.0,0.0,31767747411.419582,46201347411.419586,13.144004188036984,1.2869284070861757,0.45202471892722507,1.8253439640009643,5.568152409558363e-06,13.144004188036984,-0.07203860610876495,3.5689851523756424,-9.843090389159496,2.8363300457505227,0.0,1.0876800284887052,0.0,0.19680199431774212,0.7717854292019667,-0.017839503852659276,37.149046897910154,0.21076817938180165,-6.864413917825866,-2.5310348985962987,0.1668491244251853,-0.17736623536661117,-0.029170526228634412,-7.206616973976723,-0.9997493990051141,-1.8358534885422522,0.5658452315211357,-0.24221533648794133,Packaged Foods,Consumer Defensive,BRFS
2017Q3,2017,Q3,2017-09-30,2017-09-30,129999000.0,8732268000.0,558657000.0,0.161462,1932430000.0,0.2212976056163187,48285630000.0,12069888000.0,21582432000.0,14229748000.0,35744055000.0,6631889000.0,-300600000.0,39122757488.75366,53901382488.75366,14.141249329649353,1.5167121722745898,0.4808211055753026,1.9235265480508188,0.010477202576833681,14.141249329649353,0.010770522477093408,4.48025157825592,75.23665083722501,3.241352155774243,0.0,1.0253244588381982,0.0,0.18084610266035672,1.0019268085422173,0.002692291681810924,-379.3096652067408,0.2212976056163187,1.8148925754142293,0.5309390148341157,0.2992594249545517,-0.08776011939151365,0.1739437616525353,1.7769901560566848,4.115812897199685,-0.7748926716429466,0.18273460573150307,-0.14943509772786953,Packaged Foods,Consumer Defensive,BRFS
2017Q2,2017,Q2,2017-06-30,2017-06-30,-167311000.0,8026624000.0,109202000.0,-0.198139,1646101000.0,0.2050801183660777,48081627000.0,11361949000.0,21851195000.0,13464828000.0,36339415000.0,6625635000.0,-434815000.0,32880423536.26562,48349543536.265625,13.45545425160192,1.6228350633220119,0.4987356605049991,2.1105553281395646,0.00087724313065992,13.45545425160192,-0.014725554568146716,4.096420056086546,-49.13069603353279,2.893906981651266,0.0,0.9630055081512942,0.0,0.16693744577320563,1.0439163426372768,-0.003479728337811863,100.49213474655899,0.2050801183660777,0.40905010304543243,-31.163341809349696,0.26898374903911587,-0.12331815940238677,0.13562661563329376,0.40550537603843173,0.601178868345039,-1.6785213682958802,0.1303746035761822,-0.18464645344542252,Packaged Foods,Consumer Defensive,BRFS
2017Q1,2017,Q1,2017-03-31,2017-03-31,-281434000.0,7809449000.0,68201000.0,-0.335289,1449509000.0,0.18560963776061537,43370714000.0,11542266000.0,18937579000.0,12333388000.0,31828448000.0,6460067000.0,-271697000.0,32365732843.485126,46073149843.48512,13.751024519750253,1.535472572499949,0.4614734726294799,1.7340125413848546,0.0017933644741553298,13.751024519750253,-0.02438290713452627,4.144432320831486,-28.750730938235186,2.8041056100669595,0.0,0.984500625148315,0.0,0.18006272619814376,0.9285161546851523,-0.006489033129590626,-23.71645887431633,0.18560963776061537,0.38837082033601483,-3.0085729994526274,0.3456718693199253,-0.12268065754875297,-0.1439582251845395,0.388374433054216,-0.5813089734853368,-1.9604103035115041,0.1455197914627407,-0.17831903688380565,Packaged Foods,Consumer Defensive,BRFS
2016Q4,2016,Q4,2016-12-31,2016-12-31,-460141000.0,8590359000.0,162891000.0,-0.54819,1693269000.0,0.19711271670951122,42944900000.0,11840000000.0,18893700000.0,12640400000.0,30725500000.0,6436400000.0,0.0,40293313132.44078,52898813132.44078,14.10573368468921,1.4947074459668999,0.4415518489972034,1.601554054054054,0.005351185544292943,14.10573368468921,-0.038863260135135136,4.690527268120085,-21.891829424263857,3.4031514469966875,-2.4414820674532374,1.0715757255608724,0.02788120193311957,0.200032110914218,0.9213395145723237,-0.010714683233631932,161.8062385349117,0.19711271670951122,-29.284918218874154,-5.138802788961798,0.3213089912154386,-0.0811433849273627,-0.10140324398677951,-26.460133901399878,-0.6523189621499785,-3.37669883032055,0.12657590221199372,-0.13029705295419783,Packaged Foods,Consumer Defensive,BRFS
2016Q3,2016,Q3,2016-09-30,2016-09-30,18073000.0,8507743000.0,468507000.0,0.019381,1884348000.0,0.22148623906481424,43126498000.0,12385959000.0,19075276000.0,13572057000.0,30431738000.0,6952709000.0,-6128000.0,51851608176.153076,64687688176.153076,13.282223106722505,1.40548157143755,0.43150610095909014,1.5024550783673674,0.005644839221021112,13.282223106722505,0.0014591522545811754,6.09463734108483,717.252367843649,4.1863216385709885,25.47308139213191,0.9526351527152941,0.008878702439391836,0.19727414454101977,0.804975178044124,0.0004190695010756496,78.71008744541405,0.22148623906481424,-0.0427717686570851,-0.9515238095376991,0.32378284097097315,-0.14454401416742663,-0.01767749697902993,-0.40949487028687187,-0.11397496851206754,-0.9382468911179239,0.10094885742213558,-0.18052120857339268,Packaged Foods,Consumer Defensive,BRFS
2016Q2,2016,Q2,2016-06-30,2016-06-30,30606000.0,8514568000.0,528774000.0,0.020247,1918258000.0,0.22529128900021703,41554896000.0,12558716000.0,18053246000.0,13035368000.0,28693644000.0,6371437000.0,19000000.0,37746867768.165054,50075795768.165054,14.962683891674377,1.3849433326316527,0.40813089750002024,1.3504435485283686,0.012225479072689609,14.962683891674377,0.0024370325756231767,4.433209972386744,308.3289858864688,3.0056311304567322,0.0,1.0352939219205965,0.0,0.20489927348151707,0.7781544794132395,0.0007365197111791592,-90.76188061758079,0.22529128900021703,-0.5856204334745503,-0.9329425168464958,0.4757417691387603,-0.035600012906985605,-0.05538268352435707,-0.21647637089754748,-0.19274595895137306,-0.8400479378545805,0.23251009118054247,-0.05949933644442371,Packaged Foods,Consumer Defensive,BRFS
2016Q1,2016,Q1,2016-03-31,2016-03-31,39062000.0,8120330000.0,655028000.0,0.048861,2030725000.0,0.25007912240019803,41476364000.0,13479483000.0,18648055000.0,11454017000.0,27631995000.0,6012212000.0,14846000.0,42797488533.816216,54379622533.816216,15.902390432247218,1.6280799129248718,0.4152095878028267,1.2775997417705116,0.017418767779167683,15.902390432247218,0.0028978856236548537,5.270412475086138,273.90743263156145,3.17500964494085,16.974322871332753,1.0128726332338247,0.01549275489556107,0.19578210857634484,0.9971945213631166,0.000941789400825974,-72.17114423915045,0.25007912240019803,-0.9707419161676647,-0.8899492157063765,0.4571670609956242,0.03923192653979757,-0.2745825158927594,-0.9723959459593154,-0.5802248873064151,-0.8825113820503392,0.21472112532875784,-0.029863496185785432,Packaged Foods,Consumer Defensive,BRFS
2015Q4,2015,Q4,2015-12-31,2015-12-31,1415082000.0,8954775000.0,1560426000.0,1.67,2799388000.0,0.3126139964432384,40388000000.0,13516900000.0,19180100000.0,11621200000.0,26552000000.0,5362800000.0,0.0,46315097123.838,56131497123.838,15.946533055729395,1.6504405741231543,0.37583688224225015,1.122986779513054,0.06614251726752347,15.946533055729395,0.10468983272791839,5.172111764264093,8.182405175784512,3.426458516659737,0.6283119988806303,1.1477935033937496,0.01919704492085327,0.2217187035753194,1.0015144735483428,0.03503718926413786,-670.7278156148699,0.3126139964432384,0.7146653168383214,2.5537020627938953,0.5115541236265221,0.07146432964572401,0.07617733590185885,0.6133552995365436,0.6099264072435164,1.6993729014123393,0.18010009759158535,-0.001966498730657679,Packaged Foods,Consumer Defensive,BRFS
2015Q3,2015,Q3,2015-09-30,2015-09-30,877105000.0,8280949000.0,969253000.0,0.973951,2601233000.0,0.31412257218345385,39989729000.0,13906096000.0,19444466000.0,10632991000.0,25756684000.0,5472388000.0,1172440000.0,64046553078.479996,71245068078.48,15.45060184811877,1.8286920397092408,0.3731612184718731,1.073098876924192,0.051377474139346,15.45060184811877,0.0630734175860716,7.734204507053478,18.25509861375776,4.60564583176184,1.0136904931564636,1.0378862025134183,0.013882292758370895,0.2070768971702709,1.251590074702405,0.02193325691204359,60.38982820123859,0.31412257218345385,1.3794424397596985,3.704709843869456,0.4776014504301686,0.04323439171480405,-0.012440015186028854,1.4776977401129943,-0.22891567223548132,8.79546607067815,0.16843502909234284,-0.003294910039846027,Packaged Foods,Consumer Defensive,BRFS
2015Q2,2015,Q2,2015-06-30,2015-06-30,354000000.0,8491000000.0,1257000000.0,0.409319,2634000000.0,0.3102108114474149,35959000000.0,14954000000.0,15715000000.0,9494000000.0,20736000000.0,5046000000.0,819000000.0,56885126406.03974,63595126406.03974,17.29084341244547,1.6552559511270275,0.3157763007870074,0.7593286077303731,0.04447059649081771,17.29084341244547,0.023672595960946903,6.699461359797402,40.17311186867214,3.804007383043984,0.0,1.160721363456203,0.0,0.23613003698656804,1.0847903939330104,0.009844545176450958,171.8583879336548,0.3102108114474149,-0.20753398268775425,1.8293559225103657,2.317934498572032,0.1873317803366517,0.21736984333642528,-0.23806408010228022,0.9612860544291987,61.3119719963633,0.31067572228637846,0.126574260880351,Packaged Foods,Consumer Defensive,BRFS
2015Q1,2015,Q1,2015-03-31,2015-03-31,464606000.0,7048345000.0,640906000.0,0.516513,2163681000.0,0.30697716981787926,36716931000.0,14807390000.0,17774588000.0,9466803000.0,21792297000.0,4538595000.0,436333000.0,56241355361.777534,63089486361.777534,16.47415449190904,1.8775702842871032,0.34648601213429303,0.8591590415326401,0.02015182489235576,16.47415449190904,0.03137663018263178,7.979370385782412,30.262929967422686,3.7981950473228263,0.9970900074471702,1.076250249251145,0.008236892532551488,0.19196443733273894,1.0883284462558267,0.012653726423921433,42.700251580552674,0.30697716981787926,-0.542908849557522,7.981398915126064,0.4201186597784412,0.14199144214536566,-0.031193974248527323,-0.5437040616296017,-0.5153507378940905,2.096538703787454,0.13419199017251335,0.051055822460594,Packaged Foods,Consumer Defensive,BRFS
2014Q4,2014,Q4,2014-12-31,2014-12-31,1018212000.0,5996064000.0,1322412000.0,1.13,2233348000.0,0.37246900633482233,36103700000.0,15590400000.0,17488300000.0,9569100000.0,20413800000.0,4072000000.0,0.0,55703123377.73339,61285523377.73339,17.345302459829767,1.8275804412118173,0.3210003406853037,0.7433612992610837,0.04028639258524341,17.345302459829767,0.06531019088669951,9.28994810224397,13.676700770009928,3.5729117519584745,0.7130273459751014,0.9240461689587426,0.013033613843819292,0.16607893373809332,1.1175032134683514,0.028202428005993846,37.93356304057124,0.37246900633482233,0.6711625375641843,190.7552042826569,0.1492594744094193,0.20709962498794943,-0.04541256072097949,0.631041646977034,0.4654891734977598,7.552688479803681,-0.1387286955939357,0.1298842202692151,Packaged Foods,Consumer Defensive,BRFS
2014Q3,2014,Q3,2014-09-30,2014-09-30,624271000.0,7981096000.0,902369000.0,0.676176,2339595000.0,0.2931420697107264,33792091000.0,15339760000.0,14772142000.0,8285249000.0,18419542000.0,4590585000.0,750553000.0,54475279299.54076,60427848299.54076,16.625714618453642,1.7829448457131463,0.31799733848964834,0.7005191085127799,0.03049651633698679,16.625714618453642,0.04069626904201891,6.825538660296876,21.815557385951276,3.551247170721104,0.5782744993760722,1.228928557035759,0.006626859093552979,0.23618236586780025,1.168003399777122,0.01847387899138884,65.90593954897552,0.2931420697107264,1.3165994593724197,1.9011836741389654,0.47830183957651057,0.14196123709332834,0.144761564582579,1.3374895626223935,0.3046575445455229,0.6923571435149511,0.2551208483466253,0.07079718318402947,Packaged Foods,Consumer Defensive,BRFS
2014Q2,2014,Q2,2014-06-30,2014-06-30,267069000.0,7690827000.0,691652000.0,0.291883,2043740000.0,0.2657373517828447,33298980000.0,15092785000.0,14333748000.0,8703970000.0,18163073000.0,4347385000.0,149196000.0,48915259964.033455,54692207964.033455,16.50260099862244,1.6468057679426744,0.31098057658222567,0.6861116752143491,0.024392010733695492,16.50260099862244,0.01769514373921049,6.360208071776086,45.788972104618516,3.240969772247697,0.0,1.2989617896735624,0.0,0.23096284030321648,1.082552789129558,0.008020335758032227,53.694028500585574,0.2657373517828447,-0.1635823341968318,-0.020061137578239473,0.3499807828247616,0.7847465673911672,0.0797916434416767,-0.15336600644163223,0.23098882831702164,-0.4629893385051187,0.22331850750731977,0.06365330613769263,Packaged Foods,Consumer Defensive,BRFS
2014Q1,2014,Q1,2014-03-31,2014-03-31,315448000.0,7338813000.0,561867000.0,0.348968,1892717000.0,0.2579050590333886,31982658000.0,15121535000.0,13086094000.0,7809449000.0,16818641000.0,4259705000.0,288619000.0,40770042691.67478,47384364691.67478,16.735235616996658,1.6756744297837145,0.310408096787953,0.6565256767914104,0.019610979657319512,16.735235616996658,0.020860845145681307,5.5554001296496835,32.31122300004659,2.696157677886192,1.1571257386320408,1.2785148267309592,0.008952970757485506,0.22946226045377466,1.0597106146669246,0.009863095181144732,55.620036140945935,0.2579050590333886,0.5172521739130435,1.670401775106917,0.3539229609630339,0.8720444757460487,-0.09084503050663788,0.5135716102162533,0.21726894579487846,-0.16629343740566505,0.23540189713454812,0.09365892036466522,Packaged Foods,Consumer Defensive,BRFS
2013Q4,2013,Q4,2013-12-31,2013-12-31,208413000.0,8208407000.0,461580000.0,0.23,2081842000.0,0.25362314514862627,32374600000.0,14655100000.0,13242500000.0,8436000000.0,17678400000.0,4317500000.0,2511900000.0,44481314812.40852,51534814812.40852,16.219024820605032,1.569760550023708,0.31448110555806097,0.6947206092077161,0.01915758484841468,16.219024820605032,0.014221192622363545,5.418994795507645,53.35717399155586,3.0352105964755287,2.7783775484254822,1.4190075275043428,0.01301782562952631,0.253544661555664,0.9767899478425794,0.006437546718723938,66.41331633096463,0.25362314514862627,-0.2665278384575399,-0.8914108933822935,0.336184667174982,0.7121193812694838,0.08865925255412464,-0.27386025120638297,-0.01033023297698532,-0.5090118751397792,0.29979446099393137,0.08977333795280272,Packaged Foods,Consumer Defensive,BRFS
2013Q3,2013,Q3,2013-09-30,2013-09-30,287015000.0,7578450000.0,466398000.0,0.313577,1912299000.0,0.25233378857154165,31934877000.0,14822624000.0,12343638000.0,7687982000.0,17070630000.0,4946064000.0,414374000.0,49639997438.919365,57177983438.919365,16.208135275349665,1.6055758195063412,0.3072845403475329,0.6620348731776506,0.016469623451765187,16.208135275349665,0.019363305714291883,6.550151738009667,43.23815605362034,3.3489345367540437,1.250805707018797,1.1455878856399755,0.007232071283680856,0.23730950959980213,0.9162360161613282,0.008987509173747561,64.23602916621185,0.25233378857154165,0.3768897397505082,6.297647364697044,0.16764015972710183,1.1439269017541838,0.018744199872783432,0.3769802051449352,-0.06779129148636359,0.5151430372018442,0.3308385454500803,0.09438352699959404,Packaged Foods,Consumer Defensive,BRFS
2013Q2,2013,Q2,2013-06-30,2013-06-30,208438000.0,7525447000.0,500315000.0,0.227743,1877114000.0,0.24943554847971158,31587077000.0,14546091000.0,11972385000.0,7505686000.0,17005949000.0,4423007000.0,148591000.0,44209353652.985405,51954255652.985405,15.909275209979901,1.5951086949280853,0.3094075782953896,0.6718836696401803,0.017643839225084796,15.909275209979901,0.01432948549545029,5.874648197374243,53.0245848321628,3.0392600770190015,0.0,1.2770346056427222,0.0,0.23824448840264645,0.9524765624354656,0.006598837872842745,97.37743095371235,0.24943554847971158,-0.41894439809464035,1.1122661294111016,0.261741079024338,1.1167503085799504,0.10623775300631466,-0.41863812079189144,-0.057891872654450824,0.5758196505793428,1.781548018331089,0.09246192382582065,Packaged Foods,Consumer Defensive,BRFS
2013Q1,2013,Q1,2013-03-31,2013-03-31,358534000.0,7208896000.0,531059000.0,0.391947,1696845000.0,0.2353820890189011,30387418000.0,14983458000.0,10969776000.0,6899071000.0,15369892000.0,4510596000.0,330526000.0,41112442818.58932,48864664818.58932,16.391910179366466,1.5900366875482221,0.3005697950381964,0.6095749058728632,0.018276635101375248,16.391910179366466,0.02392865518760756,5.703015110578557,28.667046095063036,2.7438554450240606,0.48740147377933474,1.2220227659493335,0.004250537988489104,0.23723292317892886,0.8618353108701157,0.011798764870381551,415.41986963794955,0.2353820890189011,-0.3665380177070101,2.3425323121547863,0.3925923326333288,0.6876774293716884,-0.19014521445214547,-0.3628803252645084,-0.12681625881513417,5.815259708765172,0.42823322533519265,0.13629025115951707,Packaged Foods,Consumer Defensive,BRFS
2012Q4,2012,Q4,2012-12-31,2012-12-31,562742000.0,8145663000.0,608187000.0,0.618738,2095246000.0,0.25722227889859917,30772300000.0,14538600000.0,11590000000.0,7464200000.0,16196200000.0,4389600000.0,-52000000.0,39292564836.3797,46880164836.3797,15.977953681362301,1.5527451032930522,0.3093138959388801,0.654691648439327,0.02775105910030696,15.977953681362301,0.038706753057378286,4.823740539766953,17.45585225395461,2.7026374503996053,0.7815126647735552,1.3783526972844906,0.011192702788208237,0.26470764291261945,0.8951796575654457,0.018287290842738436,162.99910742711234,0.25722227889859917,5.2206605338561305,1.7319847250129514,1.0058334345579991,1.1493494131499264,0.37310793851557916,5.192688616955718,1.6204226717507917,103.6868732990607,0.5422409205397303,0.11194266813820371,Packaged Foods,Consumer Defensive,BRFS
2012Q3,2012,Q3,2012-09-30,2012-09-30,90872000.0,7192488000.0,232095000.0,0.099465,1525915000.0,0.212153986214506,31602302000.0,14159312000.0,11362937000.0,7447663000.0,17398398000.0,3435568000.0,1809635000.0,32561780686.613,40176609686.613,15.501678484190796,1.525705043313587,0.28863675817033835,0.6442111029123448,0.007701251433366995,15.501678484190796,0.006417825950865409,4.527192911077919,89.58144611820197,2.299672518453792,1.1004489831851396,1.6493846141307638,0.0030710851154744315,0.22759379997064771,0.6641687466256193,0.0028754867287832386,237.17690919602444,0.212153986214506,13.235723486474882,-0.6152067126101411,0.656850895007492,1.3605549105926833,0.024791806581598387,14.145333333333333,-0.15907608695652173,-0.5734136372314694,0.3457194997410471,0.0647551906840107,Packaged Foods,Consumer Defensive,BRFS
2012Q2,2012,Q2,2012-06-30,2012-06-30,6000000.0,6842000000.0,276000000.0,0.006987,1489000000.0,0.21762642502192342,31353000000.0,14019000000.0,11610000000.0,7688000000.0,17283000000.0,3001000000.0,1905000000.0,28814635586.477665,36330635586.47766,15.348161246763883,1.5101456815816858,0.3069243772525755,0.6864255653042299,-0.018345075954415268,15.348161246763883,0.00042799058420714745,4.211434607786855,1200.609816103236,2.0553987863954393,0.0,1.7837387537487503,0.0,0.2182247312856824,0.7167013527575442,0.0001913692469620132,-8784.949873926118,0.21762642502192342,-0.958143881530471,-0.9677375455877204,0.7028039506129515,1.425298285932816,0.10871183916604617,-0.9607843137254902,0.029850746268656716,-0.977956372938405,0.20252445579109318,0.6598945889326526,Packaged Foods,Consumer Defensive,BRFS
2012Q1,2012,Q1,2012-03-31,2012-03-31,153000000.0,6337000000.0,268000000.0,0.166929,1343000000.0,0.21192993530061544,29618000000.0,14366000000.0,10438000000.0,7418000000.0,15252000000.0,3057000000.0,1994000000.0,33393953910.334854,40273953910.334854,15.673910119580434,1.4071178215152331,0.27297589303801745,0.5627871362940275,0.009463095565864452,15.673910119580434,0.01065014617847696,5.269678698174981,54.56528416721382,2.3245130106038463,2.2208496732026144,1.6336277396140007,0.010175195213851,0.2139577284084003,0.6304933944459423,0.00516577756769532,196.97845178955384,0.21192993530061544,0.2840692307692307,-0.07305997953383601,0.5813501991396693,1.5190391961548662,-0.31029170090386193,0.2602965403624382,-0.13854066216650596,1.3205563215678737,0.15254363508602342,0.7533220041969428,Packaged Foods,Consumer Defensive,BRFS
2011Q4,2011,Q4,2011-12-31,2011-12-31,121400000.0,7099200000.0,311100000.0,0.13,1947200000.0,0.27428442641424383,29983500000.0,14070400000.0,11123800000.0,7987800000.0,15873500000.0,2679200000.0,1836700000.0,33421864841.85496,40108664841.854965,15.35139808899795,1.392598713037382,0.2686010639184885,0.5723788947009325,0.005191391237552687,15.35139808899795,0.00862804184671367,4.707835367626629,68.8259160664229,2.3753315358379976,0.0,1.9229620782323082,0.0,0.23677022362299266,0.7445479356017928,0.004048893558123635,793.2467387049335,0.27428442641424383,-0.6748374187093547,-0.5866577427288195,0.7089854681200971,1.5425626625640347,0.21320872274143302,-0.6673972602739726,-0.39474708171206224,-0.9376429330307386,0.13925921714934242,0.6205306107162264,Packaged Foods,Consumer Defensive,BRFS
2011Q3,2011,Q3,2011-09-30,2011-09-30,365000000.0,6292000000.0,514000000.0,0.3998,1605000000.0,0.25508582326764145,29479000000.0,14175000000.0,11093000000.0,7025000000.0,15305000000.0,2872000000.0,2381000000.0,29250735721.331253,35509735721.33125,15.526483333675628,1.5790747330960855,0.27504325112792155,0.5719929453262786,0.03141575700905784,15.526483333675628,0.025749559082892417,4.648877260224293,20.034750494062504,2.0635439662314816,0.8009424657534246,1.6319637883008355,0.00999441527847816,0.21344007598629533,0.838576512455516,0.012381695444214526,92.80409064219214,0.25508582326764145,-0.263158282742275,4.197817575041083,0.4332660160151418,2.522667804377342,0.028304316571652628,-0.26694756968014816,0.002123175365706721,7.748595370450897,-0.02891013545027484,1.0537615674599579,Packaged Foods,Consumer Defensive,BRFS
2011Q2,2011,Q2,2011-06-30,2011-06-30,497918000.0,6294348000.0,512911000.0,0.542586,1560822000.0,0.2479719901092218,28892946000.0,14206482000.0,10989875000.0,6392323000.0,14675156000.0,2406599000.0,589042000.0,24686450765.658592,30250638765.658592,15.515018759774472,1.7192302391478027,0.26091659189062966,0.5306485447980718,0.02573476778640927,15.515018759774472,0.03504864891955658,3.9220028453556415,12.394837486121508,1.7376892298641278,0.0,1.9668943600491815,0.0,0.21785068230840843,0.9848682552493045,0.017233202872424292,-50.95305775852455,0.2479719901092218,0.2954555221828011,6.7677016040156035,0.5959277677177329,2.585774119787543,0.009864283606888305,0.29846036696673517,-0.02301550112953672,1.2677881433051053,0.05378098314726219,1.0642939614731717,Packaged Foods,Consumer Defensive,BRFS
2011Q1,2011,Q1,2011-03-31,2011-03-31,383468000.0,6020494000.0,524994000.0,0.418838,1545576000.0,0.25671913301466626,27895056000.0,14012917000.0,10226511000.0,5469941000.0,13871489000.0,2417855000.0,1136625000.0,28253981005.36477,33493304005.36477,15.302061095443293,1.8695834196383472,0.2628819243094547,0.523310457059012,0.02012096986538136,15.302061095443293,0.027365323008763986,4.692967222517749,18.4200383117788,2.0162811929425377,0.5458082551868735,1.8507801336308423,0.007407805645521558,0.21582656080704768,1.0461419967783931,0.013746808753493808,329.40413656237706,0.25671913301466626,-0.10885531914893615,10.204920015518585,0.7331117756775791,2.4650540245445907,0.1454574156105088,-0.10862440085727967,-0.4594673066646898,2.568438919611629,0.16089045017579962,0.5754688044931913,Packaged Foods,Consumer Defensive,BRFS
2010Q4,2010,Q4,2010-12-31,2010-12-31,430198000.0,6400277000.0,971253000.0,0.47,1349309000.0,0.2108204066792734,27751500000.0,13629100000.0,9852000000.0,5686200000.0,14114800000.0,2084900000.0,0.0,25691063334.506397,30583363334.506397,14.88293414396918,1.7326158066898807,0.25954993423778894,0.5284941778987607,0.03861849747201671,14.88293414396918,0.03156466677917104,4.014054912702434,14.92979008183813,1.885015396064773,0.0,2.4226428126049213,0.0,0.2306281462263301,1.0093559846646267,0.015501792695890313,12.215249237116463,0.2108204066792734,1.2690515847152821,0.21797262347301646,0.4739435228261173,2.416717453988722,-0.15029635208592573,1.2679839521728358,2.1177469472657005,1.0752008478658197,0.565993698059087,1.0020477218933685,Packaged Foods,Consumer Defensive,BRFS
2010Q3,2010,Q3,2010-09-30,2010-09-30,189683000.0,5702069000.0,311524000.0,0.207135,1587976000.0,0.2784911932844026,24972014000.0,13562289000.0,9516034000.0,4897227000.0,11401574000.0,2936888000.0,4766000.0,23894718868.951893,29088568868.951893,14.810288053025197,1.9431474179163024,0.29557267587628294,0.5442329830900964,0.009777717339560168,14.810288053025197,0.013986060907565087,4.190534851288522,31.492963087034546,1.7618499995798567,0.28481730044337134,1.4008341482548874,0.0022609598504294824,0.22833837110615107,1.0906574271521414,0.007595823068175438,-88.26913210770435,0.2784911932844026,0.43176586876429984,-0.3993374658081116,0.35541449528105473,2.5289083625607014,1.6217939086948123,0.4342868377076575,0.7353550658437131,-0.19883909615305564,0.31017915767892296,1.255271790504159,Packaged Foods,Consumer Defensive,BRFS
2010Q2,2010,Q2,2010-06-30,2010-06-30,132249000.0,2705003000.0,179516000.0,0.144671,605683000.0,0.22391213614180835,18613475000.0,13312573000.0,4504128000.0,2896243000.0,5300902000.0,1188731000.0,2945000.0,21691677732.746582,23958963732.746582,14.562773185051011,1.555162325813131,0.13250191057822358,0.185262533396061,0.017783381938543563,14.562773185051011,0.00993414270855078,8.019095628635748,41.005371936170754,1.6294128665244938,0.0,1.7660177113240927,0.0,0.14532498633382537,0.9070751314720484,0.007105013975090627,30.44775046951963,0.22391213614180835,1.525416332088119,-0.5099686244759344,-0.36166683941796485,2.818884315026593,-0.5264135275793477,1.5139049936320261,2.538655627833629,-0.2894718052692964,-0.3273454316707403,1.3011921934022892,Packaged Foods,Consumer Defensive,BRFS
2010Q1,2010,Q1,2010-03-31,2010-03-31,52607000.0,5047371000.0,50730000.0,0.057286,1278928000.0,0.253384980022273,24937582000.0,13186161000.0,9678398000.0,4731807000.0,11747218000.0,3058564000.0,698772000.0,22146511876.51896,29150472876.51896,14.425812562098011,2.0453915385813497,0.3319777354516569,0.6278341361067865,0.0017713117746786693,14.425812562098011,0.003989561480403584,4.387732123618208,105.24508086622959,1.679526882503479,1.9008877145627008,1.2320955193352174,0.00451538375693492,0.20240017656884296,1.1424018350706189,0.002109546948056151,-292.10868255406456,0.253384980022273,8.709491525423728,-0.7750842524817944,0.2873073521846881,2.8845649998378398,-0.08986051807571876,8.742037037037036,-0.8163287472845764,-0.6804166392577249,0.2629611738231382,1.3184506611985658,Packaged Foods,Consumer Defensive,BRFS
2009Q4,2009,Q4,2009-12-31,2009-12-31,5400000.0,5305800000.0,276200000.0,0.0059,1405200000.0,0.26484224810584645,25714300000.0,13134600000.0,10446300000.0,5876700000.0,12575000000.0,3101300000.0,724900000.0,20859219719.95071,27759119719.95071,14.369404232068192,1.77757925366277,0.34214814325103154,0.6698414873692385,0.00542049482993529,14.369404232068192,0.0004111278607646978,3.9313995476555297,965.7046166643847,1.5881122927192841,0.0,1.2577306290910264,0.0,0.20633655203524887,1.1531301580819167,0.00020999988333339815,39.073184827106324,0.26484224810584645,-0.9747016726910989,-0.9774591677246625,0.3407271521872289,3.158507812521812,0.2751361161524501,-0.9744075829383886,3.7620689655172415,-0.9815640593682755,0.2807378804470448,1.379920738941049,Packaged Foods,Consumer Defensive,BRFS
2009Q3,2009,Q3,2009-09-30,2009-09-30,211000000.0,5294000000.0,58000000.0,0.233217,1102000000.0,0.20816018133736305,25518000000.0,13172000000.0,11048000000.0,5569000000.0,12342000000.0,0.0,664000000.0,21425645688.942806,28198645688.942806,14.558913278678025,1.98383910935536,0.2654204874990203,0.5141967810507136,0.0026025351228483374,14.558913278678025,0.016018827816580625,4.047156344719079,25.385836124339818,1.6266053514229277,2.3696682464454976e-05,0.0,2.3336519573738516e-07,0.20746139979622227,0.0,0.008268673093502625,-39.69167526045255,0.20816018133736305,-0.2173768599367772,-0.11533353781693688,0.34371395868683646,0.0,0.858939864476199,0.6317755419273512,-0.6526821322921782,2.032060252586058,0.21688413676238824,2.303144309715348,Packaged Foods,Consumer Defensive,BRFS
2009Q2,2009,Q2,2009-06-30,2009-06-30,129307000.0,2702981000.0,166994000.0,0.297994,592811000.0,0.21931748687837613,10407220000.0,4012272000.0,5138908000.0,2989317000.0,6393904000.0,1531254000.0,0.0,8129549973.046026,12022236973.046026,9.246467425761702,1.7190910164428865,0.45281333535756907,1.1745285464195847,0.01483117091509261,9.246467425761702,0.032227874879868564,3.007623795004858,15.717536508166662,2.0261712000198457,0.0,1.3780666042341767,0.0,0.2597217124265654,0.8787927141885588,0.01242473974798265,-107.43141416965359,0.21931748687837613,1.5722411372849492,0.1370428666930792,0.43889907392724137,0.0,0.10794611385019082,1.572240956604091,2.4208023142042796,4.160724992601057,0.44618945671863947,1.1370095717007571,Packaged Foods,Consumer Defensive,BRFS
2009Q1,2009,Q1,2009-03-31,2009-03-31,-225966000.0,2603049000.0,-117535000.0,-0.520749,535054000.0,0.2055489543224119,10892799000.0,3879093000.0,5658990000.0,3121963000.0,7012887000.0,1604062000.0,718876000.0,6209103375.371542,10544289375.371542,8.939550226405448,1.8126383944973083,0.4962539931196748,1.3935203409663033,-0.02432122651832781,8.939550226405448,-0.058252277014240184,2.3853194370799558,-6.869510651349696,1.6006585496587842,-0.1096757919332997,1.2892238579306785,0.003991397549975084,0.2389697083366727,1.0135430817085276,-0.02074453040031309,-42.976711532514344,0.2055489543224119,-1.245636320754717,-6.783982961206103,3.0336010088338763,0.0,-0.397268758979423,-1.2451625205334433,-1.0560229865504984,-14.934353543131124,0.581396901708032,1.0243040657345739,Packaged Foods,Consumer Defensive,BRFS
2008Q4,2008,Q4,2008-12-31,2008-12-31,921698796.0,2950141680.0,2097978120.0,2.12,887715724.0,0.30090613275224126,11219500000.0,4110600000.0,5985100000.0,3080900000.0,7108200000.0,1689000000.0,704500000.0,6650670727.809779,10783270727.80978,9.4730688747762,1.942646629231718,0.47828334596015865,1.3054298642533937,0.16650830502346192,9.4730688747762,0.22422488103926433,2.2543563832533557,1.803916517161692,1.6179318658613777,0.0016459867438082235,1.2210929283599763,0.0002281129320770956,0.26294769642140914,1.088642929014249,0.0821515037211997,14.828834553246029,0.30090613275224126,37.34493399622836,54.84273986844006,4.77284505861461,9.202233583075174,0.27711419784239455,36.85460880730696,26.6745830871705,4.507091025579808,0.43380153496131985,1.1747593219312016,Packaged Foods,Consumer Defensive,BRFS
2008Q3,2008,Q3,2008-09-30,2008-09-30,-25706564.0,3079596728.0,-81714204.0,-0.05833,695095024.0,0.22570975533261445,9151138516.0,3280481568.0,4928718496.0,2683343156.0,5870137468.0,1647026732.0,-924760980.0,8160724870.04127,11727234050.041271,7.560022341287847,1.836782777849081,0.4484887335957357,1.2510914751160096,-0.0020454945698617413,7.560022341287847,-0.007836216563677396,2.649932959027767,-79.36421287225775,2.4876606378912203,0.0,1.4477613858182357,0.0,0.3365260751561768,1.10050341693979,-0.0028091110144441837,29.5091683197285,0.22570975533261445,0.9713953086933154,-1.5430402218301986,1.1011521434949252,0.0,0.11377008937082113,0.9708259134776057,0.9387424040677907,-1.1717912865347728,0.5448576689957139,0.8013576755427759,Packaged Foods,Consumer Defensive,BRFS
2008Q2,2008,Q2,2008-06-30,2008-06-30,-881143749.96,2830614168.2,-1333944023.7,-2.039176,624092019.1999998,0.22047936670820195,8365053065.46,3261334058.64,4346515871.7,2621227976.12,5103320011.82,1512741663.1,-911224781.0,9406351716.946123,12356488827.346123,7.51589601546006,1.6581983373051776,0.4188061534798344,1.0742032662121452,-0.1288205303811512,7.51589601546006,-0.2701789311112286,3.3230780169971608,-2.668790341352682,2.884203687146554,0.0,1.4586245641428714,0.0,0.3383856798097123,0.9878616215110383,-0.1053363012840069,-29.8375871006549,0.22047936670820195,-18.38087161085209,-19.752876073473015,0.9457783035704466,0.0,0.16543593775549056,-18.304537610500464,-31.332606063806065,-7.878308488961645,0.40722559276976006,0.9709389854588159,Packaged Foods,Consumer Defensive,BRFS
2008Q1,2008,Q1,2008-03-31,2008-03-31,50919809.0,2457405321.0,43977231.0,0.117323,535500922.0,0.21791314498419287,8828974624.0,4214583343.0,3992108134.0,2501728458.0,4613655794.0,1446257444.0,50925050.0,8591650757.914797,11416948073.914797,9.712703324751502,1.5957399857822618,0.36878803084891504,0.7725603935221551,0.008066748221171585,9.712703324751502,0.012081813279258717,3.496228597087341,42.18226131756895,2.038552819743064,1.2291831063231207,1.3288812493054314,0.007284952655034434,0.2783341696690327,0.9396989135581076,0.005767352514705789,-20.976074225300074,0.21791314498419287,-0.48990000000000006,0.059621093275898644,0.6515836799169319,0.0,-0.04434599347727529,-0.4816267166738566,-0.5224996503007201,-0.5414078043902413,0.32025366542969674,1.615424762156421,Packaged Foods,Consumer Defensive,BRFS
2007Q4,2007,Q4,2007-12-31,2007-12-31,98230002.66,1936621126.96,92098845.64,0.23,560350208.7,0.2893442609394676,6542760124.16,3225734786.56,3767889166.08,1941040125.44,3317025337.6,865028403.2,726740302.08,9440236040.711014,10598041233.671013,7.433855837309488,1.9411701575339073,0.34629333360909154,0.7023870108107094,0.022140924625134954,7.433855837309488,0.030451977350796033,4.8745910644534645,24.02584695377177,2.9265381890797992,0.0,1.5910124027936658,0.0,0.29599451763618423,1.4176281304520912,0.015013541807420514,-549.9153071045429,0.2893442609394676,-0.1103684621751877,25.669303245327054,0.4843446580087766,2.089698170519951,0.13627988062109914,0.09244762131125309,-0.3222610258690196,-0.13625825545109532,0.03085542486107876,1.1513590318255633,Packaged Foods,Consumer Defensive,BRFS
2007Q3,2007,Q3,2007-09-30,2007-09-30,89917356.9,1652862218.0,135891322.7,0.258534,493144530.9000001,0.2983579184819869,5043878102.2,2283857366.0,2492513081.1,1342527896.5,2716461162.1,839999953.8,190886815.7,7233033961.6407,8811243773.1407,6.566963731548472,1.8565819657066618,0.3604352089331902,0.7960178620016325,0.025251275633709713,6.566963731548472,0.03937082859840907,4.3760658830914725,20.110227354894313,3.1670252570583255,0.0,1.380616370100567,0.0,0.3276967017262109,1.1290131986467813,0.017827028147405177,-16.926600563487046,0.2983579184819869,0.26984454431592125,36.27659557054823,0.9324091865818875,0.0,0.19938639363404762,0.2698312445784155,0.3583652733156665,-0.01924835818764699,0.09138491684910181,0.0,Packaged Foods,Consumer Defensive,BRFS
2007Q2,2007,Q2,2007-06-30,2007-06-30,70810477.6,1529896664.8,100040339.2,0.203595,411164019.79999995,0.2687528048528366,4783803584.4,2200875890.8,2485051243.6,1284599959.4,2542907315.0,726792910.0,98331599.6,6405484264.48749,7848615143.887489,6.3283602416189755,1.9344942566872696,0.3586407972088981,0.7795383367011982,0.019552554233196014,6.3283602416189755,0.03217377131350236,4.1868738012608615,22.614888649216972,2.9104250227209083,0.0,1.5392729202600504,0.0,0.3198075836117098,1.2770001756548397,0.014802128965100744,20.215282326641656,0.2687528048528366,0.13075039016289652,27.800014339593844,0.7562642080754647,0.0,0.0018825192386438662,0.13060753725887125,0.31522429699159543,-0.22310470907975433,0.016154164541261864,0.0,Packaged Foods,Consumer Defensive,BRFS
2007Q1,2007,Q1,2007-03-31,2007-03-31,62630466.6,1520552778.3,76063329.6,0.180053,410391450.0,0.26989622185875295,4761229948.5,2163947831.1,2586838220.7,1228343780.4,2556644106.9,734302416.0,64652595.9,4745524995.186,6263148463.086,6.22217794129823,2.1059562167991905,0.37480660262212495,0.8246688740147974,0.018096154342960215,6.22217794129823,0.028942687850364232,3.1209209327752276,18.942558042454372,2.192994178040654,0.6065821454378243,1.511858471537427,0.008005546875959708,0.3193613403988274,1.4100605569362477,0.0131542620872011,-35.61185706235452,0.26989622185875295,-0.43733437500000005,24.58952372655652,0.7522809712992133,0.0,-0.15127192085370497,-0.43800698500158775,0.03546400312041366,1.0002289912167683,1.9398302613407663,0.0,Packaged Foods,Consumer Defensive,BRFS
