Quarters,Year,Quarter,FillingDate,Date,NetIncome,Revenue,OperatingIncome,EPSDiluted,GrossProfit,GrossProfitRatio,TotalAssets,CommonStockEquity,CurrentAssets,CurrentLiability,TotalLiability,Inventory,RetainedEarnings,MarketCap,EnterpriseValue,bookValuePerShare,currentRatio,debtToAssets,debtToEquity,roic,shareholdersEquityPerShare,roe,priceToSalesRatio,peRatio,pbRatio,payoutRatio,inventoryTurnover,dividendYield,assetTurnover,quickRatio,returnOnAssets,priceToFreeCashFlowsRatio,grossProfitMargin,epsdilutedGrowth,fiveYNetIncomeGrowthPerShare,fiveYRevenueGrowthPerShare,fiveYShareholdersEquityGrowthPerShare,grossProfitGrowth,netIncomeGrowth,operatingIncomeGrowth,threeYNetIncomeGrowthPerShare,threeYRevenueGrowthPerShare,threeYShareholdersEquityGrowthPerShare,Industry,Sector,Symbol
2023Q1,2023,Q1,2023-05-04,2023-03-31,-20751000.0,0.0,-19663000.0,-0.34,0.0,0.0,137008000.0,75831000.0,107209000.0,14750000.0,61177000.0,0.0,-224070000.0,42366841.5084,68841841.5084,1.2507588697517993,7.268406779661017,0.40477198411771576,0.7313236011657501,-0.12834864641080432,1.2507588697517993,-0.2736479803774182,0.0,-0.5104192750758999,0.5587008150809035,0.0,0.0,0.0,0.0,6.918983050847458,-0.1514583090038538,-1.806226189819236,0.0,0.02857142857142844,-1.290070803924493,-1.0,0.2009572010275351,-1.0,0.03402848896750768,0.07179947129909366,-1.4242654565895858,-1.0,-0.5709896003349164,Biotechnology,Healthcare,SURF
2022Q4,2022,Q4,2023-03-09,2022-12-31,-21482000.0,30000000.0,-21184000.0,-0.35,30000000.0,1.0,159910000.0,93403000.0,129140000.0,16260000.0,66507000.0,-197000.0,-204329000.0,49661334.45999999,54788334.45999999,1.5422553749877628,7.942189421894219,0.35042836595585014,0.5999486097876942,-0.11858203428648438,1.5422553749877628,-0.22999261265698104,1.6553778153333332,-0.5779412352201844,0.531688858601972,0.0,0.0,0.0,0.18760552810956163,7.688806888068881,-0.13433806516165342,-2.2526233538963982,1.0,0.1250000000000001,0.5651124709091376,2.864214919531404,2.5866781059633106,0.0,0.08905097107963701,0.07485369901301424,0.38001720891439184,30.46525421499186,-0.24105067576358158,Biotechnology,Healthcare,SURF
2022Q3,2022,Q3,2022-11-02,2022-09-30,-23582000.0,0.0,-22898000.0,-0.4,0.0,0.0,181621000.0,112819000.0,150122000.0,17992000.0,68802000.0,0.0,-182997000.0,61416665.440000005,52887665.440000005,1.9104221819829235,8.343819475322366,0.31145627432951034,0.5013960414469194,-0.11589032488064521,1.9104221819829235,-0.20902507556351324,0.0,-0.651096868798236,0.5443822887988725,0.0,0.0,0.0,0.0,8.134170742552245,-0.12984181344668294,-3.251967883088002,0.0,0.14893617021276587,0.4639126533897558,-1.0,0.0,0.0,0.08603984187272304,0.07009421702404159,0.34078432441691264,-1.0,-0.22839425811299244,Biotechnology,Healthcare,SURF
2022Q2,2022,Q2,2022-08-03,2022-06-30,-25802000.0,0.0,-24624000.0,-0.47,0.0,0.0,193979000.0,125716000.0,161505000.0,19725000.0,68263000.0,0.0,-159757000.0,89633908.08,71864908.08,2.3001813087965046,8.187832699619772,0.2941297769346166,0.453840402176334,-0.11747076144727102,2.3001813087965046,-0.2052403830856852,0.0,-0.8684782970312378,0.7129872735371791,0.0,0.0,0.0,0.0,7.941596958174905,-0.1330143984658133,19.989720802854595,0.0,-5.2727272727272725,-0.38893631284384794,-1.0,0.0,-1.0,-5.6389787846098525,-4.602106495026331,0.25974699609245955,-1.0,-0.24042525831815337,Biotechnology,Healthcare,SURF
2022Q1,2022,Q1,2022-05-09,2022-03-31,5562000.0,30000000.0,6836000.0,0.11,30000000.0,1.0,217680000.0,146987000.0,184285000.0,19561000.0,70693000.0,0.0,-134544000.0,142901801.7,134782801.7,3.024047106888226,9.421041869025101,0.2643237780227857,0.3914495839768143,0.025890633382110017,3.024047106888226,0.037840081095607096,4.763393389999999,6.423130245415318,0.9722070774966494,0.0,0.0,0.0,0.1378169790518192,9.222074536066664,0.025551267916207276,-6.054904525231981,1.0,1.2075471698113207,1.25653831316174,6.1386433617381355,0.0,192.5483870967742,1.2248635536688903,1.2925743633640059,1.7582995586418677,0.18984460860242702,-0.16183178574158055,Biotechnology,Healthcare,SURF
2021Q4,2021,Q4,2022-03-02,2021-12-31,-24735000.0,155000.0,-23365000.0,-0.53,155000.0,1.0,190847000.0,118900000.0,157346000.0,20023000.0,71947000.0,0.0,0.0,221883412.72,223146412.72,2.561444287488062,7.858262997552814,0.3002824251887638,0.4819848612279226,-0.13637570147206488,2.561444287488062,-0.20803195962994112,1431.505888516129,-2.2426057481301798,1.866134673843566,0.0,0.0,0.0,0.0008121689101741185,7.73680267692154,-0.12960643866552787,-13.933024346624803,1.0,-0.2045454545454546,0.34668632473249006,-0.9739517045588583,3.635223476289942,0.0,-0.24340220177952043,-0.1986969012928381,-2.1154718501113434,-0.9905324887991613,-0.31061982408645067,Biotechnology,Healthcare,SURF
2021Q3,2021,Q3,2021-11-04,2021-09-30,-19893000.0,392000.0,-19492000.0,-0.44,0.0,0.0,188612000.0,131197000.0,154757000.0,15803000.0,57415000.0,0.0,-116693000.0,342442386.75,328646386.75,2.90022885141569,9.792887426438018,0.24946450915106144,0.35863624930448107,-0.09232882552163513,2.90022885141569,-0.15162694268923832,873.5775172193878,-4.303553847458905,2.6101388503548097,0.0,0.0,0.0,0.0020783407206328335,9.472758337024615,-0.10547048968252284,-22.36723623448726,0.0,0.0,0.40964062783855676,-0.9324284582121943,0.0,0.0,-0.04804804804804805,-0.04863352700667097,0.29529618591001,-0.8617612213256222,-0.24503637239377546,Biotechnology,Healthcare,SURF
2021Q2,2021,Q2,2021-08-05,2021-06-30,-18981000.0,515000.0,-18588000.0,-0.44,0.0,0.0,205519000.0,148089000.0,170773000.0,18696000.0,57430000.0,0.0,-96800000.0,325512221.16,289676221.16,3.393863173748496,9.134199828840394,0.2311173176202687,0.32074630796345444,-0.0811660524339336,3.393863173748496,-0.12817292303952352,632.0625653592233,-4.287342884463411,2.1980850782975105,0.0,0.0,0.0,0.002505851040536398,8.786906290115533,-0.09235642446683762,-26.537764646991686,0.0,-0.1891891891891892,-0.2798175575131972,-0.9631566997535734,0.0,0.0,-0.21978021978021978,-0.2767360395631568,0.4073864904810936,-0.8950227797219691,-0.39904999105518496,Biotechnology,Healthcare,SURF
2021Q1,2021,Q1,2021-05-05,2021-03-31,-15561000.0,1626000.0,-14559000.0,-0.37,0.0,0.0,214746000.0,159047000.0,179046000.0,14920000.0,55699000.0,0.0,-77819000.0,324631023.59999996,272050023.59999996,3.8214665568395785,12.000402144772117,0.22326376277090143,0.30145177211767593,-0.06041830933311201,3.8214665568395785,-0.09783900356498394,199.65007601476012,-5.215458897243107,2.0411012065615823,0.0,0.0,0.0,0.007571735911262608,11.462265415549599,-0.07246235087033052,-17.119180699256447,0.0,-1.2371794871794872,0.16178831944519553,-0.5481337263377859,0.0,-1.0,-1.2310536318821643,-1.2141974400470796,-1.3168693728193874,-0.9772845559140109,2.669306603304853,Biotechnology,Healthcare,SURF
2020Q4,2020,Q4,2021-03-09,2020-12-31,67348000.0,87570000.0,67970000.0,1.56,87570000.0,1.0,217138000.0,155747000.0,180509000.0,17651000.0,61391000.0,0.0,-62258000.0,375836963.04,220983963.04000002,3.8290599954822366,10.226559401733613,0.09343366891101511,0.13026254117254266,0.32282884893965663,3.8290599954822366,0.4324192440303826,4.291846100719424,1.3951303789273624,2.413124895118365,0.0,0.0,0.0,0.4032919157402205,10.068098124752138,0.31016220099660124,5.199161175298805,1.0,5.0,3.0300370255786637,15.794705086005004,4.9393512642482085,2269123133.328358,5.269557499683023,5.7339462320657475,3.0300370255786637,15.794705086005004,4.9393512642482085,Biotechnology,Healthcare,SURF
2020Q3,2020,Q3,2020-11-10,2020-09-30,-15774000.0,0.038592,-14358000.0,-0.39,0.038592,1.0,144670000.0,86064000.0,107596000.0,13549000.0,58606000.0,0.0,-129606000.0,276031429.5,196656429.5,2.15135501444773,7.941250276773194,0.13887468030690536,0.2334425543781372,-0.10181751136387811,2.15135501444773,-0.18328220858895705,7152555698.072139,-4.3747849229745155,3.207280971137758,0.0,0.0,0.0,2.667588304416949e-10,7.563141191231825,-0.10903435404714178,-26.895783835135926,1.0,0.1136363636363636,0.4706533023055644,-0.999999992477586,0.0,0.0,-0.06530694941581684,0.012720896651309908,0.4706533023055644,-0.999999992477586,0.0,Biotechnology,Healthcare,SURF
2020Q2,2020,Q2,2020-08-11,2020-06-30,-14807000.0,0.0,-14543000.0,-0.44,0.0,0.0,154526000.0,97671000.0,117580000.0,10577000.0,56855000.0,0.0,-113832000.0,219224782.72,146382782.72,2.9226702932503197,11.116573697645835,0.13125946442669842,0.20766655404367723,-0.0953995919786412,2.9226702932503197,-0.1516007822178538,0.0,-3.7013706814344567,2.244522762334777,0.0,0.0,0.0,0.0,10.639973527465255,-0.09582206230666684,-13.308935327829044,0.0,-1.5945945945945945,-0.3035830750093782,-1.0,0.0,0.0,-1.6560478511298184,-1.6458675667273615,-0.3035830750093782,-1.0,0.0,Biotechnology,Healthcare,SURF
2020Q1,2020,Q1,2020-05-12,2020-03-31,22570000.0,38592000.0,22517000.0,0.74,0.0,0.0,131215000.0,81566000.0,93293000.0,13379000.0,49649000.0,0.0,-99025000.0,52317261.150000006,6284261.150000006,2.9154511655853375,6.973092159354212,0.07915253591433906,0.12733246695927225,0.1773858103956262,2.9154511655853375,0.27670843243508325,1.3556504236629354,0.579500012738148,0.6414101604835348,0.0,0.0,0.0,0.29411271577182485,6.733238657597727,0.17200777350150517,-3.3538855792037956,0.0,2.298245614035088,2.8085886022040265,14.954334649102307,0.0,0.0,2.414692240190548,2.3787043840313493,2.8085886022040265,14.954334649102307,0.0,Biotechnology,Healthcare,SURF
2019Q4,2019,Q4,2020-03-10,2019-12-31,-15954000.0,439000.0,-16332000.0,-0.57,0.0,0.0,131693000.0,56666000.0,107926000.0,19274000.0,75027000.0,0.0,-121595000.0,52424813.32,13740813.32,2.032092691484285,5.599564179723981,0.061286476881838824,0.14243108742455793,-0.1928968783587466,2.032092691484285,-0.28154448875869126,119.4187091571754,-0.821499519242823,0.9251546486429252,0.0,0.0,0.0,0.003333510513087256,5.473539483241673,-0.12114539117492958,-3.892257281164155,0.0,0.06557377049180334,0.29854903177334724,-0.8771910472062777,3.0906245717521035,0.0,0.054745822964806255,0.06971975393028025,0.29854903177334724,-0.8771910472062777,3.0906245717521035,Biotechnology,Healthcare,SURF
2019Q3,2019,Q3,2019-11-12,2019-09-30,-16878000.0,344000.0,-17556000.0,-0.61,0.0,0.0,138976000.0,68985000.0,114308000.0,15573000.0,69991000.0,0.0,-105641000.0,39564812.48,21921812.479999997,2.4759045692310075,7.340139985872986,0.009044727147133318,0.01822135246792781,-0.19266477908737736,2.4759045692310075,-0.2446618830180474,115.01398976744186,-0.586041184974523,0.5735277593679786,0.0,0.0,0.0,0.0024752475247524753,7.179348873049509,-0.1214454294266636,-2.6982754197640317,0.0,0.04687500000000004,0.18678003805648896,-0.9037264309088678,0.0,0.0,0.049555130082216466,0.051539708265802266,0.18678003805648896,-0.9037264309088678,0.0,Biotechnology,Healthcare,SURF
2019Q2,2019,Q2,2019-08-07,2019-06-30,-17758000.0,143000.0,-18510000.0,-0.64,0.0,0.0,154848000.0,84322000.0,129530000.0,14769000.0,70526000.0,0.0,-88763000.0,77687929.44,61093929.44,3.0282488115698194,8.770397454126888,0.007768908865468072,0.014266739403714333,-0.1735063084681577,3.0282488115698194,-0.2105974715969735,543.2722338461539,-1.093703252618538,0.9213245587154005,0.0,0.0,0.0,0.0009234862574912172,8.551019026338953,-0.11468020252118206,-5.409269561342431,0.0,-3.2666666666666666,-0.8762994618220148,-0.9839687841599791,0.0,0.0,-3.2291021671826625,-2.725845410628019,-0.8762994618220148,-0.9839687841599791,0.0,Biotechnology,Healthcare,SURF
2019Q1,2019,Q1,2019-05-09,2019-03-31,-4199000.0,14434000.0,-4968000.0,-0.15,0.0,0.0,170608000.0,100393000.0,144863000.0,12847000.0,70215000.0,0.0,-71005000.0,129389495.7,109510495.7,3.6079238695108384,11.276017747334008,0.0067464597205289314,0.011464942774894665,-0.040397469466083365,3.6079238695108384,-0.04182562529260008,8.964216135513372,-7.703589884496309,1.288829855667228,0.0,0.0,0.0,0.08460330113476508,10.911029812407566,-0.024611975991747165,-6.744656781693077,0.0,0.11764705882352951,0.6616926513564029,4.999643407321125,0.0,0.0,0.11319957761351637,0.10983694678373052,0.6616926513564029,4.999643407321125,0.0,Biotechnology,Healthcare,SURF
2018Q4,2018,Q4,2019-03-07,2018-12-31,-4735000.0,9764000.0,-5581000.0,-0.17,0.0,0.0,174065000.0,102862000.0,164601000.0,27177000.0,71203000.0,0.0,-66806000.0,117380160.0,34468160.0,3.715575783846265,6.0566287669720715,0.0,0.0,-0.054257160078551844,3.715575783846265,-0.04603254846298925,12.021728799672266,-6.197474128827877,1.1411421127335655,0.0,0.0,0.0,0.056093987878091514,5.856349118740111,-0.027202481831499727,-7.791580484566877,0.0,0.7258064516129031,0.7903002476995061,1.7513350540144785,4.822598282287143,0.0,0.7250609685286262,0.6904603438713256,0.7903002476995061,1.7513350540144785,4.822598282287143,Biotechnology,Healthcare,SURF
2018Q3,2018,Q3,2018-11-13,2018-09-30,-17222000.0,1730000.0,-18030000.0,-0.62,0.0,0.0,186278000.0,106020000.0,177913000.0,27638000.0,80258000.0,0.0,-62071000.0,295025303.19,253433303.19,3.8415477850389865,6.437260293798394,0.0,0.0,-0.17006225240520656,3.8415477850389865,-0.16244104885870592,170.5348573352601,-4.282680629282313,2.782732533389926,0.0,0.0,0.0,0.009287194408357402,6.273066068456473,-0.09245321508712784,-23.733030584023812,0.0,0.1506849315068493,0.16225886626738914,-0.5111969127926773,0.0,0.0,-0.08642442593994448,-0.08725803533739372,0.16225886626738914,-0.5111969127926773,0.0,Biotechnology,Healthcare,SURF
2018Q2,2018,Q2,2018-08-14,2018-06-30,-15852000.0,2428000.0,-16583000.0,-0.73,0.0,0.0,202133000.0,121961000.0,193988000.0,24611000.0,80172000.0,0.0,-44849000.0,352224007.65999997,301459007.65999997,5.647496668995229,7.882166510909756,0.0,0.0,-0.13596969523044253,5.647496668995229,-0.12997597592673069,145.06754845963755,-5.554882785452939,2.8880052447913673,0.0,0.0,0.0,0.01201189315945442,7.539474218845232,-0.07842361217614145,-19.272488928649594,0.0,-5.454451705810923,-1.1596158996648163,-0.64903528452318,0.0,0.0,-1.5078815840061515,-1.5341945043971266,-1.1596158996648163,-0.64903528452318,0.0,Biotechnology,Healthcare,SURF
2018Q1,2018,Q1,2018-05-29,2018-03-31,31212000.0,45495000.0,31043000.0,0.163881,0.0,0.0,112016000.0,27549000.0,101230000.0,24176000.0,84467000.0,0.0,-28997000.0,352606186.41,293318186.41,1.0414683126772994,4.187210456651225,0.0,0.0,1.1268285600203274,1.0414683126772994,1.1329630839594904,7.7504382110122,2.8242838204056135,12.799237228574539,0.0,0.0,0.0,0.4061473360948436,3.880790866975513,0.27863876589058706,11.549120120860765,0.0,1.2009256491183669,3.645290938334319,18.89246928000522,0.0,0.0,2.978824573638496,2.8661256387135556,3.645290938334319,18.89246928000522,0.0,Biotechnology,Healthcare,SURF
2017Q4,2017,Q4,2017-12-31,2017-12-31,-15773000.0,2479000.0,-16635000.0,-0.8156300637528684,0.0,0.0,81454000.0,-18797000.0,71330000.0,23384000.0,100251000.0,0.0,-73945000.0,257781191.92,235326191.92,-0.972002682328198,3.0503763256927816,0.0,0.0,0.8849816460073416,-0.972002682328198,0.8391232643506943,103.98595882210569,-4.085798388385215,-13.71395392456243,0.0,0.0,0.0,0.030434355587202592,2.7190814231953473,-0.19364303778819947,-17.135149688912524,0.0,-0.09420767949974759,0.0,0.0,0.0,0.0,-0.09496702533842416,-0.1655689461883408,0.0,0.0,0.0,Biotechnology,Healthcare,SURF
2017Q3,2017,Q3,2017-09-30,2017-09-30,-14405000.0,2480000.0,-14272000.0,-0.745407,0.0,0.0,,,,,,,,257781191.92,,,0.0,0.0,0.0,0.0,,0.0,103.944029,-4.473814507462687,0.0,0.0,0.0,0.0,0.0,0.0,0.0,-27.075012280222666,0.0,-1.1897329690667138,0.0,0.0,0.0,0.0,-1.191541153202495,-1.1859396538520448,0.0,0.0,0.0,Biotechnology,Healthcare,SURF
2017Q2,2017,Q2,2017-06-30,2017-06-30,-6573000.0,6195000.0,-6529000.0,-0.34041,0.0,0.0,,,,,,,,257781191.92,,,0.0,0.0,0.0,0.0,,0.0,41.61116899435028,-9.804548604898828,0.0,0.0,0.0,0.0,0.0,0.0,0.0,17.473137119229985,0.0,0.23772650322904262,0.0,0.0,0.0,0.0,0.23800139114305588,0.23673135375263035,0.0,0.0,0.0,Biotechnology,Healthcare,SURF
2017Q1,2017,Q1,2017-03-31,2017-03-31,-8626000.0,1672000.0,-8554000.0,-0.446572,0.0,0.0,,,,,,,,257781191.92,,,0.0,0.0,0.0,0.0,,0.0,154.17535401913875,-7.4710523974031995,0.0,0.0,0.0,0.0,0.0,0.0,0.0,-56.247259855989526,0.0,0.0,0.0,0.0,0.0,0.0,0.0,0.0,0.0,0.0,0.0,Biotechnology,Healthcare,SURF
