Quarters,Year,Quarter,FillingDate,Date,NetIncome,Revenue,OperatingIncome,EPSDiluted,GrossProfit,GrossProfitRatio,TotalAssets,CommonStockEquity,CurrentAssets,CurrentLiability,TotalLiability,Inventory,RetainedEarnings,MarketCap,EnterpriseValue,bookValuePerShare,currentRatio,debtToAssets,debtToEquity,roic,shareholdersEquityPerShare,roe,priceToSalesRatio,peRatio,pbRatio,payoutRatio,inventoryTurnover,dividendYield,assetTurnover,quickRatio,returnOnAssets,priceToFreeCashFlowsRatio,grossProfitMargin,epsdilutedGrowth,fiveYNetIncomeGrowthPerShare,fiveYRevenueGrowthPerShare,fiveYShareholdersEquityGrowthPerShare,grossProfitGrowth,netIncomeGrowth,operatingIncomeGrowth,threeYNetIncomeGrowthPerShare,threeYRevenueGrowthPerShare,threeYShareholdersEquityGrowthPerShare,Industry,Sector,Symbol
2023Q1,2023,Q1,2023-03-31,2023-03-31,6989000.0,23759000.0,20382000.0,0.36,23759000.0,1.0,2816897000.0,294221000.0,250469000.0,1968000.0,2522676000.0,0.0,130808000.0,196980431.29999998,300066431.29999995,15.085925441366419,127.27083333333333,0.08987726565792076,0.8604926228923157,0.028394076551503677,15.085925441366419,0.023754252755581688,8.290771130939854,7.046087827300042,0.6694982047508505,0.1669766776362856,0.0,0.005924446364028242,0.008434458199927082,127.27083333333333,0.002481098882919752,24.764952388735225,1.0,-0.21739130434782614,0.5469739252942613,0.6176651833060223,0.5767417692299087,-0.057070286145176015,-0.23197802197802198,0.030486880024268165,1.2520587244625587,0.44871697698254,0.354684553801726,Banks—Regional,Financial Services,FRBA
2022Q4,2022,Q4,2022-12-31,2022-12-31,9100000.0,25197000.0,19779000.0,0.46,25197000.0,1.0,2732940000.0,289562000.0,220749000.0,1218000.0,2443378000.0,0.0,127532000.0,268004909.76,275038909.76,14.866791520976351,181.23891625615764,0.044151353487453075,0.41670868415054463,0.03651435885879587,14.866791520976351,0.03142677561282212,10.636381702583641,7.362772246153845,0.9255527650727651,0.12813186813186814,0.0,0.004350666564445256,0.009219741377417726,181.23891625615764,0.0033297474514625276,64.30060214971209,1.0,-0.11538461538461538,12.942242802605826,0.7533939794440989,0.5870568142829263,-0.012153526482926256,-0.1083676268861454,0.16422390958855732,1.7491129458539891,0.4863329264564371,0.3342166074247715,Banks—Regional,Financial Services,FRBA
2022Q3,2022,Q3,2022-09-30,2022-09-30,10206000.0,25507000.0,16989000.0,0.52,25507000.0,1.0,2638060000.0,280749000.0,189013000.0,900000.0,2357311000.0,0.0,119598000.0,265897753.63,315444753.63,14.43351355025135,210.01444444444445,0.05055116259675671,0.4750043633280973,0.030891882619964714,14.43351355025135,0.03635275637669235,10.424501259654212,6.513270469086812,0.9471013383128702,0.11434450323339213,0.0,0.004388905073729562,0.009668847562223755,210.01444444444445,0.003868752037482089,17.12045287682699,1.0,0.15555555555555556,2.2538637543273903,0.7862393943635614,0.3610821427681704,0.0465268945144217,0.15674940496429784,0.24744841765180997,2.4035824871099325,0.6474109879279072,0.2083655998923099,Banks—Regional,Financial Services,FRBA
2022Q2,2022,Q2,2022-06-30,2022-06-30,8823000.0,24373000.0,13619000.0,0.45,24373000.0,1.0,2568137000.0,274702000.0,193300000.0,308000.0,2293435000.0,0.0,110559000.0,273813719.94,287847719.94,14.02535256758325,627.5974025974026,0.04055624758336491,0.3791526818152034,0.0271872547963347,14.02535256758325,0.03211844107432782,11.234305171296107,7.758520909554574,0.9967663866298754,0.1335146775473195,0.0,0.004302194938435268,0.009490537303889941,627.5974025974026,0.0034355643799376745,34.047963185774684,1.0,0.09756097560975618,1.8682236718922944,0.734638994039208,0.3548396984410487,0.08730371163454675,0.08151507722481001,0.09928162079263864,1.9613821594055167,0.5398337335557761,0.29475318030035763,Banks—Regional,Financial Services,FRBA
2022Q1,2022,Q1,2022-03-31,2022-03-31,8158000.0,22416000.0,12389000.0,0.41,22416000.0,1.0,2573845000.0,271068000.0,276415000.0,799000.0,2302777000.0,0.0,102914000.0,277756572.42,197712572.42000002,13.877572460000765,345.9511889862328,0.04038821296542721,0.3834941785824959,0.025300739123060228,13.877572460000765,0.030095769327253677,12.390996271413277,8.511785131772493,1.02467488755589,0.14317234616327532,0.0,0.004205121015944311,0.008709149152338233,345.9511889862328,0.003169577033582053,38.40660569966814,1.0,0.024999999999999883,1.4475860360961463,0.5267297134787782,0.7355983062910602,-0.0190792928408892,0.04069396606710039,0.02583423035522067,0.8229053681366135,0.4541620104703414,0.29747390341648494,Banks—Regional,Financial Services,FRBA
2021Q4,2021,Q4,2021-12-31,2021-12-31,7839000.0,22852000.0,12077000.0,0.4,22852000.0,1.0,2510298000.0,266666000.0,256942000.0,399000.0,2243632000.0,0.0,95924000.0,284818734.34,239596734.33999997,13.585214711968444,643.9649122807018,0.044399111181222306,0.41795729489323724,0.024541641841822046,13.585214711968444,0.029396323490808726,12.463623942762121,9.083388644597525,1.06807292395731,0.1489985967597908,0.0,0.004100853838517903,0.009103301679720894,643.9649122807018,0.003122736822480837,46.76826508045976,1.0,-0.13043478260869565,2.8536315725857775,1.4245425868996486,1.665953748117101,0.0,-0.13247011952191234,0.0,0.816630521067899,0.43345809757081155,0.299482237700874,Banks—Regional,Financial Services,FRBA
2021Q3,2021,Q3,2021-09-30,2021-09-30,9036000.0,22682000.0,0.0,0.46,0.0,0.0,2438020000.0,260179000.0,2271494000.0,0.0,2177841000.0,0.0,89253000.0,276574498.06,195161498.06,13.254736556386034,0.0,0.04786343016054011,0.4485066050680493,0.0,13.254736556386034,0.034729935928725995,12.193567501102196,7.652016878596725,1.0630162236767764,0.06518370960602037,0.0,0.0021296251249897325,0.009303451161188176,0.0,0.003706286248677205,54.72388168975069,0.0,0.02222222222222224,1.9035205604148253,0.6742784204133531,0.0,0.0,0.01608006297087597,0.0,0.5759043306824283,0.3659252253032878,0.2936547662824023,Banks—Regional,Financial Services,FRBA
2021Q2,2021,Q2,2021-06-30,2021-06-30,8893000.0,21763000.0,0.0,0.45,0.0,0.0,2443047000.0,254571000.0,2288667000.0,0.0,2188476000.0,0.0,80806000.0,266426607.07999998,232608607.07999998,12.937489156122462,0.0,0.055742275936566096,0.5349431003531432,0.0,12.937489156122462,0.03493327991012331,12.242182009833202,7.4897842988867644,1.046570925517832,0.06645676374676712,0.0,0.002218246917893378,0.008908138075116851,0.0,0.003640126448652032,41.51887285024154,0.0,-0.08163265306122446,1.9711648837392688,0.4580499409949934,0.0,0.0,-0.07949487630680054,0.0,1.0439041193566556,0.3966824288903731,0.26759699332277703,Banks—Regional,Financial Services,FRBA
2021Q1,2021,Q1,2021-03-31,2021-03-31,9661000.0,22347000.0,0.0,0.49,0.0,0.0,2405576000.0,245997000.0,2259718000.0,0.0,2159579000.0,0.0,72504000.0,239408446.89,239638446.89,12.504920059798646,0.0,0.07114844843812874,0.6957523872242345,0.0,12.504920059798646,0.039272836660609683,10.71322534971137,6.195229450626229,0.9732169371577702,0.06086326467239416,0.0,0.0024560536925005236,0.0092896670069871,0.0,0.004016085960285603,23.263866183072587,0.0,0.545713186440678,2.421944547786287,0.5055708211195765,0.0,0.0,0.5594834543987086,0.0,1.1200341389747654,0.5084555909056113,0.3069817861554809,Banks—Regional,Financial Services,FRBA
2020Q4,2020,Q4,2020-12-31,2020-12-31,6195000.0,20728000.0,0.0,0.31700577073313685,0.0,0.0,2346270000.0,238108000.0,2211714000.0,0.0,2108162000.0,0.0,63431000.0,183306126.78,274105126.78,12.184279266783818,0.0,0.08125364940948825,0.8006576847480975,0.0,12.184279266783818,0.02601760545634754,8.84340634793516,7.397341677966103,0.7698444688124717,0.09556093623890234,0.0,0.003229570175308463,0.00883444786831865,0.0,0.0026403610837627384,20.72192253900068,0.0,0.056685902443789536,2.058988434056028,1.2089709200731389,1.3910350824835203,0.0,0.049466373030662376,0.0,8.459816972440388,0.43760061122818683,0.3006937919450626,Banks—Regional,Financial Services,FRBA
2020Q3,2020,Q3,2020-09-30,2020-09-30,5903000.0,19876000.0,0.0,0.3,0.0,0.0,2309897000.0,232300000.0,2163034000.0,0.0,2077597000.0,0.0,57828000.0,121161832.2,256290832.2,11.88707676211585,0.0,0.09770608819354283,0.9715497201894102,0.0,11.88707676211585,0.025411106328024107,6.095886103843832,5.131366771133322,0.5215748265174344,0.0997797729967813,0.0,0.004861266863542857,0.008604712677664848,0.0,0.0025555252030718253,22.52497345231456,0.0,0.42857142857142855,0.9052346173894367,0.4736770455413891,0.0,0.0,0.43381102744717026,0.0,0.8732191744584084,0.3854194495741297,0.12095283343871702,Banks—Regional,Financial Services,FRBA
2020Q2,2020,Q2,2020-06-30,2020-06-30,4117000.0,18208000.0,0.0,0.21,0.0,0.0,2300594000.0,226450000.0,2154843000.0,0.0,2074144000.0,0.0,52514000.0,128128947.08,131183947.08,11.523188425782855,0.0,0.05840752431763275,0.5933848531684699,0.0,11.523188425782855,0.01818061382203577,7.036958868629174,7.78048014816614,0.5658156196952969,0.14330823415108088,0.0,0.004604736193076036,0.007914477739227347,0.0,0.0017895378324032836,47.29750722775932,0.0,0.31249999999999994,0.3772684419528387,0.22144847191725553,0.0,0.0,0.27343025054129294,0.0,0.3339083036462937,0.2915485425713145,0.11313231212106274,Banks—Regional,Financial Services,FRBA
2020Q1,2020,Q1,2020-03-31,2020-03-31,3233000.0,17085000.0,0.0,0.16,0.0,0.0,2092444000.0,226259000.0,1960208000.0,0.0,1866185000.0,0.0,48987000.0,141004039.9,145212039.9,11.136116817033127,0.0,0.05941712179633003,0.5494897440543801,0.0,11.136116817033127,0.014288934362831976,8.253089839040094,10.903498291060934,0.6231974856248812,0.18960717599752552,0.0,0.00434739316997399,0.008165093068201587,0.0,0.0015450831659055153,19.543179473319473,0.0,-0.05855383724297715,0.10874939478640726,0.11448377205329456,0.0,0.0,-0.06371271358239212,0.0,-0.0674918569252582,0.1186949708580645,0.39273821426697997,Banks—Regional,Financial Services,FRBA
2019Q4,2019,Q4,2019-12-31,2019-12-31,3453000.0,17684000.0,0.0,0.16995130080666576,0.0,0.0,2011587000.0,226393000.0,1880908000.0,0.0,1785194000.0,0.0,46367000.0,224509314.25,304070314.25,11.142712089059797,0.0,0.06335296459959226,0.5629149311153614,0.0,11.142712089059797,0.015252238364260378,12.695618313164442,16.254656403851723,0.9916795760027917,0.17781639154358528,0.0,0.002734853126477803,0.008791068942084037,0.0,0.001716555137809103,35.22819931743292,0.0,0.13300867204443845,0.6399671915058425,0.8126550368935535,1.1866386132158835,0.0,0.19812630117973629,0.0,0.6399671915058425,0.8126550368935535,1.1866386132158835,Banks—Regional,Financial Services,FRBA
2019Q3,2019,Q3,2019-09-30,2019-09-30,2882000.0,14881000.0,0.0,0.15,0.0,0.0,2047373000.0,223303000.0,1912603000.0,0.0,1824070000.0,0.0,43528000.0,202464694.83,295807694.83000004,11.944657768756137,0.0,0.07297790876406009,0.6691043111825636,0.0,11.944657768756137,0.01290623054773111,13.605583954707345,17.56286388185288,0.906681481350452,0.19535045107564192,0.0,0.0027807317244753433,0.007268338500116979,0.0,0.001407657520148991,38.95799400230903,0.0,0.0,-0.02764925089056693,0.15334368879113097,0.0,0.0,0.014788732394366197,0.0,-0.02764925089056693,0.15334368879113097,0.0,Banks—Regional,Financial Services,FRBA
2019Q2,2019,Q2,2019-06-30,2019-06-30,2840000.0,15088000.0,0.0,0.15,0.0,0.0,1830695000.0,202242000.0,1695305000.0,0.0,1628453000.0,0.0,41209000.0,217132216.3,325787216.3,10.832452687491866,0.0,0.09678236953725225,0.8760742081268975,0.0,10.832452687491866,0.0140425826485102,14.391053572375398,19.113751434859157,1.0736257369883604,0.19788732394366196,0.0,0.0025882847307352793,0.008241678706720672,0.0,0.0015513234044993841,45.84717404983108,0.0,-0.3478260869565218,2.574420102858222e-05,0.06536810857033665,0.0,0.0,-0.33489461358313816,0.0,2.574420102858222e-05,0.06536810857033665,0.0,Banks—Regional,Financial Services,FRBA
2019Q1,2019,Q1,2019-03-31,2019-03-31,4270000.0,14708000.0,0.0,0.23,0.0,0.0,1777301000.0,199337000.0,1637575000.0,0.0,1577964000.0,0.0,38931000.0,214324039.5,270034039.5,10.695839371765853,0.0,0.06725366159136803,0.5996377993046951,0.0,10.695839371765853,0.021421010650305765,14.571936327168888,12.54824587236534,1.0751844338983731,0.13138173302107728,0.0,0.002617531851810772,0.008275469377443664,0.0,0.002402519325651648,61.675982589928054,0.0,0.046248667317549536,0.5964473701090094,0.045951210230727894,0.0,0.0,0.042226019038320725,0.0,0.5964473701090094,0.045951210230727894,0.0,Banks—Regional,Financial Services,FRBA
2018Q4,2018,Q4,2018-12-31,2018-12-31,4097000.0,15136000.0,0.0,0.21983301597859253,0.0,0.0,1711159000.0,194836000.0,1575445000.0,0.0,1516323000.0,0.0,35222000.0,225878900.76,304730900.76,10.454328899488663,0.0,0.06732688195544657,0.5913024287092734,0.0,10.454328899488663,0.021027941448192325,14.923288897991542,13.783188965096413,1.1593283621096717,0.13668537954600926,0.0,0.0024792045565823306,0.008845466727522107,0.0,0.002394283640503308,28.84788004597701,0.0,-0.24195511731519811,1.1213072927567216,0.6913941126066843,1.0515507413428555,0.0,-0.24632082413539366,0.0,1.1213072927567216,0.6913941126066843,1.0515507413428555,Banks—Regional,Financial Services,FRBA
2018Q3,2018,Q3,2018-09-30,2018-09-30,5436000.0,15743000.0,0.0,0.29,0.0,0.0,1717146000.0,190672000.0,1581371000.0,0.0,1526474000.0,0.0,31685000.0,234665530.19,248561530.19,10.245961211487973,0.0,0.07715302018581996,0.6948214735252161,0.0,10.245961211487973,0.02850969203658639,14.906023641618496,10.792196936626196,1.2307288442456155,0.10283296541574687,0.0,0.002382113809162336,0.0091681196590156,0.0,0.0031657179995178046,11.705767954806205,0.0,0.31818181818181807,0.8424472246722536,0.22574676080207762,0.0,0.0,0.3525752674794725,0.0,0.8424472246722536,0.22574676080207762,0.0,Banks—Regional,Financial Services,FRBA
2018Q2,2018,Q2,2018-06-30,2018-06-30,4019000.0,14393000.0,0.0,0.22,0.0,0.0,1640999000.0,185506000.0,1498800000.0,0.0,1455493000.0,0.0,26808000.0,252641076.3,325448076.3,10.20631101546649,0.0,0.07670997971357692,0.6785818248466357,0.0,10.20631101546649,0.021665067437171844,17.553051921072743,15.715419028365265,1.3619024522117884,0.1383428713610351,0.0,0.002200750599003049,0.008770876764702477,0.0,0.0024491178848981628,78.8271688923557,0.0,-0.04347826086956525,0.4536713613916881,0.043938056952127026,0.0,0.0,-0.004458756502353232,0.0,0.4536713613916881,0.043938056952127026,0.0,Banks—Regional,Financial Services,FRBA
2018Q1,2018,Q1,2018-03-31,2018-03-31,4037000.0,13124000.0,0.0,0.23,0.0,0.0,1483060000.0,166740000.0,1350063000.0,0.0,1316320000.0,0.0,23345000.0,250952140.8,334513140.8,9.567784488093118,0.0,0.0814451202244009,0.7244092599256328,0.0,9.567784488093118,0.02421134700731678,19.1216199939043,15.540756799603665,1.5050506225260887,0.13004706465196927,0.0,0.0020920323625308558,0.008849271101641201,0.0,0.0027220746294822867,62.02475056846268,0.0,5.863464657534247,0.6140987943906964,-0.0019123995452215473,0.0,0.0,5.912671232876712,-1.0,0.6140987943906964,-0.0019123995452215473,0.0,Banks—Regional,Financial Services,FRBA
2017Q4,2017,Q4,2017-12-31,2017-12-31,584000.0,12858000.0,4898000.0,0.0335107721065514,0.0,0.0,1452327000.0,163250000.0,1313686000.0,0.0,1289077000.0,0.0,19726000.0,241367163.2,310487163.2,9.367523195881022,0.0,0.08029252365341966,0.7143093415007657,0.0020867502081390412,9.367523195881022,0.003577335375191424,18.771750132213405,103.32498424657534,1.4785124851454823,0.5993150684931506,0.0,0.001450072973306586,0.008853378061552253,0.0,0.00040211329817596174,50.81413962105263,0.0,-0.7905576743340538,-0.6766334440753046,0.5365678776290631,0.8382766930162379,0.0,-0.7644211375554659,0.2916666666666667,-0.6766334440753046,0.5365678776290631,0.8382766930162379,Banks—Regional,Financial Services,FRBA
2017Q3,2017,Q3,2017-09-30,2017-09-30,2479000.0,11286000.0,3792000.0,0.16,0.0,0.0,1446790000.0,163025000.0,1311184000.0,0.0,1283765000.0,0.0,19492000.0,204464597.4,258598597.4,10.604439729770059,0.0,0.08797821383891236,0.7807759546081889,0.008539118393722595,10.604439729770059,0.015206256709093697,18.116657575757575,20.619664925373133,1.254191672442877,0.12061315046389673,0.0,0.0014623558493848088,0.007800717450355615,0.0,0.001713448392648553,32.92505594202898,0.0,0.06666666666666674,0.017091135606320425,0.06370460295933429,0.0,0.0,0.24760946149974836,0.30713547052740436,0.017091135606320425,0.06370460295933429,0.0,Banks—Regional,Financial Services,FRBA
2017Q2,2017,Q2,2017-06-30,2017-06-30,1987000.0,9076000.0,2901000.0,0.15,0.0,0.0,1158546000.0,130969000.0,1053401000.0,0.0,1027577000.0,0.0,17312000.0,147390184.70000002,193911184.70000002,10.35203838780453,0.0,0.0680171525342973,0.6016767326619277,0.00947227916289269,10.35203838780453,0.015171529140483626,16.239553184222125,18.544311109713135,1.1253822255648285,0.11524911927528939,0.0,0.0015536991182018647,0.007833957391419935,0.0,0.0017150807995539236,229.22268227060655,0.0,-0.11764705882352951,0.03250608620399036,-0.054275986030303106,0.0,0.0,0.022645393721049924,0.02545068928950159,0.03250608620399036,-0.054275986030303106,0.0,Banks—Regional,Financial Services,FRBA
2017Q1,2017,Q1,2017-03-31,2017-03-31,1943000.0,8559000.0,2829000.0,0.17,0.0,0.0,1096395000.0,91045000.0,989085000.0,0.0,1005350000.0,0.0,15554000.0,136069164.95,156104164.95,7.995843513846743,0.0,0.06105007775482376,0.7351858970838596,0.012299025193062415,7.995843513846743,0.021341095062880993,15.897787703002686,17.507612577200206,1.4945264973364818,0.11734431291816778,0.0,0.0016756184259951983,0.007806493097834266,0.0,0.0017721715257731018,30.23759221111111,0.0,0.6404371207087488,0.1889970109328466,-0.0037643852117613965,0.0,0.0,0.07585825027685493,0.048943270300333706,0.1889970109328466,-0.0037643852117613965,0.0,Banks—Regional,Financial Services,FRBA
2016Q4,2016,Q4,2016-12-31,2016-12-31,1806000.0,8368000.0,2697000.0,0.10363091511032847,0.0,0.0,1073294000.0,88806000.0,964182000.0,0.0,984488000.0,0.0,13611000.0,202155891.2,255577891.2,5.095817855641102,0.0,0.0802678483248765,0.9701033713938247,0.010322536394656974,5.095817855641102,0.020336463752449158,24.15820879541109,27.98392735326689,2.2763764970835303,0.0,0.0,0.0,0.007796559004336184,0.0,0.0016826703587274317,104.47332878552972,0.0,-0.35230678056044706,0.0,0.0,0.0,0.0,0.00277623542476402,-0.021407837445573296,0.0,0.0,0.0,Banks—Regional,Financial Services,FRBA
2016Q3,2016,Q3,2016-09-30,2016-09-30,1801000.0,7840000.0,2756000.0,0.16,0.0,0.0,,,,,,,,95193556.94000001,,,0.0,0.0,0.0,0.0,,0.0,12.142035323979593,13.213986249305943,0.0,0.0,0.0,0.0,0.0,0.0,0.0,34.1562816433441,0.0,0.06666666666666674,0.0,0.0,0.0,0.0,0.2480942480942481,0.30988593155893535,0.0,0.0,0.0,Banks—Regional,Financial Services,FRBA
2016Q2,2016,Q2,2016-06-30,2016-06-30,1443000.0,7196000.0,2104000.0,0.15,0.0,0.0,,,,,,,,65835963.0,,,0.0,0.0,0.0,0.0,,0.0,9.148966509171762,11.406091995841997,0.0,0.0,0.0,0.0,0.0,0.0,0.0,32.624362239841425,0.0,0.07142857142857129,0.0,0.0,0.0,0.0,0.06415929203539823,0.08063687724704674,0.0,0.0,0.0,Banks—Regional,Financial Services,FRBA
2016Q1,2016,Q1,2016-03-31,2016-03-31,1356000.0,7129000.0,1947000.0,0.14,0.0,0.0,,,,,,,,65572076.440000005,,,0.0,0.0,0.0,0.0,,0.0,9.197934694908122,12.089247131268438,0.0,0.0,0.0,0.0,0.0,0.0,0.0,33.4380807955125,0.0,0.0,0.0,0.0,0.0,0.0,0.0,0.0,0.0,0.0,0.0,Banks—Regional,Financial Services,FRBA
2007Q3,2007,Q3,2007-09-30,2007-09-30,-261000.0,138000.0,-261000.0,-0.295,0.0,0.0,15816000.0,7798000.0,0.0,0.0,8018000.0,0.0,-811000.0,5582039.5323718,5022039.5323718,8.831257078142695,0.0,0.0,0.0,,8.831257078142695,-0.03347012054372916,40.449561828781164,-5.346781161275671,0.7158296399553477,0.0,0.0,0.0,0.008725341426403643,0.0,-0.016502276176024278,0.0,0.0,0.05144694533762063,0.0,0.0,0.0,0.0,0.05090909090909091,0.05090909090909091,0.0,0.0,0.0,Banks—Regional,Financial Services,FRBA
2007Q2,2007,Q2,2007-06-30,2007-06-30,-275000.0,72000.0,-275000.0,-0.311,0.0,0.0,12144000.0,8052000.0,0.0,0.0,4092000.0,0.0,-550000.0,8332014.890263901,8015014.890263901,9.118912797281993,0.0,0.0,0.0,,9.118912797281993,-0.03415300546448088,115.72242903144307,-7.574558991149,1.0347758184629783,,0.0,,0.005928853754940711,0.0,-0.022644927536231884,0.0,0.0,0.0,0.0,0.0,0.0,0.0,0.0,0.0,0.0,0.0,0.0,Banks—Regional,Financial Services,FRBA
