Quarters,Year,Quarter,FillingDate,Date,NetIncome,Revenue,OperatingIncome,EPSDiluted,GrossProfit,GrossProfitRatio,TotalAssets,CommonStockEquity,CurrentAssets,CurrentLiability,TotalLiability,Inventory,RetainedEarnings,MarketCap,EnterpriseValue,bookValuePerShare,currentRatio,debtToAssets,debtToEquity,roic,shareholdersEquityPerShare,roe,priceToSalesRatio,peRatio,pbRatio,payoutRatio,inventoryTurnover,dividendYield,assetTurnover,quickRatio,returnOnAssets,priceToFreeCashFlowsRatio,grossProfitMargin,epsdilutedGrowth,fiveYNetIncomeGrowthPerShare,fiveYRevenueGrowthPerShare,fiveYShareholdersEquityGrowthPerShare,grossProfitGrowth,netIncomeGrowth,operatingIncomeGrowth,threeYNetIncomeGrowthPerShare,threeYRevenueGrowthPerShare,threeYShareholdersEquityGrowthPerShare,Industry,Sector,Symbol
2023Q1,2023,Q1,2023-03-31,2023-03-31,771000000.0,6054000000.0,1420000000.0,0.79,4100000000.0,0.6772381896,69975000000.0,21934000000.0,7167000000.0,12659000000.0,47708000000.0,673000000.0,-3926000000.0,55240962630.21,88302962630.20999,24.04780177612104,0.5661584643336757,0.4830725259021079,1.541123370110331,0.018975153801747763,24.04780177612104,0.035150907267256316,9.124704762175421,17.912114990340466,2.5185083719435575,1.1595330739299612,2.903417533432392,0.016183642670830146,0.0865166130760986,0.3940279642941781,0.011018220793140408,343.11156913173915,0.6772381896266931,0.36206896551724155,0.09173731076392515,0.06887559601689781,0.08304138277287185,0.004409603135717786,0.3479020979020979,0.11198120595144871,0.06439774874413602,0.056496577315002905,-0.05815207131385226,Telecom Services,Communication Services,BCE
2022Q4,2022,Q4,2022-12-31,2022-12-31,572000000.0,6439000000.0,1277000000.0,0.58,4082000000.0,0.633949371,69329000000.0,22178000000.0,6487000000.0,11469000000.0,46814000000.0,656000000.0,-3649000000.0,54263553120.0,86034553120.0,24.31798245614035,0.5656116487923969,0.4604133912215667,1.4392641356299034,0.016963510946968935,24.31798245614035,0.02579132473622509,8.42732615623544,23.716587902097903,2.4467288808729375,1.5402097902097902,3.5929878048780486,0.01623557524977642,0.0928759970575084,0.4118057372046386,0.008250515657228577,129.81711272727273,0.6339493710203448,-0.2564102564102565,-0.07249589490968808,0.06722264182611612,0.14304671189979112,-0.019221528111484865,-0.2413793103448276,-0.06720233747260775,-0.2016098344452682,0.010308024454740413,0.042924577387285126,Telecom Services,Communication Services,BCE
2022Q3,2022,Q3,2022-09-30,2022-09-30,754000000.0,6024000000.0,1369000000.0,0.78,4162000000.0,0.6909030544,68560000000.0,22641000000.0,6837000000.0,11413000000.0,45579000000.0,627000000.0,-3254000000.0,52298242850.7,83018242850.7,24.82838030485799,0.5990537106808026,0.45876604434072343,1.389205423788702,0.020560918758171537,24.82838030485799,0.03330241597102601,8.681647219571712,17.3402661971817,2.309891031787465,1.1485411140583555,2.9696969696969697,0.01655887373639378,0.08786464410735123,0.43240164724437047,0.010997666277712953,77.36426457204142,0.6909030544488712,0.1818181818181818,-0.0705477129353195,0.04755743990238875,0.15723540876354355,-0.0011999040076793857,0.1949286846275753,0.0036656891495601175,-0.17553304536768993,-0.004906896513303353,0.06944626591479869,Telecom Services,Communication Services,BCE
2022Q2,2022,Q2,2022-06-30,2022-06-30,631000000.0,5861000000.0,1364000000.0,0.66,4167000000.0,0.7109708241,68030000000.0,23437000000.0,6302000000.0,9749000000.0,44265000000.0,565000000.0,-2709000000.0,57338095841.840004,87058095841.84,25.701283035420552,0.6464252743871166,0.44562692929589887,1.2935102615522465,0.018730772504733737,25.701283035420552,0.026923241029141957,9.782988541518513,22.71715366158479,2.4464776141076077,1.3835182250396196,2.9982300884955753,0.015225479451010403,0.08615316772012348,0.4670222586931993,0.009275319711891812,41.60964865155298,0.710970824091452,-0.3592233009708738,-0.2155732363821986,0.015118190913957236,0.2336670680557828,0.010917030567685589,-0.32441113490364026,-0.08640321500334897,-0.2210016605634771,-0.02507550992895695,0.1483361856924691,Telecom Services,Communication Services,BCE
2022Q1,2022,Q1,2022-03-31,2022-03-31,934000000.0,5850000000.0,1493000000.0,1.03,4122000000.0,0.7046153846,67335000000.0,23467000000.0,5816000000.0,8966000000.0,43550000000.0,567000000.0,-2740000000.0,63093187241.46001,92948187241.46,25.7850785627953,0.6486727637742583,0.44492463057845105,1.2766437976733285,0.02056801602723542,25.7850785627953,0.039800571014616266,10.785160212215386,16.88789808390257,2.688591947903865,0.8865096359743041,3.0476190476190474,0.01312344543367595,0.08687903764758298,0.4504795895605621,0.013870943788520086,82.58270581342933,0.7046153846153846,0.43055555555555564,0.26576989682297725,0.04548318008912037,0.19616428974094635,0.6962962962962963,0.4194528875379939,0.2577927548441449,0.18508065302013477,0.0071144015841753255,0.14515371895868787,Telecom Services,Communication Services,BCE
2021Q4,2021,Q4,2021-12-31,2021-12-31,658000000.0,6209000000.0,1187000000.0,0.72,2430000000.0,0.3913673699,66733000000.0,22612000000.0,6198000000.0,9113000000.0,43815000000.0,482000000.0,-3423000000.0,60273304186.880005,89739304186.88,24.881161971830984,0.6801272906836388,0.4446525706921613,1.3122678223951885,0.016469947437392315,24.881161971830984,0.02909959313638776,9.707409274743116,22.90019156036474,2.665545028607819,1.256838905775076,7.840248962655601,0.01372083397710951,0.09304242278932462,0.5014814001975201,0.009860189111833725,-43.6763073817971,0.39136736994685134,-0.1325301204819277,-0.08110934629516225,0.049256040782577004,0.2422139987874796,-0.1934948556256223,-0.168141592920354,-0.15875265768958186,0.011279721485992303,-0.012727807411646046,0.09737128944170344,Telecom Services,Communication Services,BCE
2021Q3,2021,Q3,2021-09-30,2021-09-30,791000000.0,5836000000.0,1411000000.0,0.83,3013000000.0,0.5162782727895819,66336000000.0,23158000000.0,7541000000.0,8004000000.0,42827000000.0,418000000.0,-2962000000.0,57215519481.78,84112519481.78,25.535340169809242,0.9421539230384808,0.4381331403762663,1.2550306589515503,0.019630618016319892,25.535340169809242,0.03415666292425944,9.803892988653187,18.083286814721873,2.47065892917264,1.0417193426042983,6.753588516746412,0.014401686945486858,0.08797636275928605,0.7589955022488756,0.011924143753014954,290.4341090445685,0.5162782727895819,0.09210526315789468,-0.03223402328182351,0.03530626620401134,0.3510852389585219,0.03255654557916381,0.10320781032078104,0.06651549508692366,-0.07854423277746428,-0.016721535927278174,0.10143308864444502,Telecom Services,Communication Services,BCE
2021Q2,2021,Q2,2021-06-30,2021-06-30,717000000.0,5698000000.0,1323000000.0,0.76,2918000000.0,0.512109512109512,64131000000.0,22429000000.0,6946000000.0,8353000000.0,41362000000.0,418000000.0,-3401000000.0,55516515480.0,81490515480.0,24.78342541436464,0.8315575242427871,0.4323338167189035,1.2361674617682465,0.019960431939338566,24.78342541436464,0.031967542021490034,9.74315820989821,19.357222970711298,2.4752113549422625,1.1464435146443515,6.650717703349282,0.014806404776901533,0.08884938641218755,0.6540165210104154,0.011180240445338448,42.969439226006195,0.512109512109512,0.07042253521126768,-0.15306558479949434,0.02471326587621819,0.30913967225577765,0.016016713091922007,0.06379821958456973,0.020833333333333332,-0.037274501155062485,-0.02282629246055925,0.09068934193087218,Telecom Services,Communication Services,BCE
2021Q1,2021,Q1,2021-03-31,2021-03-31,674000000.0,5706000000.0,1296000000.0,0.71,2872000000.0,0.503329828250964,64249000000.0,22027000000.0,7889000000.0,9527000000.0,41883000000.0,459000000.0,-3693000000.0,51224226498.0,77368226498.0,24.352681039248203,0.8280675973548861,0.44749334619994086,1.3052617242475144,0.01865341247633629,24.352681039248203,0.03059881055068779,8.977256659305993,19.000084012611275,2.3255198845961775,1.1632047477744807,6.174291938997821,0.015305257953101753,0.08881072078942863,0.6735593576151989,0.010490435648803873,52.269618875510204,0.503329828250964,-0.2755102040816327,-0.1315444878356128,0.03796274793017838,0.27860791578153904,-0.02079781793385612,-0.2681867535287731,-0.0023094688221709007,-0.037595697584134155,0.015898681903541288,0.09677223691871292,Telecom Services,Communication Services,BCE
2020Q4,2020,Q4,2020-12-31,2020-12-31,921000000.0,6102000000.0,1299000000.0,0.98,2933000000.0,0.4806620780072107,60665000000.0,20989000000.0,5688000000.0,8271000000.0,39336000000.0,439000000.0,-4681000000.0,49355817582.399994,75454817582.4,23.20765148164529,0.6877040261153428,0.43390752493200363,1.254133117347182,0.021705923611234718,23.20765148164529,0.04388012768593073,8.088465680498196,13.39734462062975,2.351508770422602,0.8512486427795874,7.218678815489749,0.015884652274093216,0.1005851809115635,0.5366944746705357,0.015181735761971482,360.26144220729924,0.4806620780072107,0.27272727272727265,0.6307049629370853,0.027766724450942155,0.16358635608202157,0.007211538461538462,0.27209944751381215,-0.034918276374442794,0.5059610050916918,0.019865952423265335,0.09085652006105151,Telecom Services,Communication Services,BCE
2020Q3,2020,Q3,2020-09-30,2020-09-30,724000000.0,5787000000.0,1346000000.0,0.77,2912000000.0,0.503196820459651,61622000000.0,20729000000.0,7533000000.0,8577000000.0,40542000000.0,425000000.0,-5087000000.0,49872256771.479996,76011256771.48,22.922702642928233,0.8782791185729276,0.4514296842036935,1.341984659173139,0.02043240008461142,22.922702642928233,0.034926913985238076,8.617981125190944,17.221083139323202,2.4059171581591006,1.0842541436464088,6.764705882352941,0.015740214115373883,0.09391126545714193,0.6322723563017372,0.011749050663723995,50.173296550784706,0.503196820459651,1.9615384615384615,-0.12529511866015242,0.016365174309584347,0.20273702166893973,0.026436376454000706,1.6715867158671587,0.09609120521172639,-0.10002798392974163,0.014801381229059494,0.06841295474130761,Telecom Services,Communication Services,BCE
2020Q2,2020,Q2,2020-08-06,2020-06-30,271000000.0,5354000000.0,1228000000.0,0.26,2837000000.0,0.5298841987299215,61191000000.0,20789000000.0,7462000000.0,8135000000.0,40054000000.0,445000000.0,-5142000000.0,51382082743.3,77443082743.3,22.98905230565078,0.9172710510141364,0.45117746073769016,1.3280100052912598,0.01906297236554186,22.98905230565078,0.013035740054836693,9.596952324112813,47.40044533514761,2.4715995354899225,2.9003690036900367,5.656179775280899,0.015297161151033545,0.08749652726708176,0.6490473263675476,0.00442875586279028,30.915813924969918,0.5298841987299215,-0.6533333333333333,-0.6827079586614441,-0.06077426460277053,0.20912912680803933,0.16175266175266176,-0.6225626740947076,-0.08358208955223881,-0.6602753817403612,-0.06490025032376846,0.10347941447932316,Telecom Services,Communication Services,BCE
2020Q1,2020,Q1,2020-04-02,2020-03-31,718000000.0,5680000000.0,1340000000.0,0.75,2442000000.0,0.4299295774647887,65515000000.0,23084000000.0,8308000000.0,9414000000.0,42091000000.0,487000000.0,-2990000000.0,52363135443.96,79406135443.95999,25.532573830328502,0.8825154025918844,0.45366709913760206,1.2875584820655,0.01901895482379574,25.532573830328502,0.031103794836250215,9.21886187393662,18.232289499986074,2.2683735680107433,1.0473537604456824,6.648870636550308,0.014361248493318442,0.08669770281614897,0.7123433184618653,0.010959322292604746,78.38792731131737,0.4299295774647887,0.013513513513513526,0.171734224400732,0.008315806449161604,0.4303820004866952,-0.190586675505469,0.011267605633802818,-0.13715389568576947,-0.020498791888595092,0.021838272502367757,0.18445064910836842,Telecom Services,Communication Services,BCE
2019Q4,2019,Q4,2020-01-06,2019-12-31,710000000.0,6316000000.0,1553000000.0,0.74,3017000000.0,0.4776757441418619,60146000000.0,21074000000.0,5520000000.0,9777000000.0,38738000000.0,427000000.0,-4632000000.0,54712329247.8,80863329247.8,23.31710555432618,0.5645903651426818,0.4372028065041732,1.2477934896080478,0.024537439504259455,23.31710555432618,0.03369080383410838,8.662496714344522,19.264904664718312,2.596200495767296,1.06056338028169,7.725995316159251,0.01376289422059797,0.10501113956040302,0.4391940267975862,0.01180460878528913,58.32870921940299,0.4776757441418619,-0.22916666666666666,0.13071080561721463,0.05898611394437185,0.3068874162223364,-0.02235904082955282,-0.21460176991150443,0.0332667997338656,-0.003006629015653718,0.07324264539860506,0.16412709999563482,Telecom Services,Communication Services,BCE
2019Q3,2019,Q3,2019-10-24,2019-09-30,904000000.0,5984000000.0,1503000000.0,0.96,3086000000.0,0.5157085561497327,60626000000.0,20927000000.0,6255000000.0,10377000000.0,39363000000.0,483000000.0,-4735000000.0,57655087647.5,83862087647.5,23.21610827601509,0.6027753686036427,0.4482070398838782,1.2984660964304486,0.023177879284073975,23.21610827601509,0.043197782768672054,9.634874272643717,15.944437955613939,2.755057468700721,0.8407079646017699,6.0,0.01318183756213498,0.09870352653976841,0.47036715813819024,0.014911094249991753,46.309307347389556,0.5157085561497327,0.12941176470588234,0.24303627707840972,-0.0005737198877672872,0.25309304918367165,0.0012978585334198572,0.13141426783479349,0.012803234501347708,0.11276676190778057,0.06803870714806534,0.22837373574025452,Telecom Services,Communication Services,BCE
2019Q2,2019,Q2,2019-08-01,2019-06-30,799000000.0,5930000000.0,1484000000.0,0.85,3082000000.0,0.5197301854974705,60213000000.0,20132000000.0,6489000000.0,11342000000.0,39752000000.0,487000000.0,-5195000000.0,53653209592.5,80184209592.5,22.381322957198442,0.5721213189913595,0.4587879693753841,1.372193522749851,0.023227301541286674,22.381322957198442,0.03968805881184184,9.047758784569982,16.787612513297873,2.6650710109527123,0.9374217772215269,5.848049281314168,0.013960022255680677,0.09848371614103267,0.4476282842532181,0.013269559729626493,47.86191756690455,0.5197301854974705,0.03658536585365857,0.0810775591725885,-0.017810874070098584,0.19325117322363938,0.27936903279369035,0.02699228791773779,0.1362940275650842,-0.05043474336911241,0.07295626159351938,0.1822529497417594,Telecom Services,Communication Services,BCE
2019Q1,2019,Q1,2019-05-02,2019-03-31,778000000.0,5734000000.0,1306000000.0,0.82,2409000000.0,0.42012556679455876,59840000000.0,20229000000.0,6034000000.0,10984000000.0,39302000000.0,472000000.0,-5015000000.0,53144455086.88,79977455086.88,22.516696349065004,0.5493445010924982,0.4595755347593583,1.359483909239211,0.019966362140051316,22.516696349065004,0.038459637154580055,9.268303991433553,17.077267058766065,2.627141978688022,0.9048843187660668,7.044491525423729,0.0132469135086456,0.09582219251336899,0.4172432629278951,0.013001336898395721,79.79647910942943,0.42012556679455876,0.20588235294117632,0.03771073128634716,-0.028048949587132905,0.1827243939017099,-0.18144750254842,0.2099533437013997,0.005388760585065435,0.00926707216652782,0.05013834419528882,0.18221177137597733,Telecom Services,Communication Services,BCE
2018Q4,2018,Q4,2019-01-09,2018-12-31,643000000.0,6215000000.0,1299000000.0,0.68,2943000000.0,0.4735317779565567,57100000000.0,20363000000.0,5793000000.0,10429000000.0,36411000000.0,432000000.0,-4937000000.0,48360678644.600006,72340678644.6,22.673421667965705,0.5554703231374053,0.4274080560420315,1.1984972744683986,0.021025327265363682,22.673421667965705,0.03157687963463144,7.781283772260661,18.80275219463453,2.3749289713991066,1.124416796267496,7.574074074074074,0.014950162410111894,0.10884413309982487,0.4236264263112475,0.011260945709281961,59.48422957515376,0.4735317779565567,-0.2444444444444444,0.05210262911938667,-0.0023493380943650265,0.17196108668140642,-0.012416107382550336,-0.24352941176470588,-0.10905349794238683,0.1464697308660579,0.05414253975756981,0.13680111576154194,Telecom Services,Communication Services,BCE
2018Q3,2018,Q3,2018-10-04,2018-09-30,850000000.0,5877000000.0,1458000000.0,0.9,2980000000.0,0.5070614258975668,57654000000.0,20819000000.0,6002000000.0,10446000000.0,36511000000.0,491000000.0,-4378000000.0,47034611554.0,70669611554.0,23.183741648106903,0.5745739996170783,0.42427238352933017,1.1749363562130746,0.02558853679154534,23.183741648106903,0.040828089725731306,8.003166846009869,13.833709280588234,2.259215694990153,0.8388235294117647,5.90020366598778,0.015159049398790323,0.10193568529503591,0.4480183802412407,0.014743122766850521,46.38521849506903,0.5070614258975668,0.1392405063291139,0.9584706755753525,-0.004135860518525976,0.19937759333018712,0.013950323239197007,0.15020297699594046,0.02531645569620253,0.03413706420387924,0.039413080934453615,0.216433542559982,Telecom Services,Communication Services,BCE
2018Q2,2018,Q2,2018-08-02,2018-06-30,739000000.0,5786000000.0,1422000000.0,0.79,2939000000.0,0.5079502246802627,56559000000.0,20405000000.0,5557000000.0,11048000000.0,35835000000.0,436000000.0,-4811000000.0,48195933710.4,71904933710.4,22.72271714922049,0.5029869659666908,0.4260860340529359,1.1810340602793432,0.023040973233403057,22.72271714922049,0.03621661357510414,8.329750036363636,16.304443068470906,2.3619668566723844,0.9648173207036536,6.529816513761468,0.014793779165775237,0.10230025283332449,0.3781679942070963,0.013066001874149118,48.14778592447553,0.5079502246802627,0.08219178082191789,0.0571507323116861,-0.00014311804008911743,0.20140076566134094,0.06640058055152395,0.06025824964131994,0.12678288431061807,-0.1286943695541749,0.022130248133499866,0.19512099846715583,Telecom Services,Communication Services,BCE
2018Q1,2018,Q1,2018-04-05,2018-03-31,697000000.0,5590000000.0,1262000000.0,0.73,2756000000.0,0.4930232558139535,56648000000.0,19988000000.0,6266000000.0,10686000000.0,36352000000.0,443000000.0,-5192000000.0,49930176329.6,73598176329.6,22.2039546767385,0.5863746958637469,0.43897401496963706,1.244096457874725,0.021131130629958306,22.2039546767385,0.03487092255353212,8.932053010661896,17.908958511334287,2.4980076210526314,0.9741750358680057,6.397291196388262,0.013598990628788747,0.09867956503318741,0.4653752573460603,0.012304053099844654,94.38596659659736,0.4930232558139535,0.1587301587301587,0.0026762741279159853,-0.02075859539966246,0.2243980694352779,-0.010768126346015794,0.1444991789819376,0.02852485737571312,0.1423913594250012,-0.0033618483424378174,0.24390660026226207,Telecom Services,Communication Services,BCE
2017Q4,2017,Q4,2018-01-08,2017-12-31,609000000.0,5958000000.0,1227000000.0,0.63,2786000000.0,0.46760657938905675,54263000000.0,19160000000.0,4639000000.0,10787000000.0,34780000000.0,380000000.0,-6080000000.0,54199454577.119995,76967454577.12,21.274705751721076,0.43005469546676556,0.43110406722812966,1.220929018789144,0.020711253270488377,21.274705751721076,0.03178496868475992,9.096920875649547,22.249365589950738,2.828781554129436,1.1149425287356323,8.347368421052632,0.012527801345931554,0.10979857361369626,0.3485677204041902,0.011223117041077714,97.13163902709677,0.46760657938905675,-0.26744186046511625,-0.29370985380815307,-0.006571992759202919,0.18831689784387995,-0.03631961259079903,-0.2397003745318352,-0.1191672648959081,-0.026690682729268632,0.002510747779338646,0.19241409127637793,Telecom Services,Communication Services,BCE
2017Q3,2017,Q3,2017-10-03,2017-09-30,801000000.0,5678000000.0,1393000000.0,0.86,2891000000.0,0.5091581542796759,55565000000.0,19318000000.0,5933000000.0,11634000000.0,35922000000.0,437000000.0,-5873000000.0,52438569287.159996,74998569287.16,21.454908929364727,0.5099707753137356,0.44162692342301807,1.2702660730924527,0.024620317048174377,21.454908929364727,0.04146391966042033,9.235394379563227,16.366594658913858,2.7144926642074747,0.83270911360799,6.377574370709382,0.01271964527383321,0.10218662827319355,0.4162798693484614,0.014415549356609377,43.9552131493378,0.5091581542796759,0.023809523809523832,0.13839982964412503,-0.02003775118636774,0.21474261321589683,0.002774887270204648,0.008816120906801008,-0.005710206995003569,0.10263038579085466,-0.05062752561261395,0.15803204097005896,Telecom Services,Communication Services,BCE
2017Q2,2017,Q2,2017-08-03,2017-06-30,794000000.0,5699000000.0,1401000000.0,0.84,2883000000.0,0.5058782242498684,53592000000.0,18752000000.0,4510000000.0,11209000000.0,34516000000.0,437000000.0,-6466000000.0,52672655227.04,75488655227.04001,20.833240751027663,0.4023552502453386,0.436128526645768,1.24642704778157,0.02434329237592261,20.833240751027663,0.04234215017064846,9.242438186881909,16.5845891772796,2.808908661851536,0.8261964735516373,6.443935926773455,0.01245428006566937,0.1063404985818779,0.30350611116067444,0.014815644125988953,47.367495707769784,0.5058782242498684,0.07692307692307684,-0.1542757124466551,-0.004936820277467937,0.15745213048040385,0.07174721189591078,0.11830985915492957,0.07192042846212701,0.07359623926327782,-0.05670074546846861,0.11071579708467902,Telecom Services,Communication Services,BCE
2017Q1,2017,Q1,2017-04-05,2017-03-31,710000000.0,5384000000.0,1307000000.0,0.78,2690000000.0,0.49962852897473997,53849000000.0,18877000000.0,4732000000.0,11225000000.0,34656000000.0,428000000.0,-6324000000.0,51686421396.75,75239421396.75,21.556469110425944,0.42155902004454343,0.4468606659362291,1.274725856862849,0.02233544499527634,21.556469110425944,0.037611908671928804,9.60000397413633,18.199444153785212,2.738063325568152,0.8971830985915493,6.294392523364486,0.012324320059040769,0.0999832865977084,0.29648106904231625,0.013185017363367937,112.1180507521692,0.49962852897473997,-0.012658227848101276,0.030848790355470612,-0.030236288808489855,0.19282312814998992,0.014711429649188985,0.028985507246376812,0.056588520614389654,-0.028440387020189934,-0.06371913087858232,0.13228696910273602,Telecom Services,Communication Services,BCE
2016Q4,2016,Q4,2017-01-06,2016-12-31,690000000.0,5702000000.0,1237000000.0,0.79,2651000000.0,0.4649245878639074,50108000000.0,17540000000.0,4855000000.0,10108000000.0,32254000000.0,403000000.0,-6040000000.0,51035186863.08,71641186863.08,20.029690533287656,0.48031262366442423,0.4282549692663846,1.2234321550741163,0.023313790380292045,20.029690533287656,0.03933865450399088,8.950401063325149,18.491009733,2.9096457732656784,0.8898550724637682,7.570719602977667,0.012030915094859413,0.1137942045182406,0.37910565888405223,0.013770256246507543,96.84096178952562,0.4649245878639074,-0.0919540229885057,0.19160698227132594,-0.024051904983396776,0.12563429960260067,-0.023932253313696614,-0.11989795918367346,-0.09642074506939372,0.15788538000768224,-0.061284645373895774,0.03530989839303798,Telecom Services,Communication Services,BCE
2016Q3,2016,Q3,2016-11-03,2016-09-30,784000000.0,5407000000.0,1369000000.0,0.87,2716000000.0,0.502311818013686,49749000000.0,16441000000.0,5660000000.0,9914000000.0,32995000000.0,420000000.0,-7086000000.0,52837002765.14,72940002765.14,18.899873548683757,0.5709098244906193,0.4320890872178335,1.307463049692841,0.026631839716399115,18.899873548683757,0.047685663889057844,9.771962782530053,16.848534045006378,3.213734125974089,0.8010204081632653,6.4071428571428575,0.01188560984035098,0.1086856017206376,0.4653015937058705,0.01575911073589419,54.64012695464323,0.502311818013686,-0.02247191011235957,0.038243476261639216,-0.01562222780482058,0.0778541746576084,0.0014749262536873156,-0.03567035670356704,-0.021443888491779844,0.8647525769245505,-0.054181556260870824,-0.022242173194844124,Telecom Services,Communication Services,BCE
2016Q2,2016,Q2,2016-08-17,2016-06-30,813000000.0,5340000000.0,1399000000.0,0.89,2712000000.0,0.5078651685393258,48268000000.0,16453000000.0,4441000000.0,9398000000.0,31504000000.0,415000000.0,-7039000000.0,53069868074.700005,72803868074.70001,18.931078126797836,0.4725473505001064,0.42158365791000246,1.23679572114508,0.02755617278252155,18.931078126797836,0.04941348082416581,9.938177542078652,16.319147624446497,3.2255435528292717,0.7712177121771218,6.332530120481928,0.011814613880657257,0.11063230297505594,0.3496488614598851,0.016843457363056268,56.517431389456874,0.5078651685393258,0.08536585365853666,0.16984030900976468,-0.037002334089302764,0.062427754969735426,0.03274942878903275,0.09274193548387097,0.09725490196078432,0.2016821466371926,-0.04652951328960994,0.0009283487960777442,Telecom Services,Communication Services,BCE
2016Q1,2016,Q1,2016-04-28,2016-03-31,744000000.0,5270000000.0,1275000000.0,0.82,2626000000.0,0.498292220113852,47946000000.0,16515000000.0,4420000000.0,9382000000.0,31126000000.0,414000000.0,-6919000000.0,51373147056.66,71303147056.66,19.046246107715373,0.4711149008740141,0.42449839402661327,1.2323947926127763,0.02577560446052776,19.046246107715373,0.04504995458673933,9.748225247943076,17.262482209899193,3.1106961584414172,0.7553763440860215,6.386473429951691,0.010939567307024506,0.10991532140324532,0.34534214453208273,0.015517457139281692,117.29029008369864,0.498292220113852,0.41379310344827586,0.21430956008404117,0.024613343540087068,0.09223236305117713,0.017041053446940357,0.39587242026266417,0.05721393034825871,0.1111449540415358,-0.041574416632364435,0.050271778329054786,Telecom Services,Communication Services,BCE
2015Q4,2015,Q4,2016-02-04,2015-12-31,533000000.0,5603000000.0,1206000000.0,0.58,2582000000.0,0.4608245582723541,47993000000.0,17023000000.0,4808000000.0,9992000000.0,30664000000.0,416000000.0,-6350000000.0,45725122223.99999,65397122223.99999,19.944932630345637,0.4811849479583667,0.4226658054299585,1.1916230981613112,0.024000581607969793,19.944932630345637,0.03131057980379487,8.1608285247189,21.447055452157596,2.6860789651647767,1.1050656660412759,7.262019230769231,0.01288132150012818,0.11674619215302232,0.3624899919935949,0.011105786260496322,82.9857027658802,0.4608245582723541,-0.33333333333333337,0.00465078435201472,0.05543194851161783,-0.12730053016869708,-0.023818525519848772,-0.31402831402831405,-0.09118311981914091,-0.3477388965998575,-0.014208792068221078,0.11404128205534192,Telecom Services,Communication Services,BCE
2015Q3,2015,Q3,2015-10-01,2015-09-30,777000000.0,5345000000.0,1327000000.0,0.87,2645000000.0,0.49485500467726845,47668000000.0,16179000000.0,4577000000.0,11303000000.0,31183000000.0,450000000.0,-6264000000.0,46021430640.64,66259430640.64,19.058781953115798,0.4049367424577546,0.4376101367793908,1.2893256690771988,0.026684780621881277,19.058781953115798,0.04802521787502318,8.61018346878204,14.807410116036035,2.8445163879498114,0.7567567567567568,6.0,0.012776656262414334,0.11212973063690526,0.299743430947536,0.016300243349836367,48.64844676600423,0.49485500467726845,-0.03333333333333336,0.24794439863352583,0.05502069003799123,-0.16419702672137212,0.0,-0.02631578947368421,-0.011913626209977662,0.17128418011057583,-0.02154553423778066,0.07907773790421616,Telecom Services,Communication Services,BCE
2015Q2,2015,Q2,2015-08-06,2015-06-30,798000000.0,5326000000.0,1343000000.0,0.9,2645000000.0,0.49662035298535484,46919000000.0,16064000000.0,4092000000.0,9974000000.0,30539000000.0,405000000.0,-6306000000.0,45175810242.49999,65507810242.49999,19.012900935021896,0.4102666934028474,0.4369445214092372,1.2762076693227091,0.02708106667300836,19.012900935021896,0.04967629482071713,8.482127345568905,14.152822757675438,2.8122391834225593,0.731829573934837,6.619753086419753,0.01292727229163432,0.1135147807924295,0.29346300380990575,0.017008035124363264,90.71447839859437,0.49662035298535484,0.4285714285714286,0.1629325960530078,0.07907263851913006,-0.1601778684611818,0.03970125786163522,0.4,0.0701195219123506,-0.0944829264236194,-0.009308097933408201,0.05631778352911404,Telecom Services,Communication Services,BCE
2015Q1,2015,Q1,2015-04-10,2015-03-31,570000000.0,5240000000.0,1255000000.0,0.63,2544000000.0,0.4854961832061069,47076000000.0,15012000000.0,5080000000.0,9497000000.0,31757000000.0,403000000.0,-7027000000.0,44913559922.4,65112559922.4,17.850178359096315,0.5349057597135938,0.45296966607188377,1.4204636290967225,0.026564763758715196,17.850178359096315,0.03796962430055955,8.571290061526717,19.698929790526318,2.9918438530775378,0.9789473684210527,6.689826302729529,0.012423864885439763,0.1113093720791911,0.41128777508686953,0.012108080550599032,380.6233891728814,0.4854961832061069,0.0,-0.18529932781673905,0.07645080422567245,-0.19577042838716982,-0.003915426781519186,-0.020618556701030927,0.07264957264957266,-0.1382707660947852,-0.017230842716755315,-0.012263767351656027,Telecom Services,Communication Services,BCE
2014Q4,2014,Q4,2014-12-31,2014-12-31,582000000.0,5528000000.0,1170000000.0,0.63,2554000000.0,0.46201157742402316,46297000000.0,14946000000.0,4548000000.0,9089000000.0,31058000000.0,333000000.0,-7013000000.0,44756098299.22,64288098299.22,17.84170944252119,0.5003850808669821,0.43411020152493685,1.344707614077345,0.02433330088799847,17.84170944252119,0.03894018466479326,8.096255119251085,19.225128135403782,2.9945201591877426,0.8951890034364262,8.93093093093093,0.01164087174259066,0.11940298507462686,0.3999339861370888,0.012571008920664406,99.23746851268292,0.46201157742402316,-0.18181818181818182,0.4148332948117818,0.08663881262186143,-0.19515748084491136,-0.015420200462606014,-0.07765451664025357,-0.07142857142857142,0.05068798868926826,-0.010913267440285371,0.0026735100409461914,Telecom Services,Communication Services,BCE
2014Q3,2014,Q3,2014-10-03,2014-09-30,631000000.0,5195000000.0,1260000000.0,0.77,2594000000.0,0.4993262752646776,46643000000.0,14490000000.0,5263000000.0,8114000000.0,31612000000.0,424000000.0,-6962000000.0,37058409479.52,56234409479.52,18.527042577675488,0.6486319940842987,0.4412666423686298,1.4204278812974465,0.02675428464833601,18.527042577675488,0.04354727398205659,7.13347631944562,14.682412630554674,2.557516182161491,0.8098256735340729,6.134433962264151,0.013789042950761273,0.11137791308449285,0.5193492728617205,0.013528289346740132,40.858224343461956,0.4993262752646776,-0.012820512820512832,0.05989494389008872,0.14337640584221845,-0.16235800190979816,0.005426356589147287,-0.012519561815336464,-0.003952569169960474,-0.07056386651323365,0.05195709186531318,0.05659173512287934,Telecom Services,Communication Services,BCE
2014Q2,2014,Q2,2014-07-17,2014-06-30,639000000.0,5220000000.0,1265000000.0,0.78,2580000000.0,0.4942528735632184,45223000000.0,14587000000.0,4261000000.0,7495000000.0,29472000000.0,384000000.0,-5146000000.0,37528169207.76,56264169207.76,18.756589944708757,0.5685123415610407,0.417619352984101,1.29471447178995,0.028333720734512634,18.756589944708757,0.04380612874477274,7.189304445931035,14.68238231915493,2.5727133206115034,0.7996870109546166,6.875,0.013616438285892627,0.11542799018198704,0.4016010673782522,0.01412997810848462,81.5829765386087,0.4942528735632184,-0.012658227848101276,0.6985258433677468,0.1998151399120785,-0.13432855194568266,0.045804620997162544,-0.013888888888888888,0.09429065743944637,0.027530082200766654,0.05199125938253337,0.05263533393993501,Telecom Services,Communication Services,BCE
2014Q1,2014,Q1,2014-05-06,2014-03-31,648000000.0,5099000000.0,1156000000.0,0.79,2467000000.0,0.4838203569327319,45163000000.0,14783000000.0,4850000000.0,7753000000.0,29182000000.0,380000000.0,-4933000000.0,36965274735.0,55456274735.0,19.037990985189953,0.6255642976912164,0.4253703252662578,1.2995332476493269,0.025693423022363424,19.037990985189953,0.043834133802340525,7.249514558737007,14.261294265046295,2.5005259240343642,0.7469135802469136,6.926315789473684,0.013093369479051433,0.11290215441843987,0.4618857216561331,0.014348028253216127,264.0376766785714,0.4838203569327319,0.253968253968254,0.6203134565547694,0.19218940888839978,-0.1111845843277915,-0.020254169976171566,0.22727272727272727,0.011373578302712161,0.18102532570963786,0.10703698459765697,0.09175896204962422,Telecom Services,Communication Services,BCE
2013Q4,2013,Q4,2013-12-31,2013-12-31,528000000.0,5382000000.0,1143000000.0,0.63,2518000000.0,0.46785581568190265,45384000000.0,15011000000.0,5070000000.0,7890000000.0,29134000000.0,383000000.0,-4642000000.0,35717227616.07,54294227616.07,19.346565279030802,0.6425855513307985,0.4167107350608144,1.2598760908666977,0.024396232838882367,19.346565279030802,0.03517420558257278,6.6364228197826085,16.91156610609375,2.3794036117560458,0.9147727272727273,7.477806788511749,0.013522886075925089,0.11858804865150714,0.4281368821292776,0.011634056054997356,51.09760746218884,0.46785581568190265,0.4318181818181818,31.081669550544458,0.22756626580546943,-0.11898442124084888,-0.00944138473642801,0.408,-0.06157635467980296,0.09476174896976551,0.11519568645417581,-0.15348236191187944,Telecom Services,Communication Services,BCE
2013Q3,2013,Q3,2013-11-07,2013-09-30,375000000.0,5099000000.0,1218000000.0,0.44,2542000000.0,0.4985291233575211,45207000000.0,14998000000.0,5090000000.0,7823000000.0,29013000000.0,424000000.0,-4642000000.0,34270965301.300003,52908965301.3,19.329810542595695,0.6506455324044484,0.42561992611763666,1.2829043872516335,0.026060304571786194,19.329810542595695,0.025003333777837044,6.721114983585017,22.847310200866666,2.285035691512202,1.304,6.03066037735849,0.014268638064345703,0.11279226668436304,0.43755592483701905,0.008295175525914128,40.31878270741177,0.4985291233575211,-0.4054054054054054,0.3914107826183971,0.1875470762002979,-0.12108516916146435,0.02129369224588188,-0.3791390728476821,-0.004901960784313725,-0.34104422762755016,0.10115653572279443,-0.15231135105290278,Telecom Services,Communication Services,BCE
2013Q2,2013,Q2,2013-07-05,2013-06-30,604000000.0,5000000000.0,1224000000.0,0.74,2489000000.0,0.4978,43188000000.0,14675000000.0,6031000000.0,8107000000.0,27360000000.0,421000000.0,-4959000000.0,33280634008.160004,48862634008.16,18.913519783477252,0.7439250030837548,0.4119199777716032,1.212265758091993,0.029178934780442284,18.913519783477252,0.04115843270868825,6.656126801632,13.77509685768212,2.2678455882902897,0.8013245033112583,5.96437054631829,0.01454299217621062,0.11577289987959619,0.6139139015665475,0.01398536630545522,32.06226783059731,0.4978,0.013698630136986314,0.45675674307076924,0.1740070071447357,-0.13213075134266608,0.03794829024186822,0.008347245409015025,0.08896797153024912,-0.04150875764496219,0.10311065879911756,-0.16456765047341892,Telecom Services,Communication Services,BCE
2013Q1,2013,Q1,2013-04-17,2013-03-31,599000000.0,4919000000.0,1124000000.0,0.73,2398000000.0,0.48749745883309614,42178000000.0,14067000000.0,4960000000.0,7495000000.0,27022000000.0,390000000.0,-5534000000.0,36646926299.36,52620926299.36,18.134588113961584,0.6617745163442295,0.40611219118971975,1.217672567000782,0.026519534408250448,18.134588113961584,0.04258192933816734,7.4500764991583655,15.295044365342235,2.6051699935565504,0.7779632721202003,6.464102564102564,0.012715936834466203,0.11662478069135568,0.5288859239492996,0.01420171653468633,115.241906601761,0.48749745883309614,-0.19780219780219785,1.1512721417422616,0.1631273357001981,-0.15331673882664554,-0.36443148688046645,-0.192722371967655,0.029304029304029304,-0.07177717032410486,0.09557452823558919,-0.18295650962869164,Telecom Services,Communication Services,BCE
2012Q4,2012,Q4,2013-01-14,2012-12-31,742000000.0,5161000000.0,1092000000.0,0.91,3773000000.0,0.7310598721178067,40968000000.0,13875000000.0,3911000000.0,6745000000.0,26243000000.0,392000000.0,-5682000000.0,32864848244.999996,48759848245.0,17.903225806451612,0.5798369162342476,0.3910857254442492,1.1547387387387387,0.029372814855191026,17.903225806451612,0.05347747747747748,6.367922543111799,11.073062077156333,2.3686377113513513,0.6455525606469003,3.5408163265306123,0.01457484289685939,0.12597637180238236,0.45559673832468495,0.01811169693419254,-644.408789117647,0.7310598721178067,0.2297297297297298,-0.677067254669701,0.17898911390926522,-0.16333650685653786,0.8687469044081229,0.22644628099173553,-0.04294478527607362,0.949723404255319,0.09657376344086019,-0.19238246730293393,Telecom Services,Communication Services,BCE
2012Q3,2012,Q3,2012-10-17,2012-09-30,605000000.0,4982000000.0,1141000000.0,0.74,2019000000.0,0.40525893215576075,40753000000.0,13674000000.0,4308000000.0,6073000000.0,26217000000.0,407000000.0,-5839000000.0,33608819426.000004,48644819426.0,17.662102815809867,0.7093693397003129,0.38240129561013914,1.1396811467017698,0.028676136558040695,17.662102815809867,0.04424455170396373,6.746049663990366,13.88794191157025,2.4578630558724592,0.7388429752066116,7.28009828009828,0.013300080384680155,0.12224866880965818,0.563148361600527,0.014845532844207789,44.397383653896966,0.40525893215576075,-0.26,0.42878828650788664,0.15262861800263128,-0.07008653249804805,-0.010779029887310143,-0.2503097893432466,-0.032230703986429174,0.026592187074240187,0.10768561634359437,-0.20146353466383812,Telecom Services,Communication Services,BCE
2012Q2,2012,Q2,2012-07-10,2012-06-30,807000000.0,4923000000.0,1179000000.0,1.0,2041000000.0,0.41458460288442006,40425000000.0,13926000000.0,4467000000.0,5899000000.0,25602000000.0,366000000.0,-5573000000.0,32941113096.000004,47774113096.0,17.999224505622333,0.7572469910154264,0.3864192949907236,1.1217147781128824,0.03334061051922046,17.999224505622333,0.05794915984489444,6.691268148689824,10.204805791821562,2.3654396880654893,0.5625774473358116,7.8743169398907105,0.013782169372264735,0.12178107606679035,0.6026445160196644,0.019962894248608535,34.67485589052632,0.41458460288442006,0.35135135135135137,0.1962689937884623,0.15162231628541945,-0.0513900374759376,0.059159314997405295,0.3251231527093596,0.0886426592797784,1.1561766459451235,0.1373998657756593,-0.1692831806011538,Telecom Services,Communication Services,BCE
2012Q1,2012,Q1,2012-05-24,2012-03-31,609000000.0,4909000000.0,1083000000.0,0.74,1927000000.0,0.392544306376044,39411000000.0,13993000000.0,4142000000.0,6479000000.0,24470000000.0,361000000.0,-5472000000.0,30906791551.2,45577791551.2,18.071806793232597,0.6392961876832844,0.38232980639922864,1.0768241263488887,0.02853013945789742,18.071806793232597,0.04352176088044022,6.295944500142595,12.687517057142857,2.208732334109912,0.715927750410509,8.260387811634349,0.014106931781570568,0.12455913323691355,0.5025466893039049,0.01545253863134658,81.12018779842519,0.392544306376044,0.12121212121212115,0.197704437846051,0.1652302708842011,-0.01223585345128738,0.03103263777421081,0.189453125,0.7524271844660194,0.5271212708252617,0.15102691823755696,-0.15629225376930672,Telecom Services,Communication Services,BCE
2011Q4,2011,Q4,2012-01-04,2011-12-31,512000000.0,5166000000.0,618000000.0,0.66,1869000000.0,0.3617886178861789,39426000000.0,13778000000.0,4178000000.0,6758000000.0,24667000000.0,427000000.0,-5385000000.0,32920062144.3,47572062144.3,17.794136639545396,0.6182302456348032,0.376071627859788,1.07613586877631,0.015096883113561077,17.794136639545396,0.03716069095659747,6.372447182404181,16.074249093896487,2.389320811750617,0.84765625,7.721311475409836,0.013183450204244091,0.1310302845837772,0.4937851435335898,0.01298635418251915,-193.64742437823529,0.3617886178861789,-0.19512195121951212,-0.2570982346975066,0.182708951648375,0.07287463479699939,-0.03709428129829984,-0.2414814814814815,-0.45454545454545453,30.230380399757287,0.18073420955140013,-0.1896798545941244,Telecom Services,Communication Services,BCE
2011Q3,2011,Q3,2011-11-03,2011-09-30,675000000.0,4910000000.0,1133000000.0,0.82,1941000000.0,0.39531568228105907,40151000000.0,13635000000.0,5011000000.0,6633000000.0,25707000000.0,487000000.0,-5627000000.0,30215403820.800003,44080403820.8,17.53472222222222,0.7554650987486808,0.3728176135090035,1.0978364503116977,0.035726526661566595,17.53472222222222,0.04950495049504951,6.15385006533605,11.190890304,2.216017881980198,0.6414814814814814,6.096509240246407,0.01433043895650095,0.12228836143558068,0.6059098447158149,0.01681153644990162,27.41869675208712,0.39531568228105907,0.07894736842105256,1.3552609310664696,0.1692953662717438,0.09847726337298125,-0.022658610271903322,0.08695652173913043,-0.027467811158798282,1.499063949614848,0.14102934788333818,-0.20270675277525893,Telecom Services,Communication Services,BCE
2011Q2,2011,Q2,2011-07-05,2011-06-30,621000000.0,4955000000.0,1165000000.0,0.76,1986000000.0,0.4008072653884965,39510000000.0,13838000000.0,4502000000.0,6567000000.0,24765000000.0,414000000.0,-4988000000.0,29240237996.199997,43902237996.2,17.81869688385269,0.6855489569057408,0.3780814983548469,1.0794912559618441,0.03152946567344065,17.81869688385269,0.0448764272293684,5.901158021432895,11.771432365619969,2.1130393117647057,0.642512077294686,7.171497584541063,0.013645579767574164,0.12541128828144774,0.5442363331810568,0.01571753986332574,50.32743200722891,0.4008072653884965,0.13432835820895517,0.45386501593575523,0.19076041536470195,0.12974418291695033,0.08346972176759411,0.16729323308270677,0.11697027804410355,0.4964081478977959,0.16239225922226105,-0.18236799634981002,Telecom Services,Communication Services,BCE
2011Q1,2011,Q1,2011-04-01,2011-03-31,532000000.0,4466000000.0,1043000000.0,0.67,1833000000.0,0.4104343931930139,36924000000.0,13129000000.0,5829000000.0,6928000000.0,23129000000.0,424000000.0,-4970000000.0,26382799408.22,38815799408.22,17.437906760525966,0.8413683602771362,0.39554219477846386,1.1124228806458984,0.02802487911729936,17.437906760525966,0.04052098408104197,5.907478595660547,12.397932052734962,2.0095056293868536,0.6992481203007519,6.209905660377358,0.014100095833048604,0.12095114288809447,0.6999133949191686,0.014407973134004983,263.8279940822,0.4104343931930139,0.08064516129032265,0.3168442727384379,0.15344828772759467,0.11760848730511575,-0.4391064871481028,0.13675213675213677,0.17454954954954954,0.9685056131005063,0.08799187740198666,-0.18584399759969722,Telecom Services,Communication Services,BCE
2010Q4,2010,Q4,2011-04-01,2010-12-31,468000000.0,4683000000.0,888000000.0,0.62,3268000000.0,0.6978432628656844,39276000000.0,17207000000.0,3531000000.0,5916000000.0,21083000000.0,437000000.0,-694000000.0,26687154866.4,37823154866.4,22.85429671935184,0.5968559837728195,0.30323861900397187,0.6921601673737432,0.024260534566143698,22.85429671935184,0.027198233277154645,5.698730486098655,14.255958796153847,1.550947571709188,0.9978632478632479,3.2379862700228834,0.017499055344710735,0.11923311946226703,0.4325557809330629,0.011915673693858845,-58.65308761846154,0.6978432628656844,-0.11428571428571424,0.32732301696901384,0.3269459494650555,0.4290262401175194,-0.013285024154589372,-0.15675675675675677,-0.11553784860557768,-0.7903386210671847,0.10119568047758291,0.06803968923072509,Telecom Services,Communication Services,BCE
2010Q3,2010,Q3,2010-10-07,2010-09-30,555000000.0,4516000000.0,1004000000.0,0.7,3312000000.0,0.733392382639504,38436000000.0,17255000000.0,3761000000.0,5622000000.0,20168000000.0,459000000.0,-730000000.0,25086572420.000004,34939572420.0,22.80296022201665,0.6689790110281039,0.2871786866479342,0.63969863807592,0.03284380005784104,22.80296022201665,0.032164589973920604,5.555042608503101,11.300257846846849,1.4538726409736311,0.8036036036036036,2.6230936819172115,0.017778435113934943,0.1174940160266417,0.47314123087869087,0.01443958788635654,27.20886379609545,0.733392382639504,-0.10256410256410266,0.4820233271019973,0.11737191764580657,0.4468649568149304,0.009140767824497258,-0.10048622366288493,-0.008884501480750246,0.34101897371906337,0.06897867435130392,0.2005807026773484,Telecom Services,Communication Services,BCE
2010Q2,2010,Q2,2010-08-05,2010-06-30,617000000.0,4438000000.0,1013000000.0,0.78,3282000000.0,0.7395223073456512,38018000000.0,17199000000.0,3428000000.0,4696000000.0,19796000000.0,417000000.0,-860000000.0,23553926825.75,33587926825.75,22.639199684085824,0.7299829642248722,0.28833710347730024,0.6373626373626373,0.02931340369128964,22.639199684085824,0.035874178731321586,5.307329163080216,9.543730480449756,1.369493972076865,0.7341977309562399,2.7721822541966428,0.019232461888467958,0.11673417854700405,0.49041737649063033,0.01622915461097375,32.44342537982094,0.7395223073456512,-0.012658227848101276,0.2961996780873695,0.08700158157828126,0.4488262914616993,0.007366482504604052,-0.03139717425431711,0.022199798183652877,-0.06852555157365768,0.05729944607701233,0.19314975804580545,Telecom Services,Communication Services,BCE
2010Q1,2010,Q1,2010-04-08,2010-03-31,637000000.0,4432000000.0,991000000.0,0.79,3258000000.0,0.7351083032490975,37961000000.0,16995000000.0,3380000000.0,4826000000.0,19935000000.0,446000000.0,-1073000000.0,22712186125.85,33012186125.85,22.195376779417526,0.7003729796933278,0.29103553647164193,0.6500735510444249,0.0274770039825504,22.195376779417526,0.03748161223889379,5.124590732366877,8.913730818622449,1.3364040085819358,0.6750392464678179,2.632286995515695,0.01893256763648098,0.11675140275545955,0.47057604641525075,0.016780379863544165,39.70661910113636,0.7351083032490975,0.6122448979591838,0.5695134365536376,0.10342154215971458,0.44688808882603936,-0.039504716981132074,0.6941489361702128,0.18967587034813926,0.26684187568436285,0.06382230090072735,0.21314916945982046,Telecom Services,Communication Services,BCE
2009Q4,2009,Q4,2010-02-04,2009-12-31,376000000.0,4650000000.0,833000000.0,0.49,3392000000.0,0.7294623655913979,38050000000.0,16974000000.0,3284000000.0,4786000000.0,20027000000.0,448000000.0,-1299000000.0,22244535999.399998,32456535999.399998,22.167950894606243,0.686167989970748,0.2864388961892247,0.6420996818663839,0.022827155545964314,22.167950894606243,0.022151525863084717,4.7837711826666665,14.790249999601063,1.3105064215506068,1.1382978723404256,2.8080357142857144,0.01924068004886883,0.12220762155059132,0.47889678228165483,0.00988173455978975,119.59427956666666,0.7294623655913979,-0.3194444444444444,0.047127969293667284,0.1276218220014507,0.46325741653733515,0.02632375189107413,-0.3561643835616438,-0.14388489208633093,-0.4483039348581185,0.07653225613439883,0.3365881527172597,Telecom Services,Communication Services,BCE
2009Q3,2009,Q3,2009-11-02,2009-09-30,584000000.0,4457000000.0,973000000.0,0.72,3305000000.0,0.7415301772492708,37731000000.0,16969000000.0,3664000000.0,4423000000.0,19701000000.0,473000000.0,-1338000000.0,20522165994.96,30403165994.96,22.118091762252345,0.8283970156002713,0.2933396941506984,0.6522482173374978,0.039847684846241446,22.118091762252345,0.03441569921621781,4.604479693731209,8.785173799212329,1.209391596143556,1.0256849315068493,2.4355179704016914,0.02918795219506105,0.11812567914977075,0.5962016730725752,0.015477988921576423,24.69574728635379,0.7415301772492708,0.5999999999999999,6.071107351748443,0.12339510995826361,0.4735789988216002,0.00977696303085854,0.5698924731182796,0.0020597322348094747,1.0653599922728447,0.07580368700082464,0.3856062617998126,Telecom Services,Communication Services,BCE
2009Q2,2009,Q2,2009-07-02,2009-06-30,372000000.0,4302000000.0,971000000.0,0.45,3273000000.0,0.7608089260808926,37964000000.0,16662000000.0,4083000000.0,4727000000.0,20239000000.0,304000000.0,-1586000000.0,18462910233.999996,28442910233.999996,21.66710013003901,0.8637613708483182,0.30934569592245287,0.7048373544592486,0.02499041106622481,21.66710013003901,0.022326251350378107,4.2917039130636905,12.407869780913977,1.1080848778057855,0.8817204301075269,3.3848684210526314,0.017765346624281274,0.11331788009693394,0.6784429870954094,0.009798756716889685,27.271654703101916,0.7608089260808926,-0.062499999999999944,-0.21700782616288652,0.08133598413161845,0.423168866724563,0.008628659476117103,-0.08374384236453201,0.035181236673773986,-0.12047847539883193,0.04405212712533029,0.37374132868116156,Telecom Services,Communication Services,BCE
2009Q1,2009,Q1,2009-04-01,2009-03-31,406000000.0,4342000000.0,938000000.0,0.48,3245000000.0,0.7473514509442654,38876000000.0,16885000000.0,4871000000.0,5878000000.0,20919000000.0,268000000.0,-1545000000.0,19797208540.0,29763208540.0,21.41951033870354,0.8286832255869343,0.31713653668072844,0.7301747112822031,0.024733111693023894,21.41951033870354,0.024045010364228604,4.559467650852142,12.19039934729064,1.1724731145987561,0.7931034482758621,4.093283582089552,0.01626491933695618,0.11168844531330384,0.6874787342633549,0.01044346126144665,60.54192214067278,0.7473514509442654,22.22015915119363,-0.024576027780711485,0.08366695269255014,0.43516594099428235,-0.009838369841880305,23.767129222580483,0.07132554853138713,-0.04016940066237398,0.07106295762674225,0.37279243874869233,Telecom Services,Communication Services,BCE
2008Q4,2008,Q4,2009-01-13,2008-12-31,-17832727.0,4454351889.0,875550855.0,-0.02262,3277242726.0,0.7357395211844702,39662457503.0,17310587664.0,5577950461.0,6227537640.0,21272462361.0,271976688.0,-1467945605.0,19639541445.299995,28881892101.299995,21.95939066852721,0.8956911677534236,0.3101389824387352,0.7105983025972907,0.033203362398896666,21.95939066852721,-0.0010301630046382463,4.409068240387507,-275.33003568803576,1.13453926732617,-13.612930596649631,4.327978150097923,0.01236055717879781,0.11230650265841648,0.7861181516680483,-0.00044961225609006105,24.805624819007225,0.7357395211844702,-1.0754000000000001,-1.0523182936638649,0.20407051684753227,0.49432764042859506,-0.02420227700317358,-1.0636960597949316,-0.10208245350900173,-1.0483052466573792,0.20547822160158077,0.37306983748687184,Telecom Services,Communication Services,BCE
2008Q3,2008,Q3,2008-10-27,2008-09-30,279965936.0,4460293805.0,975090484.0,0.3,3358526720.0,0.7529832936644406,38483074303.0,17726208218.0,5284223973.0,4696614861.0,19649776453.0,368320204.0,-1106025122.0,29747157258.0,38546390811.0,21.9928141662531,1.1251133272347749,0.29564880639260815,0.6418448234432219,0.027559761214909082,21.9928141662531,0.015793898647524056,6.669326855700261,26.563193439719033,1.6781455397659935,0.44142683129850485,2.9913294818874503,0.004154497013887403,0.11590274129040391,0.9433363554653199,0.007275040808737437,31.529512830519604,0.7529832936644406,-0.33333333333333337,-0.31107259871404397,0.04443609750828939,0.5123187320085762,0.00766056652274953,-0.34965832407906483,0.022544194503524566,-0.2981311928985391,0.0360864125787852,0.3954605809543628,Telecom Services,Communication Services,BCE
2008Q2,2008,Q2,2008-07-02,2008-06-30,430490535.0,4421941787.0,953592509.0,0.45,3332994097.0,0.7537399309051556,37975778547.0,17556482801.0,5504783228.0,4416853246.0,19316100142.0,341949929.0,-1352534093.0,28584164664.800007,37132912882.8,21.793052136295927,1.2463133641547302,0.29569878063466576,0.6396150947364232,0.023870997910003924,21.793052136295927,0.024520317644458927,6.464165753794896,16.59976372349279,1.6281259172920377,0.968330609173556,3.184523807870128,0.01458349988143397,0.11644110947000778,1.055299539377089,0.011335923882829987,34.78658742599334,0.7537399309051556,0.40990694614155465,0.027320364042137876,0.020094093498833763,0.5179031214517771,0.004029613265155262,0.4892521320237308,0.025428404711885264,-0.14714927821699653,0.02135934749380369,0.39467593143127794,Telecom Services,Communication Services,BCE
2008Q1,2008,Q1,2008-04-09,2008-03-31,289064911.0,4390494805.0,929945479.0,0.31917,3319617323.0,0.7560918462355406,37966258615.0,17248225491.0,5307067174.0,4020162535.0,19630696430.0,279806604.0,-1714844152.0,27849987055.699997,36727674536.7,21.41838506270955,1.3201125894279298,0.2991844365594727,0.6585554959220008,0.024983900605871374,21.41838506270955,0.016759110156046603,6.34324564602235,24.08627439366032,1.6146581032484715,1.44839857785437,3.8272058868203125,0.015033443468488413,0.11564201912867363,1.1171954961766242,0.007613731812009362,81.30021748387531,0.7560918462355406,-0.8921722972972972,-0.30408812027709836,0.019933850861136134,0.5116850876353315,-0.6042860813722671,-0.87892692867617,0.06011895478263053,-0.322792233012285,0.03933636360534356,0.39623699733099477,Telecom Services,Communication Services,BCE
2007Q4,2007,Q4,2008-03-28,2007-12-31,2387524392.0,4548624231.0,877208614.0,2.96,8388932425.0,1.8442790608701747,37797199325.0,17232098520.0,5212036945.0,4492005164.0,19461714172.0,266163472.0,-1679412057.0,31925815707.2,40605922967.2,21.398359021482676,1.1602918417749175,0.29996321403371595,0.6579447870403656,0.026855770988323212,21.398359021482676,0.13855099477460509,7.0187850404563354,3.3429831978026554,1.8526945902813932,0.13745191215621305,-14.428381795380247,0.010279135731714137,0.12034289080226714,1.0234357727020635,0.0631667010952537,71.47791526137884,1.8442790608701747,4.920236809472379,0.5521124535771305,0.0012949470990747886,0.5247451744384429,3.689879276676815,4.423399082272119,-0.10016816678334549,5.3220900899784205,0.04879722001006782,0.41245835886128646,Telecom Services,Communication Services,BCE
2007Q3,2007,Q3,2007-10-05,2007-09-30,440226573.0,4493689755.0,974858392.0,0.49998,1788730995.0,0.39805395844466795,37720361721.0,15287687568.0,3275365199.0,5636490112.0,21305773626.0,0.0,-3740435258.0,32126823674.4,44185851797.4,18.99327564666418,0.5811001410304611,0.3265714737338269,0.8057722309019915,0.027350907097425395,18.99327564666418,0.028796151873320387,7.149319473747249,18.24448229889112,2.101483532515897,0.2375799722566952,0.0,0.003255504436417127,0.11913167186035321,0.39280676999438335,0.0116707940463602,38.30141446360813,0.39805395844466795,-0.3982089983389904,0.2303353867103391,0.0004098129735886917,0.022105217062677922,0.006696091837957524,-0.3713911911062335,0.004755472848011357,4.080629250545094,0.079591973803186,0.26539361589591226,Telecom Services,Communication Services,BCE
2007Q2,2007,Q2,2007-07-03,2007-06-30,700318810.0,4437832094.0,970244421.0,0.83082,1776833157.0,0.4003831418954085,37822529224.0,15240170032.0,3584484591.0,5834218916.0,21373007439.0,0.0,-3853347503.0,32310691856.0,44583805565.0,18.97431527888446,0.6143897996644869,0.33412941475053165,0.8292308765233335,0.03435368899181555,18.97431527888446,0.04595216513526625,7.280737795304249,11.53427960045797,2.12010048366631,0.6176696210687244,0.0,0.013387693953686537,0.11733303364556612,0.4209471767102954,0.0185159169513079,31.686624297447754,0.4003831418954085,0.3394273553878892,28.081558598815835,-0.09552797630395923,0.13531276290921537,0.021119757190252598,0.32312956843888363,0.018639178946378773,0.41127910858812,0.06798156463031804,0.24629759452152128,Telecom Services,Communication Services,BCE
2007Q1,2007,Q1,2007-04-17,2007-03-31,529289668.0,4385378229.0,952490775.0,0.62028,1740083026.0,0.3967920063298148,37435424354.0,14746309963.0,3301429889.0,5167204797.0,21522140221.0,0.0,-4228551661.0,26310744824.000004,39170523422.0,18.295669929280397,0.6389198839025617,0.3463528832047175,0.8792618079731599,0.02557608758997049,18.295669929280397,0.03589302471791533,5.999652356097836,12.427384480892607,1.7842256734068627,0.7668845313640242,0.0,0.015427311606539715,0.1171451453983964,0.4001338987377473,0.014138738297578429,105.14598128709483,0.3967920063298148,-0.3030561797752809,0.6916434073194294,-0.1612570942570696,-0.3511329739935711,-0.018398968821583664,-0.26221628777111655,0.11859691572562356,0.2437047479992821,0.07045780059171516,0.22586006565852132,Telecom Services,Communication Services,BCE
