Quarters,Year,Quarter,FillingDate,Date,NetIncome,Revenue,OperatingIncome,EPSDiluted,GrossProfit,GrossProfitRatio,TotalAssets,CommonStockEquity,CurrentAssets,CurrentLiability,TotalLiability,Inventory,RetainedEarnings,MarketCap,EnterpriseValue,bookValuePerShare,currentRatio,debtToAssets,debtToEquity,roic,shareholdersEquityPerShare,roe,priceToSalesRatio,peRatio,pbRatio,payoutRatio,inventoryTurnover,dividendYield,assetTurnover,quickRatio,returnOnAssets,priceToFreeCashFlowsRatio,grossProfitMargin,epsdilutedGrowth,fiveYNetIncomeGrowthPerShare,fiveYRevenueGrowthPerShare,fiveYShareholdersEquityGrowthPerShare,grossProfitGrowth,netIncomeGrowth,operatingIncomeGrowth,threeYNetIncomeGrowthPerShare,threeYRevenueGrowthPerShare,threeYShareholdersEquityGrowthPerShare,Industry,Sector,Symbol
2023Q1,2023,Q1,2023-05-03,2023-03-31,118933000.0,267707000.0,114738000.0,1.39,183744000.0,0.686362329,7376554000.0,3565193000.0,71006000.0,789939000.0,3574985000.0,0.0,-317570000.0,11134241887.4,14505522887.4,41.97512099129861,0.08988795337361492,0.46146832247144126,0.9547999224726403,0.023515628401311484,41.97512099129861,0.03335948432525252,41.59114960535212,23.404441760066593,3.123040432144908,0.8578611487139818,0.0,0.00916344381878926,0.036291607165080064,0.07195618902219032,0.01612311114376713,92.05352354944854,0.6863623289641287,0.805194805194805,1.8790738684952046,0.6501006581074454,0.44838303763611326,-0.0409870718226277,0.7943483902115205,-0.07036775965581779,1.6909941154591102,0.5018139468105774,0.36839315801285905,REIT—Industrial,Real Estate,LSI
2022Q4,2022,Q4,2023-02-24,2022-12-31,66282000.0,269672000.0,123423000.0,0.77,191597000.0,0.7104816221,7387730000.0,3622450000.0,60484000.0,776322000.0,3564212000.0,0.0,-261510000.0,8362688119.5,11721172119.5,42.66706110538695,0.07791096993257952,0.4579065558703418,0.9338679622907149,0.012174434199510573,42.66706110538695,0.01829756104294055,31.01059108657925,31.542078239567306,2.3085724080387586,1.3849310521710267,0.0,0.0109768532185185,0.036502687564380396,0.06456212757077605,0.008971903412820989,57.491324896878865,0.710481622118722,-0.10465116279069764,1.5773156833840933,0.6614163180208782,0.4642353983295014,0.03367034247610005,-0.09573118323578766,-0.020063517268757443,0.2545183266722977,0.5047642284732066,0.3983431957241127,REIT—Industrial,Real Estate,LSI
2022Q3,2022,Q3,2022-11-03,2022-09-30,73299000.0,267997000.0,125950000.0,0.86,185356000.0,0.6916346079,7248401000.0,3607852000.0,59456000.0,643221000.0,3430358000.0,0.0,-272608000.0,9356227154.04,12576866154.04,42.71013101124325,0.09243479301826277,0.4474279223790185,0.8989107646322521,0.013375923029006167,42.71013101124325,0.02031652074419904,34.91168615335247,31.911169163426514,2.5932957211215983,1.2433321054857502,0.0,0.009740571546582009,0.036973257964066836,0.07215871372358801,0.01011243721201407,51.31310961104774,0.6916346078500879,-0.21100917431192667,0.701992941396134,0.6293405423422613,0.4561593897847565,0.04401800147571547,-0.2055514610248851,0.06769861991794107,-0.5668952360531305,0.5222861823908465,0.39770430769120224,REIT—Industrial,Real Estate,LSI
2022Q2,2022,Q2,2022-08-04,2022-06-30,92264000.0,251836000.0,117964000.0,1.09,177541000.0,0.7049865786,6967184000.0,3520361000.0,66128000.0,455545000.0,3241926000.0,0.0,-278020000.0,9409630407.48,12466372407.48,41.77459605082108,0.14516238790898814,0.4434188906163523,0.8775750555127727,0.017811438697921653,41.77459605082108,0.02620867575796914,37.36411953604727,25.496484022695743,2.6729163308762938,0.9143652995751322,0.0,0.008965601872411194,0.03614602398903201,15.208508489830862,0.013242652985768712,61.21319035044464,0.704986578567004,0.23863636363636373,2.9340932898152516,0.5652280287793737,0.41425878695231017,0.14620966596511162,0.2540129119945634,0.20957703153037682,0.8777015749766477,0.43980139745671065,0.4295031414143704,REIT—Industrial,Real Estate,LSI
2022Q1,2022,Q1,2022-05-05,2022-03-31,73575000.0,228632000.0,97525000.0,0.88,154894000.0,0.6774817173,6759491000.0,3474695000.0,81681000.0,276631000.0,3062255000.0,6646142000.0,-313851000.0,11746186743.18,14616604743.18,41.54126181701576,0.2952705951249137,0.4320775040605868,0.8405411122415061,0.01487678225461978,41.54126181701576,0.02117452035358499,51.37595237403338,39.912289307441384,3.3804943291943608,1.1367584097859327,0.01109485773851958,0.007120353339228223,0.03382384857084653,24.27551865119961,0.010884695312117436,111.50419812593148,0.6774817173449036,0.41935483870967744,1.9906201350670047,0.4795197098910834,0.3921942048392303,-0.17566165161441397,0.4300013605177742,-0.009506301987588995,0.7832122799640969,0.39844953331597344,0.41753698107643666,REIT—Industrial,Real Estate,LSI
2021Q4,2021,Q4,2022-02-25,2021-12-31,51451000.0,252545000.0,98461000.0,0.62,187901000.0,0.7440297769,6536950000.0,3474695000.0,6474524000.0,29495000.0,3062255000.0,0.0,-313851000.0,12605723844.480001,12555517844.480001,42.223182632473105,219.51259535514495,0.0,0.0,0.0192424905262387,42.223182632473105,0.014807342802749594,49.9147630896672,61.251111953509174,3.627864846980814,1.3708965812131932,0.0,0.005595394669135686,0.0386334605588233,219.5094761824038,0.00787079601343134,100.1997030704418,0.7440297768714487,0.0,1.3852631856629496,0.6529388936017089,0.4012291349193779,0.0,0.0,0.0,-0.5271299406509353,0.5495626854440391,0.4325489008793576,REIT—Industrial,Real Estate,LSI
2021Q2,2021,Q2,2021-08-04,2021-06-30,57516000.0,163096000.0,77104000.0,0.74,103792000.0,0.6363859322117036,5195088000.0,2692999000.0,54814000.0,272095000.0,2502089000.0,0.0,-305981000.0,8272124772.0,10576472772.0,34.94790644702814,0.20145169885517925,0.44931462181198856,0.8667767793452579,0.015337279311779773,34.94790644702814,0.0213576016923883,50.71936020503262,35.955754798664714,3.0717147581562414,0.9888205021211489,0.0,0.006875258965206527,0.031394270895892425,0.16392436465205168,0.011071227282386747,74.31209145136368,0.6363859322117036,0.1746031746031746,0.08158738493161491,0.2455521767095883,0.027988028441498423,-0.006727594621752237,0.21385306966633602,0.16934089599320573,0.3250563922636085,0.06927612527503914,0.21017540460086703,REIT—Industrial,Real Estate,LSI
2021Q1,2021,Q1,2021-05-05,2021-03-31,47383000.0,162902000.0,65938000.0,0.63,104495000.0,0.6414592822678665,4930761000.0,2549490000.0,41565000.0,158828000.0,2381271000.0,0.0,-299482000.0,6479541185.400001,8702363185.400002,33.81854659613103,0.26169818923615484,0.45362896315599155,0.8773268379166029,0.0137766164823809,33.81854659613103,0.018585285684587897,39.77570063842065,34.18705646223329,2.5415048442629704,1.178481733955216,0.0,0.00861789413821788,0.03303790226295698,0.1840355604805198,0.00960967282737898,96.57695679663746,0.6414592822678665,0.10526315789473695,0.2778634818457669,0.25601267951133766,0.332758544172392,0.14419770930512668,0.1393704763507827,0.0016253740638908722,0.2923070182470083,0.13127930224332113,0.16693431943880874,REIT—Industrial,Real Estate,LSI
2020Q4,2020,Q4,2021-02-23,2020-12-31,41587000.0,145853000.0,65831000.0,0.57,91326000.0,0.6261509876382385,4727848000.0,2378098000.0,79254000.0,130070000.0,2349750000.0,0.0,-288667000.0,5818323637.1043,7957157637.1043,32.53182176672496,0.6093180595064196,0.46389689347034846,0.9222639268861081,0.014400835467649253,32.53182176672496,0.017487504720158715,39.89169668847607,34.97681749768137,2.4466290443473313,1.2503907471084714,0.0,0.008937282152609801,0.030849765051668327,0.545306373491197,0.008796179572608934,66.68565773185443,0.6261509876382385,0.09615384615384602,0.025856264892749177,0.13710085365693722,0.46553758061683814,0.11322939649182685,0.12109448712764523,0.17565854094115546,0.8780965330443916,0.043629360133346236,0.11641729636191844,REIT—Industrial,Real Estate,LSI
2020Q3,2020,Q3,2020-11-06,2020-09-30,37095000.0,135965000.0,55995000.0,0.52,82037000.0,0.6033685139557975,4689055000.0,2249888000.0,138041000.0,124184000.0,2439167000.0,0.0,-278726000.0,4971253847.34,7150141847.34,31.76203523070684,1.1115844231140888,0.48818685214824736,1.017443979433643,0.012336355202430127,31.76203523070684,0.01648748737714944,36.56274664318023,33.50353044439952,2.209556141167916,1.3533360291144358,0.0,0.010098458365159102,0.028996247644781304,1.0262191586677833,0.007910975665672507,57.94137214550456,0.6033685139557975,0.0,-0.10985422794011086,0.07711670625066523,0.4789714408538762,0.03887699925285246,0.01750006857393642,0.0009474098173107862,0.027165240290741428,-0.014232961186157942,0.08289496531145625,REIT—Industrial,Real Estate,LSI
2020Q2,2020,Q2,2020-08-07,2020-06-30,36457000.0,128828000.0,55942000.0,0.52,78967000.0,0.6129645729189307,4311264000.0,2132681000.0,31651000.0,261557000.0,2178583000.0,0.0,-262670000.0,4447922115.599999,6490462115.599999,30.35096024422843,0.12100995194164178,0.4759759550795312,0.9621964091207265,0.01336809774755367,30.35096024422843,0.017094445911038734,34.526051134846455,30.50115283484653,2.085601229438439,1.3765806292344405,0.0,0.01128302130650734,0.0298817237821669,0.08369112659955574,0.00845622072784223,54.99001206141977,0.6129645729189307,0.0,-0.0350250731306399,0.07237286713714693,0.4363572995378834,-0.18325489993277136,0.0006587434468750858,0.0034259475166364727,0.8642956293342058,-0.03973401316218455,0.027517110294035113,REIT—Industrial,Real Estate,LSI
2020Q1,2020,Q1,2020-05-08,2020-03-31,36433000.0,146943000.0,55751000.0,0.52,96685000.0,0.6579762220725043,4339289000.0,2147719000.0,45178000.0,277539000.0,2191570000.0,0.0,-246332000.0,4413330392.971499,6469213392.971499,30.674752168633805,0.1627807263123381,0.47855835368420957,0.9668876608159633,0.013197620825306405,30.674752168633805,0.01696357856870475,30.034301688215834,30.28387995067315,2.0548919076338663,1.3715313040375483,0.0,0.011322288510186934,0.03386338176599899,0.12018130785222977,0.008396075947004221,98.00431677410506,0.6579762220725043,-0.16129032258064513,0.19350701199306383,0.26536576727119954,0.4468051458496881,-0.009628681177976953,-0.16247902347072482,-0.10582366998668784,0.7691576089947826,0.13598670990217362,0.02801913895063897,REIT—Industrial,Real Estate,LSI
2019Q4,2019,Q4,2020-02-25,2019-12-31,43501000.0,147553000.0,62349000.0,0.62,97625000.0,0.6616266697390091,4232964000.0,2132894000.0,38749000.0,180641000.0,2100070000.0,0.0,-238338000.0,5046003004.870501,6986667004.870501,30.51258177238271,0.2145083342098416,0.46258886208340066,0.9180587502238742,0.015240468382426273,30.51258177238271,0.020395293905838732,34.19790180389759,28.999350617632356,2.3658011157003114,1.0725500563205443,0.0,0.009246328223539652,0.03485808053175033,0.17148930752154826,0.010276723355076962,63.99658843433569,0.6616266697390091,-0.6889631586894914,0.22279209590866092,0.2547439746265513,0.578504954716964,0.003309250485596539,-0.6892830102427108,-0.607971479231901,1.3741990842298013,0.13695028623913036,0.012598195953859623,REIT—Industrial,Real Estate,LSI
2019Q3,2019,Q3,2019-10-31,2019-09-30,140002000.0,145634000.0,159042000.0,1.993333,97303000.0,0.6681338149058599,4188740000.0,2135318000.0,37834000.0,134758000.0,2053422000.0,0.0,-234777000.0,4910631092.998501,6811900092.998501,30.5573437645005,0.2807551314207691,0.4578083146721926,0.8980582751608894,0.039240969188429786,30.5573437645005,0.06556494161525356,33.718987962965386,8.76885882522839,2.2997188676340015,0.33321666833330954,0.0,0.0095000009401061,0.0347679731852538,0.21008771278885113,0.033423416110811364,60.5764644791032,0.6681338149058599,2.436781034482759,2.903160982018639,0.21873426877980803,0.5988534475414828,0.020204244254319745,2.4363065141622897,1.715556542080011,30.265260848772282,0.12860440758415692,0.006386917208920256,REIT—Industrial,Real Estate,LSI
2019Q2,2019,Q2,2019-08-01,2019-06-30,40742000.0,145028000.0,58567000.0,0.58,95376000.0,0.6576385249744877,4034777000.0,2041920000.0,65414000.0,99755000.0,1992857000.0,0.0,-326522000.0,4422515030.141601,6245540030.141601,29.223157921492017,0.6557465791188412,0.46324319782729007,0.9153556456668234,0.01497493098317746,29.223157921492017,0.01995278953142141,30.494215118057205,27.137321622291495,2.165861067104294,1.1445682587992734,0.0,0.010544226459871847,0.03594448962111165,0.5694952633953185,0.010097708002201857,52.62267711550892,0.6576385249744877,0.1756764700516688,0.3942246452919877,0.26943235329437626,0.5806642590850006,0.06841120657787138,0.18250420850989726,0.13414020139426802,-0.1550738872072304,0.2214450188105057,-0.140404689417276,REIT—Industrial,Real Estate,LSI
2019Q1,2019,Q1,2019-05-02,2019-03-31,34454000.0,136522000.0,51640000.0,0.493333,89269000.0,0.6538799607389285,3958803000.0,2046891000.0,30222000.0,264420000.0,1911912000.0,0.0,-320482000.0,4545660266.5199995,6337333266.5199995,29.305240266444777,0.11429543907420013,0.4548213184641923,0.8796501621239236,0.013421915201254653,29.305240266444777,0.016832356974553115,33.29617399774395,32.983545208974284,2.220763228975065,1.3534277587507981,0.0,0.010258355720828886,0.0344856766047717,0.07567128053853718,0.008703135771090402,130.29667975234327,0.6538799607389285,-0.6262628787878788,0.43713698242185517,0.2582744366166632,0.5952914162665507,-0.03881603032064948,-0.6267455339248378,-0.5362329253069179,0.0028835277836589956,0.13610688793010214,0.15489319575304722,REIT—Industrial,Real Estate,LSI
2018Q4,2018,Q4,2019-02-26,2018-12-31,92307000.0,138265000.0,111349000.0,1.32,92874000.0,0.6717101218674285,3892212000.0,2057737000.0,29622000.0,187637000.0,1834475000.0,0.0,-308011000.0,4328058395.9154,6028620395.9154,29.474164970253213,0.15786865063926625,0.4403979022725381,0.8330131596020288,0.02952098686615804,29.474164970253213,0.04485850232561304,31.30263187296423,11.721912736616398,2.1033097990245597,0.5048587864408983,0.0,0.010767414793659112,0.03552350180308781,0.11922488634970714,0.023715820207121298,54.85220515962942,0.6717101218674285,1.2499987215916353,1.8503336304504738,0.34505496816552866,0.6225403092984018,-0.02970214277505563,1.2448200389105057,0.969280016978229,1.384166414919563,0.12867494361311405,0.3277921147775619,REIT—Industrial,Real Estate,LSI
2018Q3,2018,Q3,2018-11-01,2018-09-30,41120000.0,141483000.0,56543000.0,0.586667,95717000.0,0.6765265084851183,3869334000.0,2009561000.0,32560000.0,216322000.0,1859773000.0,0.0,-354130000.0,4326486309.327276,6064149309.327276,28.794586031319906,0.15051635987093315,0.4525184437425149,0.871307215854607,0.015036008452054059,28.794586031319906,0.020462180545900325,30.579548845637117,26.304026686085095,2.1529509725394136,1.1332684824902723,0.0,0.010770865008757145,0.03656520734576028,0.1017742069692403,0.010627151856107537,59.48859186733137,0.6765265084851183,0.047619642857142847,0.4135870919441915,0.348156263909477,0.6368131482954733,0.033906543671282596,0.04700310638081173,0.011050514081358962,0.0015233653057726137,0.13763283039072893,0.34079475959904887,REIT—Industrial,Real Estate,LSI
2018Q2,2018,Q2,2018-08-02,2018-06-30,39274000.0,138008000.0,55925000.0,0.56,92578000.0,0.6708161845690105,3862969000.0,2013440000.0,32913000.0,206334000.0,1849529000.0,0.0,-348764000.0,4523057283.378321,6251281283.378321,28.87838102985943,0.1595132164354881,0.449279038998242,0.8619829744119517,0.014917347094191477,28.87838102985943,0.01950592021614749,32.77387748085851,28.791676957900393,2.2464326145195885,1.18434587767989,0.0,0.010283752136178605,0.03572588855877435,0.078784882762899,0.01016679139801536,55.79750417431498,0.6708161845690105,0.15068414336702515,0.4732954862868938,0.3733958807009523,0.6982665894484539,0.06135785201660055,0.158901118356989,0.11233764942220101,0.047678063618006084,0.15778369372865284,0.36666758011265066,REIT—Industrial,Real Estate,LSI
2018Q1,2018,Q1,2018-05-03,2018-03-31,33889000.0,133094000.0,50277000.0,0.486667,87226000.0,0.6553713916480082,3868914000.0,2019337000.0,33299000.0,209574000.0,1849577000.0,0.0,-338489000.0,3879712131.84,5624091131.84,28.98067700365067,0.1588889843205741,0.45288083425994996,0.8676892465200212,0.013330791458239096,28.98067700365067,0.016782240903821403,29.15016553593701,28.620733363628315,1.9212801686097962,1.3609430788751513,0.0,0.011887737654939508,0.03440086804720911,0.07617357114909293,0.008759305582910347,131.05364585326308,0.6553713916480082,0.6222233333333335,0.557623930417196,0.35782323695923335,0.6887023120497114,-0.009785668876577967,0.6072563433720655,-0.00984697796246332,0.11553940354825938,0.15165335385304402,0.3669024084883736,REIT—Industrial,Real Estate,LSI
2017Q4,2017,Q4,2018-02-27,2017-12-31,21085000.0,133077000.0,50777000.0,0.3,88088000.0,0.6619325653568986,3876774000.0,2028323000.0,24652000.0,207315000.0,1848451000.0,0.0,-327727000.0,4133286294.00738,5850882294.00738,29.139482049173523,0.1189108361671852,0.4454123454191552,0.8513254545750356,0.013522193632848888,29.139482049173523,0.010395287141150596,31.0593588223914,49.00742582413303,2.037785053962007,2.207114062129476,0.0,0.011259079746658582,0.0343267366114197,0.08631792200274944,0.005438800404666354,60.655175716238844,0.6619325653568986,-0.40789512638478526,0.022324094781699395,0.3980163346201605,0.8167494781911435,-0.002027937960959362,-0.4059894072571557,-0.008339192250605422,-0.404801241882315,0.13643632148712315,0.5074704964539803,REIT—Industrial,Real Estate,LSI
2017Q3,2017,Q3,2017-11-03,2017-09-30,35496000.0,135568000.0,51204000.0,0.506667,88267000.0,0.6510902277823675,3884335000.0,2042109000.0,23172000.0,412093000.0,1842226000.0,0.0,-300423000.0,3797275195.0436726,5521751195.043673,29.330670331052485,0.056230025746615446,0.44552593944652047,0.8474435008121506,0.013572311043525812,29.330670331052485,0.017382030048347076,28.010114444733805,26.744388065159967,1.859487027893062,1.3118097813838179,0.0,0.012262477067971489,0.03490121217660166,0.0341427784504954,0.009138243740563056,52.87064123866883,0.6510902277823675,0.8095249999999997,0.19852213374301766,0.39359838042922546,0.782336523235425,-0.0017981136769728361,0.8339447171273573,0.49013445084686574,-0.006765789300438624,0.1386584260050868,0.5346701512710006,REIT—Industrial,Real Estate,LSI
2017Q2,2017,Q2,2017-08-04,2017-06-30,19355000.0,132784000.0,34362000.0,0.28,88426000.0,0.6659386673093144,3890671000.0,2054300000.0,23903000.0,407154000.0,1836371000.0,0.0,-288129000.0,3435638488.09467,5159872488.094669,29.538155559806857,0.05870751607499865,0.44522705723511447,0.8432225088838047,0.009074794561355879,29.538155559806857,0.009421700822664655,25.873889083735012,44.37662733266172,1.6724132249888868,2.4023249806251616,0.0,0.01353372893018969,0.034128817368520754,0.03735441626509871,0.004974720298889317,42.63372200899261,0.6659386673093144,-0.045453460742568966,0.02869955744694836,0.40841616305549294,0.9165253385016718,0.051576306056678047,-0.05257232365754565,-0.018537031218759818,-0.33455116097184273,0.16770875721880585,0.5977023050729829,REIT—Industrial,Real Estate,LSI
2017Q1,2017,Q1,2017-05-04,2017-03-31,20429000.0,128320000.0,35011000.0,0.293333,84089000.0,0.6553070448877806,3857633000.0,2072502000.0,22287000.0,354535000.0,1785131000.0,0.0,-262508000.0,3802531077.855432,5497603077.8554325,29.83869755571416,0.06286262287221289,0.4406564854666061,0.8202119949703306,0.009280846401740222,29.83869755571416,0.009857167809729495,29.633191068075373,46.5334950053286,1.8347538761629334,2.159332321699545,0.0,0.011600957124820935,0.03326392116616588,0.03346637144428618,0.0052957344568547605,135.66417203094767,0.6553070448877806,0.12820384615384617,0.14022954433565735,0.397486317862126,0.9709797200116548,-0.027659254633965843,0.12451147685363571,0.09969532305179508,-0.14308063234256896,0.189327378950247,0.6243312680738982,REIT—Industrial,Real Estate,LSI
2016Q4,2016,Q4,2017-02-27,2016-12-31,18167000.0,128679000.0,31837000.0,0.26,86481000.0,0.6720677033548598,3857984000.0,2088494000.0,37026000.0,337832000.0,1769490000.0,0.0,-239062000.0,3939539816.2400002,5569406816.24,30.132960827211523,0.10959885386819485,0.42860519898475474,0.7917437158067009,0.008507912516307923,30.132960827211523,0.008698612493021287,30.615250477855753,54.212855950899986,1.8863065042274483,2.3978092145098255,0.0,0.011057382849750141,0.033353948590766576,0.08991747377394681,0.004708936066090476,51.71289187907746,0.6720677033548598,4.8999805000975,0.07364212887407866,0.37660214817177934,0.9310300766245223,0.00189997335403223,4.834318277754327,2.6248434475691678,-0.43493135638148106,0.26093408329143103,0.6588067424473121,REIT—Industrial,Real Estate,LSI
2016Q3,2016,Q3,2016-11-04,2016-09-30,-4738000.0,127801000.0,8783000.0,-0.066667,86317000.0,0.6754016009264403,3848116000.0,2101410000.0,30638000.0,312151000.0,1746648000.0,0.0,-214703000.0,4103609495.1265583,5724716495.126558,30.363415145784302,0.0981512152772216,0.4254687228763374,0.7791211615058461,0.0023492355422245867,30.363415145784302,-0.002254676621887209,32.10936921562866,-216.526461330021,1.9527886015230527,-9.297382861967074,0.0,0.010734695894508216,0.03321131691456287,0.07325300896040698,-0.0012312518645487818,72.70746802137772,0.6754016009264403,-1.0970878169476617,-2.2114351129520777,0.40876259468653003,1.0277815765211777,0.18516840356441625,-1.109029823269514,-0.7946553820256242,-1.1642459610112743,0.22800575846646426,0.7259924168979454,REIT—Industrial,Real Estate,LSI
2016Q2,2016,Q2,2016-08-05,2016-06-30,43456000.0,107005000.0,42772000.0,0.686667,72831000.0,0.680631746180085,3426453000.0,2140774000.0,914058000.0,45235000.0,1285411000.0,0.0,-167901000.0,4404582651.779193,4700660651.779193,33.996413849304844,20.206875207251024,0.3496253997938977,0.5595990048459109,0.012810786315473251,33.996413849304844,0.020299200195817026,41.162400371750785,25.339323981608942,2.0574720413173893,0.8614000368188512,0.0,0.008498648557515266,0.031229087339006256,20.064374930916326,0.01268250286812631,80.0745855321091,0.680631746180085,0.4109586226310804,1.929929768898934,0.3853249538653787,1.25176016972709,0.10826891472396372,0.5334344895726737,0.17366846856735174,0.8049393225134565,0.1790268229983732,0.9992455166250763,REIT—Industrial,Real Estate,LSI
2016Q1,2016,Q1,2016-05-04,2016-03-31,28339000.0,99124000.0,36443000.0,0.486667,65716000.0,0.6629675961422057,2449483000.0,1462003000.0,18471000.0,187203000.0,987052000.0,0.0,-176429000.0,4530555691.395474,5413972691.395474,25.374848838152793,0.09866829057226648,0.3632562463181006,0.608610242249845,0.015495836580855543,25.374848838152793,0.019383681155237028,45.70594095673575,39.96749789508694,3.098868943083889,1.101097427573309,0.0,0.006887455342236115,0.04046731493951989,0.06001506386115607,0.011569380150831829,119.4672281041973,0.6629675961422057,-0.12048079547035863,1.459642235631986,0.4346108784732519,0.6654744974350233,0.012994620258042638,-0.05653027932216932,-0.06623449830890643,0.5752295653367646,0.22297915390044712,0.47859092096098066,REIT—Industrial,Real Estate,LSI
2015Q4,2015,Q4,2016-02-25,2015-12-31,30037000.0,95039000.0,39028000.0,0.553333,64873000.0,0.6825934616315408,2122172000.0,1202315000.0,20197000.0,134350000.0,919857000.0,0.0,-171980000.0,3874857917.263515,4698818917.263515,22.197876190273103,0.15033122441384444,0.39157664882959536,0.6911608022855907,0.019194337503221352,22.197876190273103,0.024982637661511334,40.77124040934264,32.25070677217694,3.222830886467785,1.0086559909445019,0.0,0.007818867335759297,0.044783834675040476,0.10990695943431336,0.014153895160241488,80.46302546386849,0.6825934616315408,-0.056819285898133155,1.6800527714792055,0.4807123000206102,0.44902521150767216,-0.005427200392475509,-0.04656551549009649,-0.027775701865829658,0.8716299775758445,0.28309717476985297,0.3839635144363894,REIT—Industrial,Real Estate,LSI
2015Q3,2015,Q3,2015-11-04,2015-09-30,31504000.0,95428000.0,40143000.0,0.586667,65227000.0,0.6835205600033533,2106812000.0,1150039000.0,19127000.0,168621000.0,956773000.0,0.0,-168871000.0,3366545456.017978,4226506456.017978,21.475759675500697,0.11343189756910468,0.41106088250873835,0.7530422881310982,0.01991154063828236,21.475759675500697,0.027393853599747487,35.27838219409375,26.71522232111778,2.927331556597627,0.966893092940579,0.0,0.009048147544108886,0.045294976485799394,0.07923686848020116,0.014953398784514233,58.71915748378731,0.6835205600033533,0.10000131250082052,1.7182183902374741,0.5109970328415794,0.39939005496333624,0.050438843707222805,0.10416374596943782,0.08386208386208387,0.38300974305710866,0.27540807862261796,0.3050172533338737,REIT—Industrial,Real Estate,LSI
2015Q2,2015,Q2,2015-08-04,2015-06-30,28532000.0,90726000.0,37037000.0,0.533333,62095000.0,0.6844234287855742,2044952000.0,1121323000.0,19333000.0,140934000.0,923629000.0,0.0,-168963000.0,3074675332.4734592,3916119332.4734592,21.13050858166919,0.1371776860090539,0.4147094895136903,0.7563039374025147,0.018806388190418934,21.13050858166919,0.025444943160891197,33.889682477718175,26.940587169436586,2.742006836989395,0.934810037852236,0.0,0.008674737042412667,0.044365833525676884,0.09644940184767338,0.013952405728838622,61.76527385442867,0.6844234287855742,0.23076940828416004,0.40531864690284597,0.48872457717533196,0.36704889101792165,0.12397277630959708,0.27085653200302884,0.19178170351063487,0.9874092429201661,0.2611789967284259,0.37101164052711855,REIT—Industrial,Real Estate,LSI
2015Q1,2015,Q1,2015-05-04,2015-03-31,22451000.0,85408000.0,31077000.0,0.433333,55246000.0,0.6468480704383665,1982178000.0,1091775000.0,23761000.0,104003000.0,890403000.0,0.0,-172078000.0,3224938423.0848837,4029721423.0848837,21.201716248126115,0.2284645635222061,0.41121180842487404,0.7465778205216276,0.016297387865979326,21.201716248126115,0.020563760848160105,37.759207838667145,35.91085500740372,2.9538489369008123,1.1406618858848159,0.0,0.007940926814814394,0.04308795678289235,0.1613895753007125,0.011326429816091188,104.23201108871635,0.6468480704383665,-0.1447380626723271,1.4166637380754408,0.41818308196330334,0.3794084818308018,-0.029716533773578278,-0.12618222862258202,-0.0021512972001027485,0.6901834292480934,0.25459841369428576,0.40046839097022396,REIT—Industrial,Real Estate,LSI
2014Q4,2014,Q4,2015-02-24,2014-12-31,25693000.0,84930000.0,31144000.0,0.506667,56938000.0,0.6704109266454727,1854800000.0,975869000.0,21417000.0,99841000.0,878931000.0,0.0,-167692000.0,2935508491.934851,3728092491.934851,19.33005131292338,0.21451107260544267,0.4319209618287686,0.8209370315073027,0.017526207149594034,19.33005131292338,0.026328328904801773,34.563858376720255,28.56330996706156,3.0080968776903982,0.8921496127349862,0.0,0.007808527913639815,0.04578930342894113,0.1490770324816458,0.01385216734957947,76.3739330818725,0.6704109266454727,-0.012985722718001882,10.385922463880485,0.23432142361870759,0.06225683343103727,-0.0015606642467603064,0.004064246355856032,-0.03932878867330886,1.0846063428870723,0.24736857721682579,0.23874021812826224,REIT—Industrial,Real Estate,LSI
2014Q3,2014,Q3,2014-11-04,2014-09-30,25589000.0,85249000.0,32419000.0,0.513333,57027000.0,0.6689462632992762,1781284000.0,952773000.0,21155000.0,51076000.0,828511000.0,0.0,-168628000.0,2471329350.83466,3216013350.83466,19.11203544733119,0.4141867021693163,0.4222572032309278,0.7894430257784383,0.01901482345640562,19.11203544733119,0.02685739415369663,28.98954064956375,24.144450260215912,2.5938280690517677,0.883309234436672,0.0,0.009146089731976082,0.04785817421590269,0.2712232751194299,0.01436548018171162,52.170769491970866,0.6689462632992762,0.24193567898038634,1.3548494431854134,0.20129648679293294,0.0,0.05724985631917536,0.24363335925349922,0.113442780601731,8.08314177796707,0.3045794430600104,0.2763726736219486,REIT—Industrial,Real Estate,LSI
2014Q2,2014,Q2,2014-08-05,2014-06-30,20576000.0,80444000.0,29116000.0,0.413333,53939000.0,0.6705161354482622,1740291000.0,909600000.0,21098000.0,50776000.0,830691000.0,0.0,-172162000.0,2533787382.5,3287019382.5,18.487896941763225,0.4155112651646447,0.4368183252111285,0.8357420844327177,0.017436912763333853,18.487896941763225,0.022620932277924364,31.497530984287206,30.785713725942845,2.7856061812884785,1.088598367029549,0.0,0.008840126111094485,0.04622445326672378,0.2527572081298251,0.011823310009647812,60.81187016992272,0.6705161354482622,0.215685294117647,1.2567477835037952,0.1365255014923699,0.17463584590556205,0.11605627974343058,0.23409104540274694,0.23091231926946817,0.7755920315647147,0.33295662422775013,0.22455004048413646,REIT—Industrial,Real Estate,LSI
2014Q1,2014,Q1,2014-05-01,2014-03-31,16673000.0,75457000.0,23654000.0,0.34,48330000.0,0.640497236836874,1643008000.0,892333000.0,19488000.0,149684000.0,750675000.0,0.0,-169516000.0,2378604522.391998,3064567522.391998,18.36983510826356,0.13019427594131638,0.421314442778124,0.7757451534348724,0.014927840985108763,18.36983510826356,0.018684728683126144,31.52264895757846,35.66551494020269,2.665601880006677,1.3261560606969351,0.0,0.009295786580681557,0.045926130609224056,0.07946073060580958,0.010147850771268308,127.90947098257678,0.640497236836874,-0.2608695652173913,0.48144604477238906,0.033170664255053516,0.2275835601808236,0.027685634090329165,-0.25011244040658454,-0.08505782694464858,0.716422799307109,0.29532258869967093,0.20570144437268995,REIT—Industrial,Real Estate,LSI
2013Q4,2013,Q4,2014-02-27,2013-12-31,22234000.0,70575000.0,25853000.0,0.46,47028000.0,0.666354941551541,1561875000.0,870709000.0,21504000.0,93449000.0,691166000.0,0.0,-162450000.0,2082492681.0040538,2699222681.004054,18.16544390382391,0.2301148219884643,0.40096294517807124,0.7192460397216521,0.017270299933932903,18.16544390382391,0.02553551186446907,29.507512306114826,23.415632376136255,2.3917206334194936,0.7624808851308806,0.0,0.008140724889283297,0.04518607442977191,0.16614409999036908,0.01423545418167267,59.44374392727011,0.666354941551541,0.1129041233097769,0.8116071212775394,-0.05109785228211469,0.19385910123764227,-0.025689898069114113,0.13006353240152477,-0.04763132689899064,1.2417347007069393,0.242508976426706,0.18579750464611225,REIT—Industrial,Real Estate,LSI
2013Q3,2013,Q3,2013-11-06,2013-09-30,19675000.0,70982000.0,27146000.0,0.413333,48268000.0,0.6800033811388803,1523262000.0,830398000.0,19621000.0,89182000.0,692864000.0,0.0,-169721000.0,2381575966.3525653,2999155966.3525653,17.591858949389366,0.2200107645040479,0.41177551859102374,0.7553510485333539,0.018623254027057435,17.591858949389366,0.02369345783588111,33.551829567391245,30.261448111214296,2.86799337950304,0.846302414231258,0.0,0.006991588861849898,0.0465986809885627,0.15728510237491872,0.012916359759516091,65.31307498772941,0.6800033811388803,0.08771842105263158,0.43120018610103295,-0.06286720232174595,0.10452601466515919,0.03853518944854444,0.09689468695991525,0.04239305736886568,0.9258517889283002,0.27504494634679827,0.1463097387040065,REIT—Industrial,Real Estate,LSI
2013Q2,2013,Q2,2013-08-07,2013-06-30,17937000.0,67615000.0,26042000.0,0.38,46477000.0,0.6873770613029653,1497414000.0,797751000.0,19456000.0,99759000.0,699663000.0,0.0,-170740000.0,2033868509.8620749,2667388509.862075,17.004621776866177,0.19503002235387285,0.4295144829686379,0.8062177295923164,0.01807327581420656,17.004621776866177,0.022484459436591116,30.08013768930082,28.347389611725415,2.549502927432338,0.8396610358476891,0.0,0.007405100146332149,0.04515451304715997,0.1378522238595014,0.011978651194659594,52.03572915780778,0.6873770613029653,0.21276724762473165,0.18213956171398474,-0.06279899205764863,0.05831810253328159,0.09123993331924585,0.2560924369747899,0.18254472799927346,-0.0006610809185999397,0.25500670573366135,0.10012256696983836,REIT—Industrial,Real Estate,LSI
2013Q1,2013,Q1,2013-05-08,2013-03-31,14280000.0,64335000.0,22022000.0,0.313333,42591000.0,0.662019118675682,1495540000.0,784852000.0,18006000.0,104878000.0,710688000.0,0.0,-173334000.0,1966226047.495628,2614516047.4956284,17.161507269137644,0.17168519613264938,0.4381066370675475,0.8348147166599563,0.01529243961007126,17.161507269137644,0.018194513105655587,30.562307414247737,34.42272492114195,2.505218878840378,1.0233893557422968,0.0,0.007432512664865658,0.0430179065755513,0.10270981521386754,0.009548390547895743,195.39163743373032,0.662019118675682,0.06818189566124494,0.13246190407194694,-0.08344318252560715,0.06440487809774462,0.69428753281884,0.06076363096122419,0.05925925925925926,0.7307666968286207,0.2028482487737252,0.11654775542719137,REIT—Industrial,Real Estate,LSI
2012Q4,2012,Q4,2013-02-26,2012-12-31,13462000.0,62132000.0,20790000.0,0.293333,25138000.0,0.4045902272580957,1484441000.0,728730000.0,16508000.0,148083000.0,755711000.0,0.0,-172773000.0,1880962888.467768,2557958888.4677677,16.039350718948,0.11147802246037695,0.46094859950648087,0.9389636765331467,0.014713573643240779,16.039350718948,0.01847323425685782,30.273657510908517,34.93097029541985,2.5811519883465315,1.017456544347051,0.0,0.007281908688351408,0.0418554863413231,0.07807108175820317,0.00906873361757052,12.021082931564548,0.4045902272580957,-0.3069231369009506,-0.11465098074506004,-0.12369075709169834,-0.024193053547432824,-0.47027710462543465,-0.2842026904875844,-0.061484290357529794,6.464499391930551,0.003370034707865305,-0.11857916830212463,REIT—Industrial,Real Estate,LSI
2012Q3,2012,Q3,2012-11-06,2012-09-30,18807000.0,61774000.0,22152000.0,0.423233,47455000.0,0.7682034512901869,1397348000.0,727571000.0,14342000.0,36178000.0,657966000.0,0.0,-171673000.0,1689499304.382567,2890375304.382567,16.45630325625003,0.3964287688650561,0.8632745744080931,1.6579756477374716,0.011454775046461337,16.45630325625003,0.025849023669167682,27.349682785355764,22.45838390469728,2.322109188495098,0.7042590524804594,0.0,0.007839600741854361,0.044208028350847466,0.2589142572834319,0.013459066746436823,-40.189811703281954,0.7682034512901869,0.5707933892272464,0.2550335894231759,-0.12094171886108494,-0.002046980314425063,0.05305787324693769,0.6045559252623496,0.12681214710819472,0.9515009044631187,-0.01846443995164407,0.0,REIT—Industrial,Real Estate,LSI
2012Q2,2012,Q2,2012-08-07,2012-06-30,11721000.0,58732000.0,19659000.0,0.269439,45064000.0,0.7672818906218075,1382763000.0,667743000.0,16259000.0,33742000.0,698038000.0,0.0,-175563000.0,1446772697.3182678,2733650697.318268,15.412348048004214,0.4818623673759706,0.9360526713543825,1.9383789871252863,0.010019458921696443,15.412348048004214,0.01755316042249788,24.63346552677021,30.8585593660581,2.166660971838369,1.1129596450814776,0.0,0.009016620250147215,0.042474379195856414,0.32609211072254163,0.008476506820040745,-74.08709019450367,0.7672818906218075,0.036303846153846055,0.030570890631331917,-0.1342661288454857,-0.107067559703028,0.04729368565386135,0.0523433291434728,0.01069353760732096,0.4598530558708977,-0.05771403672619947,-0.020770369729691613,REIT—Industrial,Real Estate,LSI
2012Q1,2012,Q1,2012-05-08,2012-03-31,11138000.0,57082000.0,19451000.0,0.26,43029000.0,0.7538103079779965,1350001000.0,653680000.0,24436000.0,27496000.0,679427000.0,0.0,-174137000.0,1434389613.858494,2701365613.858494,15.139018049124177,0.8887110852487634,0.9484296678298757,1.958727511932444,0.010057076793337956,15.139018049124177,0.01703891812507649,25.12858018041579,32.19585234913122,2.1943299685755937,1.1695995690429162,0.0,0.009081911827956908,0.042282931642272856,0.647221414023858,0.008250364258989437,350.0218677058307,0.7538103079779965,0.05405262965860862,-0.17180711443255395,-0.09238767028420121,-0.12654792454513022,0.9892284221718829,0.08599843993759751,0.0997342681065189,0.11335459970440151,-0.12072258424216074,0.011680810679978296,REIT—Industrial,Real Estate,LSI
2011Q4,2011,Q4,2012-02-28,2011-12-31,10256000.0,56657000.0,17687000.0,0.246667,21631000.0,0.38178865806519935,1344735000.0,655539000.0,14905000.0,38559000.0,674730000.0,0.0,-169799000.0,1195025449.849777,1813127449.849777,15.604604605581555,0.3865504810809409,0.465090147873001,0.9540591787826506,0.01380759148202679,15.604604605581555,0.01564514086881177,21.092282504364455,29.129910536509776,1.822966215358319,1.2221138845553823,0.0,0.010488479556293642,0.04213246476071494,0.28315049664151043,0.007626781484827865,134.00150816884693,0.38178865806519935,3.6250351564697283,-0.28392174869197623,-0.18642904134811514,-0.20996858220438733,-0.464128226725462,3.384779820436084,0.06336800336680094,-0.04653296358305369,-0.1308287137609376,0.02555705922863414,REIT—Industrial,Real Estate,LSI
2011Q3,2011,Q3,2011-11-04,2011-09-30,2339000.0,54254000.0,16633000.0,0.053333,40366000.0,0.7440188741843919,1340488000.0,619762000.0,22797000.0,36294000.0,708125000.0,0.0,-165629000.0,1025644414.8500069,1682253414.850007,14.973710924958288,0.6281203504711522,0.49473176932579777,1.0700591517388933,0.012964712411453657,14.973710924958288,0.0037740293854737787,18.904493951598166,109.62424271590497,1.6549004534805407,5.329628046173578,0.0,0.012154309836341344,0.04047332016399997,0.26142062048823494,0.0017448869366976803,-8.073079734346152,0.7440188741843919,-0.7714296734709621,-0.8395175961430151,-0.21326820987874787,-0.021293006163882355,0.06734710066368757,-0.7597822738009654,-0.08054173576561637,-0.805958365039583,-0.1831097188857754,-0.05985755682366837,REIT—Industrial,Real Estate,LSI
2011Q2,2011,Q2,2011-08-08,2011-06-30,9737000.0,50709000.0,18090000.0,0.233333,37819000.0,0.7458044922991974,1184195000.0,624139000.0,19044000.0,25623000.0,546156000.0,0.0,-156675000.0,1129959616.8800159,1635021616.8800159,15.097706366049259,0.7432384966631542,0.4329970992953019,0.8215365487495574,0.01591180164870542,15.097706366049259,0.015600691512627796,22.283216330040347,29.012006184656876,1.8104294345971266,1.2792441203656157,0.0,0.011023402795927204,0.04282149477070921,0.39628458806541,0.00822246336118629,91.95634902994921,0.7458044922991974,0.166665,-0.3369620035406272,-0.19570215463994617,-0.00580655363534264,0.04988618066736994,0.1788135593220339,0.09377834210048976,-0.27176064003806016,-0.20236394802390714,-0.060362755279902806,REIT—Industrial,Real Estate,LSI
2011Q1,2011,Q1,2011-05-06,2011-03-31,8260000.0,49535000.0,16539000.0,0.2,36022000.0,0.7272029877864137,1181992000.0,629329000.0,13360000.0,23052000.0,526173000.0,0.0,-153429000.0,1089099358.668639,1578584358.668639,15.235807499443723,0.5795592573312511,0.4182295650055161,0.7855096459880285,0.014718694851616084,15.235807499443723,0.013125090374033296,21.986461263119793,32.96305564977721,1.730572337630459,1.5065375302663437,0.0,0.011425954758812888,0.04190806705967553,0.303878188443519,0.006988202965840716,142.5336158446066,0.7272029877864137,-0.03345155315906688,-0.38776122254701545,-0.13912139506421317,0.011428409761057733,-0.29332600933809394,-0.03176649865197515,-0.01670630202140309,-0.2747370137538146,-0.21865232032156304,-0.05503242985363967,REIT—Industrial,Real Estate,LSI
2010Q4,2010,Q4,2011-02-25,2010-12-31,8531000.0,48856000.0,16820000.0,0.2069218575164856,50974000.0,1.0433518912723105,1185541000.0,631581000.0,12804000.0,28916000.0,528398000.0,0.0,-148264000.0,1011738204.1881241,1494926204.1881242,15.319178723727521,0.4427998340019366,0.41243111794530934,0.7741746505990522,,15.319178723727521,0.013507372767705172,20.708576309729082,29.64887481503118,1.6019136170786075,1.2783964365256124,0.0,0.010779468398894348,0.0412098780219326,0.2903582791534099,0.007195870914628848,-44.285135436755844,1.0433518912723105,-0.030052277348157123,-0.3982715293372891,-0.18651787937277903,-0.03541275224889051,0.6720461851341599,-0.043931413201837945,-0.027070800555298473,-0.38171151602349107,-0.24064255170656706,-0.06800709863509088,REIT—Industrial,Real Estate,LSI
2010Q3,2010,Q3,2010-11-05,2010-09-30,8923000.0,48623000.0,17288000.0,0.213333,30486000.0,0.6269872282664583,1179573000.0,632708000.0,39821000.0,429034000.0,533783000.0,0.0,-144738000.0,1041697238.914584,1489309238.9145842,15.346514432720731,0.09281548781681638,0.4065360939933349,0.7579151836234093,,15.346514432720731,0.014102872098977728,21.423960654722745,29.18573458799126,1.6464107280366047,1.4469348873697188,0.0,0.012394196238297473,0.04122084856130142,0.08037358344560105,0.007564601766910569,60.66254594191614,0.6269872282664583,-0.4385973684210526,-0.4412150765176634,-0.18715933084341796,-0.030542705666069776,0.02902855599810977,-0.4338557198147326,0.05049522999331591,-0.3614480395430818,-0.25800116811861884,-0.06934746028301925,REIT—Industrial,Real Estate,LSI
2010Q2,2010,Q2,2010-08-06,2010-06-30,15761000.0,47309000.0,16457000.0,0.38,29626000.0,0.6262233401678328,1178731000.0,636756000.0,30543000.0,19379000.0,528893000.0,0.0,-140011000.0,945568291.26825,1397649291.26825,15.457024778342163,1.5760875174157594,0.40730073273715545,0.7539748349446256,,15.457024778342163,0.02475202432328867,19.98706992894058,14.998545321810957,1.4849774344776492,0.8198083877926527,0.0,0.013664798322149337,0.04013553558869666,1.5760875174157594,0.013371159323034688,80.78327990331054,0.6262233401678328,1.1111111111111112,0.046486619523630625,-0.17994968793470026,-0.03144857804469844,-0.002457995218694232,1.1221219873434765,0.01411141237367513,0.4574389360299812,-0.2665900786510113,-0.10447916099045672,REIT—Industrial,Real Estate,LSI
2010Q1,2010,Q1,2010-05-07,2010-03-31,7427000.0,48146000.0,16228000.0,0.18,29699000.0,0.6168529057450255,1176135000.0,632753000.0,9421000.0,47326000.0,530300000.0,0.0,-144085000.0,956736209.2399999,1430019209.2399998,15.370150704007862,0.19906605248700504,0.40866737236796796,0.7596139409848709,,15.370150704007862,0.011737597451138122,19.871561692352426,32.2046657210179,1.5120216091271002,1.7402719806112832,0.0,0.013509470923304135,0.040935776930369386,0.19906605248700504,0.00631475128280342,83.8727280827562,0.6168529057450255,4.319656638566912,-0.4412989617422263,-0.12487918406920705,-0.02629173449399477,-0.024182684409397075,4.913066385669126,-0.04316037735849056,-0.42077258438858467,-0.19707899241440763,-0.11321262786614722,REIT—Industrial,Real Estate,LSI
2009Q4,2009,Q4,2010-02-26,2009-12-31,-1898000.0,47708000.0,16960000.0,-0.05422247527313715,30435000.0,0.637943321874738,1185201000.0,636972000.0,17538000.0,427399000.0,535147000.0,0.0,-139863000.0,833793731.7,1304302731.7,18.197154119958228,0.04103425604645776,0.40602311337908087,0.7554790477446418,,18.197154119958228,-0.0029797228135616635,17.477021289930413,-109.82530712592202,1.308995892598105,-20.14067439409905,0.0,0.04584707050035022,0.040253087872858695,0.031090386266696926,-0.0016014161311035005,3158.3095897727276,0.637943321874738,-1.2541682499807212,-1.157463007994947,-0.019677932710174133,0.11471609128255714,-0.03138028706915757,-1.2487549148099606,-0.08269782032559901,-1.1590404427934125,-0.17782934838533754,-0.07871273687423919,REIT—Industrial,Real Estate,LSI
2009Q3,2009,Q3,2009-11-06,2009-09-30,7630000.0,49828000.0,18489000.0,0.213333,31421000.0,0.6305892269406759,1214257000.0,0.0,31754000.0,25912000.0,659571000.0,0.0,-123551000.0,710113173.0346451,1788674173.034645,0.0,1.2254553874652672,0.9123620452671881,0.0,0.01668920297298712,0.0,0.0,14.251287891038073,23.267141973612222,0.0,1.573394495412844,0.0,0.01690575594971296,0.04103579390524411,1.996295152824946,0.006283678002268054,40.37027703437437,0.6305892269406759,0.14285331633336368,-0.400857975517844,0.015199881050045405,-1.0,0.006502658722531873,0.21380846325167038,0.007135853578821222,-0.38098614698265043,-0.14562796788491697,-1.0,REIT—Industrial,Real Estate,LSI
2009Q2,2009,Q2,2009-08-07,2009-06-30,6286000.0,48799000.0,18358000.0,0.186667,31218000.0,0.6397262238980307,1211600000.0,533880000.0,17303000.0,20586000.0,654307000.0,0.0,-118018000.0,556292542.8,1154517542.8,15.739258261363844,0.8405226853201204,0.5020749422251568,1.1394208436352737,0.016072576112289155,15.739258261363844,0.011774181463999401,11.399670952273611,22.124265940184532,1.041980487750056,2.2486477887368754,0.0,0.025409292615813223,0.04027649389237372,0.6047313708345478,0.005188180917794652,49.06010607637357,0.6397262238980307,-0.19999742856775515,-0.4855673279570049,0.0618147795764261,-0.09238571899103126,0.008203074538173363,-0.17668631303208907,0.017853182523841205,-0.4783267356044283,-0.05669152217259954,0.03644004159973812,REIT—Industrial,Real Estate,LSI
2009Q1,2009,Q1,2009-05-11,2009-03-31,7635000.0,49546000.0,18036000.0,0.233333,30964000.0,0.6249545876559157,1211034000.0,493125000.0,13067000.0,24279000.0,695685000.0,0.0,-123232000.0,441138829.49119896,1065499829.491199,14.964223784128938,0.5382017381276,0.5216839494184309,1.2811700887198987,0.01603339668700029,14.964223784128938,0.015482889733840304,8.903621472796976,14.444624410320857,0.8945781079669434,1.845841519318926,0.0,0.03194685903359402,0.040912146149488786,0.3888545656740393,0.006304529848047206,57.37271810264,0.6249545876559157,-0.08872469524221081,-0.33385802983197954,0.14558149071279633,-0.1383427402102207,-0.04076827757125155,-0.08857586248060165,-0.04145408163265306,-0.29065213009383056,0.07931394268304727,-0.00660066321770377,REIT—Industrial,Real Estate,LSI
2008Q4,2008,Q4,2009-02-27,2008-12-31,8377000.0,50765000.0,18816000.0,0.2560510515118352,32280000.0,0.6358711710824387,1212626000.0,497800000.0,12498000.0,583218000.0,692479000.0,0.0,-116728000.0,785187168.0,1403962168.0,15.21573516086804,0.021429379751653755,0.5139762795783696,1.2520309361189232,,15.21573516086804,0.016828043390920047,15.46709677927706,23.43282702638176,1.577314519887505,0.0,0.0,0.0,0.04186369086593888,0.013386075189723226,0.006908148101723037,-921.5811830985915,0.6358711710824387,-0.12709769609339827,-0.28017633847194195,0.07771642566016837,-0.16772312708383014,-0.020423026735046885,-0.12080184718723762,-0.06140569661295955,-0.2554039022894403,0.0651876376008157,-0.04192617854906477,REIT—Industrial,Real Estate,LSI
2008Q3,2008,Q3,2008-11-07,2008-09-30,9528000.0,52497000.0,20047000.0,0.293333,32953000.0,0.6277120597367468,1208980000.0,521072000.0,21296000.0,535628000.0,665502000.0,0.0,-111015000.0,974722615.147956,1575159615.147956,15.927066194744537,0.039758937172813966,0.5068073913546957,1.1758835631160378,,15.927066194744537,0.01828538090705315,18.56720603363918,25.575215552790617,1.8706102326510656,1.4473131821998322,0.0,0.014147614701549502,0.04342255455011663,0.02881290746562913,0.007881023672848186,69.79753778359871,0.6277120597367468,-0.08333437499999999,-0.16364416791350878,0.10711713125661129,-0.09200610346773495,0.0,-0.09610093918983019,0.036609959149904336,-0.2480877553221242,0.10593545542419484,0.006131429226241008,REIT—Industrial,Real Estate,LSI
2008Q2,2008,Q2,2008-08-08,2008-06-30,10541000.0,50120000.0,19339000.0,0.32,0.0,0.0,1201644000.0,523663000.0,0.0,67800000.0,655404000.0,0.0,0.0,902995160.223753,1492087160.223753,16.067590392871903,0.0,0.5077643628229326,1.1651615638301733,,16.067590392871903,0.020129358003143243,18.016663212764424,21.416259373488117,1.7243822080684583,1.3030073048097903,0.0,0.015210491268410129,0.041709524617940086,0.3488053097345133,0.00877214882277946,7652.501357828415,0.0,0.17073313504040863,-0.16211293022356194,0.07899750847465967,-0.07821797155870343,0.0,0.17737071372724225,0.048752711496746204,-0.11533727399191769,0.09813010438443584,0.0068100262229476285,REIT—Industrial,Real Estate,LSI
2008Q1,2008,Q1,2008-05-09,2008-03-31,8953000.0,49837000.0,18440000.0,0.273333,0.0,0.0,1185575000.0,523534000.0,0.0,169900000.0,635700000.0,0.0,-103231000.0,924558991.036317,1499325991.0363169,16.123100919837853,0.0,0.4909010395799507,1.1116756504830632,,16.123100919837853,0.017101086080369185,18.551658226544877,25.817016392167904,1.7659960786430624,1.5266391153803194,0.0,0.014783264380653366,0.042036142799907215,0.05692760447321954,0.0075516099782805815,-2604.3915240459633,0.0,-0.18327310503054572,-0.19756249480004967,0.10369328280403736,-0.07336552449737638,0.0,-0.16623207301173404,-0.081627571094178,-0.14612478616437932,0.14846949020396857,0.021408113268527037,REIT—Industrial,Real Estate,LSI
2007Q4,2007,Q4,2008-02-28,2007-12-31,10738000.0,50071000.0,20079000.0,0.33466878791866245,0.0,0.0,1164636000.0,527389000.0,0.0,170700000.0,610805000.0,0.0,-98437000.0,857751158.3236359,1409741158.323636,16.437012236136663,0.0,0.4774023815166284,1.0542502782576049,,16.437012236136663,0.020360682532248493,17.13069757591492,19.9699934420664,1.626410786579993,1.2681132426895139,0.0,0.015875233589439472,0.042992832095178235,0.04006444053895723,0.009220048152384093,53.8585431573299,0.0,-0.015680035533345814,-0.35352434234351404,-0.23060922266225667,-0.37845225961646123,0.0,-0.012597701149425287,-0.02005856515373353,-0.028116039294813055,0.12246423810048407,0.006893820398762761,REIT—Industrial,Real Estate,LSI
2007Q3,2007,Q3,2007-11-02,2007-09-30,10875000.0,50998000.0,20490000.0,0.34,0.0,0.0,1149753000.0,529091000.0,0.0,159800000.0,594100000.0,0.0,-95518000.0,1018178428.3236359,1541674428.323636,16.49005808052459,0.0,0.46270807730008096,1.0054981090209434,,16.49005808052459,0.020554120179704437,19.965065852065493,23.40640065111807,1.9243918878295716,1.174712643678161,0.0,0.01254691677276369,0.044355613770957765,0.07168961201501878,0.009458553271876655,54.04917869856863,0.0,0.4166666666666668,-0.03615712350911971,0.17322127610638055,-0.08315498709679718,0.0,0.34858630952380953,0.22452638498774877,-0.06837058981331506,0.1335480311003563,0.041741832190699435,REIT—Industrial,Real Estate,LSI
2007Q2,2007,Q2,2007-08-08,2007-06-30,8064000.0,48101000.0,16733000.0,0.24,0.0,0.0,1145254000.0,530218000.0,0.0,153700000.0,588351000.0,0.0,-92778000.0,986278314.3462671,1618791314.3462672,17.260374192339082,0.0,0.558199316483505,1.2056927527922476,,17.260374192339082,0.01520883862863954,20.504320374758677,30.57658464615163,1.8601373667930305,1.6574900793650793,0.0,0.013551955675776325,0.04200028989202395,0.06040988939492518,0.007041232774563547,-14.798540284577957,0.0,-0.18181725206505922,-0.25313061834995837,0.1714420229466783,0.037042440184476805,0.0,-0.154451085246933,-0.028168196073876176,-0.2712814662737714,0.15570522966515404,-0.004669606891111511,REIT—Industrial,Real Estate,LSI
2007Q1,2007,Q1,2007-05-08,2007-03-31,9537000.0,44600000.0,17218000.0,0.293333,0.0,0.0,1053977000.0,530716000.0,0.0,61700000.0,496478000.0,0.0,-87437000.0,1131098521.280115,1585424521.280115,17.332396904821817,0.0,0.4379981726356457,0.8698437582435804,,17.332396904821817,0.017970063084587613,25.360953391930828,29.65027055887897,2.1312689296725837,1.3948830869246094,0.0,0.011761132871913224,0.042315913914630014,0.14899513776337114,0.009048584551655301,-53.60910570548912,0.0,-0.139622269715299,-0.049064519222059906,0.12034148973436382,0.03598709877226834,0.0,0.04070274989087735,-0.04349758346758514,-0.1044933620329688,0.109817374351197,-0.0019806013301374,REIT—Industrial,Real Estate,LSI
2021Q3,2021,Q3,2021-11-03,2021-10-01,,,,,,,6556597000.0,3378999000.0,6272456000.0,27277000.0,2943923000.0,0.0,-314713000.0,0.0,-171865000.0,0.0,229.95402720240494,0.0,0.0,,0.0,,0.0,0.0,0.0,0.0,0.0,,,229.9045349561902,,0.0,0.0,0.0,1.0,-1.0,-1.0,0.0,0.0,0.0,-1.0,-1.0,-1.0,REIT—Industrial,Real Estate,LSI
