Quarters,Year,Quarter,FillingDate,Date,NetIncome,Revenue,OperatingIncome,EPSDiluted,GrossProfit,GrossProfitRatio,TotalAssets,CommonStockEquity,CurrentAssets,CurrentLiability,TotalLiability,Inventory,RetainedEarnings,MarketCap,EnterpriseValue,bookValuePerShare,currentRatio,debtToAssets,debtToEquity,roic,shareholdersEquityPerShare,roe,priceToSalesRatio,peRatio,pbRatio,payoutRatio,inventoryTurnover,dividendYield,assetTurnover,quickRatio,returnOnAssets,priceToFreeCashFlowsRatio,grossProfitMargin,epsdilutedGrowth,fiveYNetIncomeGrowthPerShare,fiveYRevenueGrowthPerShare,fiveYShareholdersEquityGrowthPerShare,grossProfitGrowth,netIncomeGrowth,operatingIncomeGrowth,threeYNetIncomeGrowthPerShare,threeYRevenueGrowthPerShare,threeYShareholdersEquityGrowthPerShare,Industry,Sector,Symbol
2023Q1,2023,Q1,2023-05-15,2023-03-31,-7398016.0,581101.0,-7402009.0,-0.15,581101.0,1.0,42672014.0,24402522.0,15031991.0,13665726.0,18269492.0,0.0,-55223575.0,22174703.76,14575344.760000002,0.48420532676374295,1.099977491133658,0.1279697742881318,0.22377719811091656,-0.2168596260898599,0.48420532676374295,-0.3031660416083223,38.15981001581481,-0.7493463031169437,0.9087054100391755,0.0,0.0,0.0,0.013617847988145112,1.0115240127015572,-0.17336927195421337,-13.629054742513448,1.0,0.16666666666666666,-7.419561273755404,-0.9578824565764524,-0.49402344787719393,-0.7310801986791438,0.0605210807666934,0.05826965338080402,-7.419561273755404,-0.9578824565764524,-0.49402344787719393,Biotechnology,Healthcare,SABS
2022Q4,2022,Q4,2023-04-14,2022-12-31,-7874595.0,2160871.0,-7860009.0,-0.18,2160871.0,1.0,50904927.0,31058142.0,22097453.0,14993344.0,19846785.0,0.0,-47869755.0,25675336.867928997,16557200.867928997,0.7135706534991143,1.473817515292119,0.11646727241156833,0.1908922304495871,-0.18955332574398398,0.7135706534991143,-0.2535436601455425,11.881938749665759,-0.8151319803726096,0.8266861832214238,0.0,0.0,0.0,0.042449152318792246,1.374174500364962,-0.15469219708339824,1.3848751966269897,1.0,-0.2,0.0,0.0,0.0,-0.39803711053935303,-0.24110613067037362,-0.0067491824335021156,0.0,0.0,0.0,Biotechnology,Healthcare,SABS
2022Q3,2022,Q3,2022-11-14,2022-09-30,-6344820.0,3589708.0,-7807316.0,-0.15,3589708.0,1.0,52507493.0,30623407.0,22182090.0,17101254.0,21884086.0,0.0,-39995152.0,30164650.384999998,27636544.384999998,0.7116611010905307,1.2971031247182223,0.11053816642893234,0.18953090359932845,-0.1658628522743075,0.7116611010905307,-0.2071885731068395,8.40309306077263,-1.1885542215933627,0.9850194129281564,0.0,0.0,0.0,0.06836563307259785,1.2440154973430604,-0.12083646804466555,-3.6553744060477906,1.0,-0.3636363636363636,-5.68825785686179,0.0,-0.9014845470943845,-0.4347383877710898,-0.32848101212815084,-0.1932420635114713,-5.68825785686179,0.0,-0.9014845470943845,Biotechnology,Healthcare,SABS
2022Q2,2022,Q2,2022-08-10,2022-06-30,-4775996.0,6350525.0,-6542944.0,-0.11,6350525.0,1.0,59154925.0,37121272.0,27750541.0,16137219.0,22033653.0,0.0,-32919084.0,62349148.85,51823530.85,0.863297180359183,1.7196606800713308,0.10296479963418093,0.1640804496139033,-0.13025929518724566,0.863297180359183,-0.1286592765463425,9.81795187799434,-3.263672585257609,1.679607014813501,0.0,0.0,0.0,0.10735412140240225,1.6253832212353319,-0.0807370814856075,-10.709371824503377,1.0,-6.116279069767443,0.0,0.0,0.0,-0.46196021596741255,-5.844482448372644,0.02450971987549757,0.0,0.0,0.0,Biotechnology,Healthcare,SABS
2022Q1,2022,Q1,2022-05-12,2022-03-31,985863.0,11803077.0,-6707339.0,0.0215,11803077.0,1.0,67472478.0,41258266.0,36169737.0,18255884.0,26214212.0,0.0,-28143088.0,162106207.28,146111159.28,0.9569718690170074,1.9812646158356397,0.09505151122506572,0.15544426903447664,-0.11345253743607712,0.9569718690170074,0.023894920838408478,13.734232800480756,41.10769125121847,3.9290601131904084,0.0,0.0,0.0,0.17493172549554206,1.873085357027904,0.014611335306226637,-13.913702238604076,1.0,1.052439024390244,0.0,0.0,0.0,-0.8061130515011168,1.0551401571209482,0.4714132310394547,0.0,0.0,0.0,Biotechnology,Healthcare,SABS
2021Q4,2021,Q4,2022-03-29,2021-12-31,-17879220.0,60876078.0,-12689192.0,-0.41,60876078.0,1.0,79369220.0,38549913.0,41217420.0,24683562.0,40819307.0,0.0,-29128951.0,339538023.99,309312972.99,0.8867190101184873,1.6698327413199117,0.037566968656111276,0.0773454663827646,-0.31064736653145897,0.8867190101184873,-0.46379404280367637,5.577527908253223,-4.747662705503931,8.807750720215633,0.0,0.0,0.0,0.7669985669507651,1.6698327413199117,-0.22526641940036704,46010.82996545576,1.0,-19.499999999999996,0.0,0.0,0.0,0.0,-53.82640613788155,-36.815873545679956,0.0,0.0,0.0,Biotechnology,Healthcare,SABS
2021Q3,2021,Q3,2021-11-22,2021-09-30,-326106.0,0.0,-335552.0,-0.02,0.0,0.0,116928859.0,106856671.0,770615.0,322376.0,10072188.0,0.0,-9293659.0,149105376.0,148437503.0,7.223852503346358,2.390422984341266,0.0,0.0,-0.0030953759848621897,7.223852503346358,-0.00305180759374396,0.0,-114.30744604515095,1.3953773274482788,0.0,0.0,0.0,0.0,2.0717205995483536,-0.002788926555761568,86.05541399472605,0.0,0.0,0.0,0.0,0.0,0.0,0.0,0.0,0.0,0.0,0.0,Biotechnology,Healthcare,SABS
2021Q2,2021,Q2,2021-08-09,2021-06-30,,,,,,,54211800.0,38258536.0,27768634.0,10196656.0,15953264.0,0.0,-13516265.0,0.0,-3316291.0,0.0,2.723307915850059,0.1275808034413172,0.18078017935657548,,0.0,,0.0,0.0,0.0,0.0,0.0,,,2.6813967245732324,,0.0,0.0,0.0,0.0,0.0,0.0,0.0,0.0,0.0,0.0,0.0,0.0,Biotechnology,Healthcare,SABS
2020Q4,2020,Q4,2021-04-02,2020-12-31,,,,,,,56537933.0,39007835.0,34455014.0,11061730.0,17530098.0,0.0,-11984420.0,0.0,-4484302.0,0.0,3.1147943404874283,0.14372794633295136,0.20831920048882488,,0.0,,0.0,0.0,0.0,0.0,0.0,,,2.999519966587505,,0.0,0.0,0.0,0.0,0.0,0.0,0.0,0.0,0.0,0.0,0.0,0.0,Biotechnology,Healthcare,SABS
