Quarters,Year,Quarter,FillingDate,Date,NetIncome,Revenue,OperatingIncome,EPSDiluted,GrossProfit,GrossProfitRatio,TotalAssets,CommonStockEquity,CurrentAssets,CurrentLiability,TotalLiability,Inventory,RetainedEarnings,MarketCap,EnterpriseValue,bookValuePerShare,currentRatio,debtToAssets,debtToEquity,roic,shareholdersEquityPerShare,roe,priceToSalesRatio,peRatio,pbRatio,payoutRatio,inventoryTurnover,dividendYield,assetTurnover,quickRatio,returnOnAssets,priceToFreeCashFlowsRatio,grossProfitMargin,epsdilutedGrowth,fiveYNetIncomeGrowthPerShare,fiveYRevenueGrowthPerShare,fiveYShareholdersEquityGrowthPerShare,grossProfitGrowth,netIncomeGrowth,operatingIncomeGrowth,threeYNetIncomeGrowthPerShare,threeYRevenueGrowthPerShare,threeYShareholdersEquityGrowthPerShare,Industry,Sector,Symbol
2023Q1,2023,Q1,2023-05-04,2023-03-31,68728000.0,1338723000.0,177335000.0,0.2,727074000.0,0.5431101131,41953068000.0,17212490000.0,1201472000.0,4438021000.0,22799621000.0,0.0,-4995982000.0,28629739890.0,47817838890.0,59.104969112592244,0.27072246841553926,0.4605027932641303,1.1224119810672366,0.0035600929679531364,59.104969112592244,0.003992914447590093,21.385857933269243,104.14147032504948,1.6633119258166598,10.737632406006286,0.0,0.02577655273276742,0.03191001430455575,0.27072246841553926,0.00163821153675817,81.86334413226355,0.543110113145139,79.0,-0.5446859796559766,0.27042063137297045,0.18577204224904945,0.03855400002571124,89.31274638633377,0.4658086807019284,-0.7659486213714418,0.2404114048992663,-0.20226196009760594,REIT—Office,Real Estate,DLR
2022Q4,2022,Q4,2023-02-27,2022-12-31,761000.0,1233106000.0,120981000.0,0.0025,700083000.0,0.5677395131,41484998000.0,17583334000.0,1111065000.0,4383051000.0,21862853000.0,0.0,-4698313000.0,29014602379.53,46940676379.53,60.76529594022166,0.25349123247710326,0.435527247705303,1.0275552406614126,-0.0001466208814018672,60.76529594022166,4.327961921214714e-05,23.52969037497993,9531.735341501315,1.6501195040445684,13.345597897503286,0.0,0.0003500306455057653,0.029724142688882377,0.25349123247710326,1.8343980636084397e-05,63.56940559552083,0.5677395130670032,-0.9966666666666667,-0.9926623307535386,0.19695135679082965,0.2063052156626819,0.037941146818642774,-0.9967900453443004,-0.23128586042787885,-0.998367270818668,0.12981141047091868,0.28413365190772155,REIT—Office,Real Estate,DLR
2022Q3,2022,Q3,2022-11-04,2022-09-30,237075000.0,1192082000.0,157381000.0,0.75,674492000.0,0.5658100701,39215217000.0,17063920000.0,1038086000.0,3876545000.0,20230276000.0,0.0,-4336201000.0,28434211740.000004,45379463740.0,59.519834805872485,0.2677863922642456,0.4366218603354917,1.0034166240816882,0.004091621038673553,59.519834805872485,0.013893349242143657,23.852563615590206,29.98440550458716,1.6663352699731364,1.5568701887588317,0.0,0.012980665804101519,0.03039845476310892,6.022017801934455,0.006045484843294377,67.79962073125952,0.5658100701126265,2.947368421052632,10.317950079307314,0.1602658232951524,-0.032413418059763006,0.005793258943017296,2.7378204521804936,-0.07624537039754418,1.59184527568933,0.07459652847440398,0.31448874246707564,REIT—Office,Real Estate,DLR
2022Q2,2022,Q2,2022-08-05,2022-06-30,63426000.0,1139322000.0,170371000.0,0.19,670607000.0,0.5886018176,35956057000.0,17138632000.0,896434000.0,3059262000.0,18284791000.0,0.0,-4211685000.0,36961822020.0,52575443020.0,60.20018686730314,0.2930229578244688,0.43700139311715963,0.9168087044520239,0.0039553179551218,60.20018686730314,0.0037007621145024876,32.44194531484514,145.6887633620282,2.156637823835648,5.777993251978684,0.0,0.009914960355625889,0.03168651112106091,7.092175498535267,0.001763986523883862,73.06252907235324,0.5886018175722052,-0.29629629629629634,-0.5405995681948816,0.14674490031325893,0.9539399286527925,0.039373654493237015,-0.17533252720677148,-0.2230790277714442,-0.2287766122206623,0.04088437639773151,0.3112806091621376,REIT—Office,Real Estate,DLR
2022Q1,2022,Q1,2022-05-06,2022-03-31,76911000.0,1127322000.0,219290000.0,0.27,645203000.0,0.5723324835,36680546000.0,17698207000.0,932543000.0,2515684000.0,18429106000.0,20932965000.0,-3916854000.0,40345786800.0,56048547800.0,62.20242438300893,0.3706916289963286,0.4324015514927177,0.8961769404098393,0.005340223743559467,62.20242438300893,0.0043456944536810985,35.789052994619105,131.14439677029296,2.279653910704062,9.165281949266035,0.023031567673284698,0.01747173759417179,0.03073351198207355,8.691675107048422,0.002096779039221499,145.29336046239445,0.5723324835317682,-0.9295039164490861,-0.48454578332877685,0.14636241833114294,0.9693399864821886,-0.006328236656645804,-0.9294651397610229,-0.8089611998445834,-0.5191117199196285,0.010862510567749842,0.281297052234331,REIT—Office,Real Estate,DLR
2021Q4,2021,Q4,2022-02-25,2021-12-31,1090397000.0,1111168000.0,1147882000.0,3.83,649312000.0,0.5843508812,36369560000.0,18004568000.0,814419000.0,2280524000.0,17892773000.0,0.0,-3631929000.0,50208027117.94,65025726117.94,63.425474470040406,0.3571192410165383,0.4113439095771299,0.8309222970526147,0.03317348461060969,63.425474470040406,0.060562241759980026,45.18491093870594,11.511409862174053,2.7886271482848133,0.009122365523749607,0.0,0.00019811573110877732,0.030552143055896194,0.3571192410165383,0.02998103358962825,111.0949447002465,0.5843508812348808,7.704545454545455,5.422112579593319,0.0787575867383606,0.9783886341969698,-0.025311705350253837,7.120625581828337,5.226138366826675,14.372886547290836,0.03783035633050146,0.3275191073169864,REIT—Office,Real Estate,DLR
2021Q3,2021,Q3,2021-11-05,2021-09-30,134275000.0,1133136000.0,184365000.0,0.44,666174000.0,0.5879029525140848,35847646000.0,17274117000.0,726418000.0,2174186000.0,18081287000.0,0.0,-4359033000.0,40894656788.7,56409424788.7,61.016435803405145,0.33411032910707733,0.43603337301422807,0.9048665121348894,0.004863641731010309,61.016435803405145,0.007773190374940728,36.08980456776592,76.13974453304785,2.3673949174189337,2.5869149134239433,0.0,0.008493970295307183,0.03160977432102515,0.33411032910707733,0.00374571317737293,102.14267071469247,0.5879029525140848,-0.02222222222222224,-0.6810515299495845,0.0799372908280439,0.7433956275468763,0.007105343520682597,0.10738614808583634,-0.006803930441528217,0.11602473709009689,0.07291795625761664,0.2543682331091912,REIT—Office,Real Estate,DLR
2021Q2,2021,Q2,2021-08-06,2021-06-30,121254000.0,1093188000.0,185628000.0,0.45,661474000.0,0.6050871396319755,36151220000.0,17457656000.0,750568000.0,2393608000.0,17986973000.0,0.0,-4153407000.0,42398402503.3,57751430503.3,61.952308735112304,0.3135718129284327,0.42802179290214826,0.8863452229783884,0.0039065247582946265,61.952308735112304,0.006945605985133399,38.78418213820496,87.4165027613522,2.4286423391147127,2.8712124960826033,0.0,0.008211299941616968,0.03023931142572782,0.3135718129284327,0.0033540776770465837,81.21568077835904,0.6050871396319755,-0.6590909090909092,0.2541527173888428,0.10614661790731125,1.120392552821067,-0.02164591803984269,-0.6858053482587064,-0.03579386969597806,0.03696467874833236,0.05837731550463843,0.2582814967657352,REIT—Office,Real Estate,DLR
2021Q1,2021,Q1,2021-05-07,2021-03-31,385920000.0,1090391000.0,192519000.0,1.32,676109000.0,0.6200610606653943,35542491000.0,17623737000.0,878236000.0,1756928000.0,17197167000.0,0.0,-3952497000.0,39589391350.32,54206849350.32,62.696773918953845,0.4998702280343873,0.4174889711584931,0.8419666044721389,0.005548883838616603,62.696773918953845,0.021897739395452847,36.307518450097255,25.64611276321517,2.2463675751811323,1.7458203772802654,0.0,0.017018372271453325,0.030678519409345843,0.4998702280343873,0.010857989666509306,120.7453796426077,0.6200610606653943,7.250000000000001,2.2693048586618105,0.12761128410108175,1.0852301445203434,0.052642313446894504,5.689431627116881,0.20126916381198406,1.648753242765559,0.0720276058254411,0.25783132566540706,REIT—Office,Real Estate,DLR
2020Q4,2020,Q4,2021-03-01,2020-12-31,57691000.0,1062609000.0,160263000.0,0.16,642297000.0,0.6044528137819273,36076291000.0,17717697000.0,711612000.0,2043103000.0,17629955000.0,0.0,-3997938000.0,39079152385.63,52275368385.63,63.25101128290891,0.3482996207239674,0.36879392618271095,0.7509281257039219,0.004638407087506537,63.25101128290891,0.0032561229599986953,36.77660586879087,169.34683219925984,2.205656434108225,0.2387027439288624,0.0,0.00035238737688343024,0.02945449686055587,0.3482996207239674,0.0015991388915229672,74.32294359022978,0.6044528137819273,314.29207304347824,2.875671023079973,0.103381689644022,1.0459212775684825,0.030428504965267195,419.0507246376812,0.10983151319570923,-0.42537124677460325,0.06550475460838227,0.2556513323258215,REIT—Office,Real Estate,DLR
2020Q3,2020,Q3,2020-11-06,2020-09-30,-138000.0,1024668000.0,144403000.0,-0.0005107055484860462,623330000.0,0.608323866852483,35435333000.0,17669845000.0,1556811000.0,2311678000.0,17036846000.0,0.0,-3726901000.0,39656667251.88,51560122251.88,65.39194117672768,0.6734549535013095,0.36333114182954057,0.7286289155337808,-0.0004495949226342196,65.39194117672768,-7.809915706674281e-06,38.70196712679619,-71841.7884997826,2.2443132496000953,-2410.4057971014495,0.0,0.008387895984482427,0.02891656189600363,0.6734549535013095,-3.8944180374994644e-06,84.66970967736977,0.608323866852483,-1.0025535277424302,-1.0012174946987757,0.18141596335016472,1.2231004207664928,0.01866786946382375,-1.0018441554970534,-0.05502221698699701,-1.00698987935973,0.05813997594683179,0.0630467146959261,REIT—Office,Real Estate,DLR
2020Q2,2020,Q2,2020-08-10,2020-06-30,74831000.0,992995000.0,152811000.0,0.2,611907000.0,0.6162236466447465,33862638000.0,16984527000.0,1058905000.0,1893020000.0,16179989000.0,0.0,-3386525000.0,38024347546.53001,49890794546.53001,63.47699007895969,0.5593733822146623,0.36534723018330706,0.7284053892110154,0.00430863436524177,63.47699007895969,0.004405833615501922,38.292587119300705,127.0340752713782,2.2387639965793573,4.440793254132646,0.0,0.008739374149506625,0.02932420681460198,0.55357259828211,0.0022098396468698037,78.28611217913983,0.6162236466447465,-0.7777777777777777,-0.7197137400604087,0.1991890326184186,1.2404264805996394,0.19522657087774606,-0.665953913594686,0.5273615928195184,-0.42330417437707724,0.06342919380821357,1.060296353221816,REIT—Office,Real Estate,DLR
2020Q1,2020,Q1,2020-05-11,2020-03-31,224014000.0,823337000.0,100049000.0,0.9,511959000.0,0.621809781413929,33113300000.0,16460236000.0,774179000.0,2335419000.0,15936760000.0,0.0,-3139350000.0,30860707336.84,42865559336.84,74.09069914708334,0.33149469110253876,0.3699822125852754,0.7442986844174044,0.0032181000587552986,74.09069914708334,0.013609403899190752,37.48247356409344,34.440601186577624,1.8748642083163327,2.502531091806762,0.0,0.018165559002945496,0.02486423884058671,0.33149469110253876,0.006765076268448025,136.15418396205772,0.621809781413929,-0.39999999999999997,0.13855518335545294,0.23686588192630492,1.635187117735267,0.04972873001357375,-0.3338547180359458,-0.279875911410536,0.922765819601074,0.07226266316323596,1.345724911915642,REIT—Office,Real Estate,DLR
2019Q4,2019,Q4,2020-03-02,2019-12-31,336284000.0,787463000.0,138933000.0,1.5,487706000.0,0.6193383054187943,23068131000.0,9879312000.0,625252000.0,1480275000.0,12460031000.0,0.0,-3046579000.0,24998880747.7,35030422747.7,47.320071279144614,0.42238908310955736,0.4387593862719091,1.0245003903105803,0.006747050363699699,47.320071279144614,0.034039212447182554,31.74610203615916,18.584649245652486,2.5304272957165437,0.06157592986880137,0.0,0.0008283170838320484,0.03413640229457688,0.26705713465403386,0.014577860685809354,62.20592263650457,0.6193383054187943,5.25,7.45231041652948,0.24024136481335334,0.6538309981452826,-0.035538495917354355,4.057130396860009,-0.15679110501496052,1.6930048820780235,0.03947000987130451,0.47602350585916753,REIT—Office,Real Estate,DLR
2019Q3,2019,Q3,2019-11-08,2019-09-30,66497000.0,806466000.0,164767000.0,0.24,505677000.0,0.6270282938152384,23172765000.0,9437290000.0,1279429000.0,2797085000.0,12961910000.0,0.0,-3136668000.0,27055191020.7,37970737020.7,45.27983609366156,0.45741513039467874,0.47136092736451607,1.1574017541052568,0.007302392252776247,45.27983609366156,0.007046196524637899,33.54783837223144,101.71583312292285,2.86683899940555,3.782381160052333,0.0,0.0092964414779982,0.03480232074161197,0.11150966095059678,0.0028696187097223833,95.05323020847972,0.6270282938152384,0.6,-0.6616628111492994,0.27193818488322,0.510320142876826,0.0036420147585949562,0.10518880468022869,0.1060266358778831,-0.7854473012457781,0.04402074880310024,0.29376072565227335,REIT—Office,Real Estate,DLR
2019Q2,2019,Q2,2019-08-07,2019-06-30,60168000.0,800797000.0,148972000.0,0.15,503842000.0,0.6291756837250889,23430091000.0,9562225000.0,354474000.0,2402487000.0,12956371000.0,0.0,-2961307000.0,24383855527.489998,35192897527.49,45.90946167179956,0.14754460690109875,0.462762948722649,1.133896974814962,0.006558327220249068,45.90946167179956,0.006292259385237223,30.449484110817096,101.31571403191896,2.5500190099574103,4.185281212604707,0.0,0.010327324967788702,0.034178142970080656,0.14754460690109875,0.0025679797829210307,51.160809059549486,0.6291756837250889,-0.673913043478261,-0.35941711191482667,0.2814544345725846,0.5012765643157783,-0.029682911093778585,-0.48491593329452454,0.052485817030866945,-0.15803972228335497,0.09625592931028147,0.5713067457926035,REIT—Office,Real Estate,DLR
2019Q1,2019,Q1,2019-05-10,2019-03-31,116812000.0,814515000.0,141543000.0,0.46,519255000.0,0.63750207178505,23342067000.0,10088408000.0,451888000.0,1765546000.0,12359568000.0,0.0,-2767708000.0,24943360241.49,35099137241.490005,48.5464508597285,0.2559480183467324,0.4403918470459364,1.0189572031583178,0.006481728604419129,48.5464508597285,0.011578833845736611,30.62357383410987,53.38355700075763,2.4724773464247285,4.046861623805773,0.0,0.01895181705364978,0.034894724618860874,0.2559480183467324,0.005004355441186935,71.12449455799829,0.63750207178505,2.0666666666666673,0.5736960651467327,0.28984515695905066,0.6287097038926653,0.057466137989601596,1.2655986345739831,0.15218930865222594,0.33854584154398826,0.13936768381763975,0.6146049695162775,REIT—Office,Real Estate,DLR
2018Q4,2018,Q4,2019-02-25,2018-12-31,51559000.0,778267000.0,122847000.0,0.15,491037000.0,0.6309364267018902,23766695000.0,9858644000.0,434843000.0,3029485000.0,12908485000.0,0.0,-2633071000.0,21986074453.899998,32960853453.899998,47.777447511266296,0.14353693779635812,0.46710234637167686,1.1260655116464293,0.006593453225530863,47.777447511266296,0.005229826738849684,28.25004073653386,106.60638517960007,2.230131694977524,0.3922496557342074,0.0,0.0009198549764945676,0.03274611804459981,0.14072391842177795,0.0021693803029828084,62.55373626545273,0.6309364267018902,-0.5454545454545455,-0.4133070397954856,0.27174440344154355,0.6996732773878702,0.006054310546178716,-0.4114067833373289,-0.1166217236544062,3.275614247023786,0.09705008418423551,0.5454123889656107,REIT—Office,Real Estate,DLR
2018Q3,2018,Q3,2018-11-02,2018-09-30,87597000.0,768924000.0,139065000.0,0.33,488082000.0,0.6347597421851835,21462110000.0,10026254000.0,363019000.0,1649644000.0,10698648000.0,0.0,-2455189000.0,22940985933.6,32074614933.6,48.64316090990622,0.2200589945467022,0.42772453407423594,0.9155833275318978,0.007050690810234479,48.64316090990622,0.008736762503722727,29.8351799834574,65.47309249631836,2.2880914380984163,2.704807242257155,0.0,0.01032793449617967,0.035827045896232944,0.21516824236016982,0.004081471952198549,63.59053759580442,0.6347597421851835,0.03125000000000003,-0.637581003585527,0.26259166231732484,0.7146007099088099,-0.018561750849062864,0.024969870002223185,-0.034686454443225836,0.013138504731840877,0.16223693701890166,0.6536996691070881,REIT—Office,Real Estate,DLR
2018Q2,2018,Q2,2018-08-07,2018-06-30,85463000.0,754919000.0,144062000.0,0.32,497313000.0,0.6587633905094454,21411423000.0,10140378000.0,309319000.0,1498765000.0,10614495000.0,0.0,-2314291000.0,22980571037.9,32069066037.9,49.23565107994788,0.20638258833105924,0.42529092998629753,0.8980024216059795,0.0073092638283420355,49.23565107994788,0.008427989568041744,30.441108301552884,67.22374313416333,2.266244023437785,2.7712343353263984,0.0,0.010306010220955876,0.03525776871532546,0.20008206756896513,0.003991467545151016,52.6958872498842,0.6587633905094454,-0.23809523809523805,-0.08870744871239483,0.2949437246985902,0.7825294321479879,0.028643231671372282,-0.19848631209731118,0.0017314151015554921,-0.5841266741268203,0.18441422436744384,0.737777048531525,REIT—Office,Real Estate,DLR
2018Q1,2018,Q1,2018-05-08,2018-03-31,106627000.0,744368000.0,143813000.0,0.42,483465000.0,0.6494972916621886,21581917000.0,10253851000.0,380735000.0,1966378000.0,10645373000.0,0.0,-2177269000.0,21678159550.739998,30803501550.739998,49.84513633875873,0.19362248763971118,0.4238600305987647,0.8921245296035607,0.007192035061876513,49.84513633875873,0.01039872726841847,29.122906345705346,50.82708777031145,2.114148094285747,4.096401474298255,0.0,0.020148712300859968,0.0344903559771822,0.16868475949181694,0.004940571312548371,91.47288725574919,0.6494972916621886,0.6153846153846153,0.29241931863384923,0.27671650716897567,0.8838568884750762,0.02953170484479245,0.4480478033543831,0.22709431901568286,-0.4147326934767155,0.20764926858446178,0.7728441312302804,REIT—Office,Real Estate,DLR
2017Q4,2017,Q4,2018-03-01,2017-12-31,73635000.0,731445000.0,117198000.0,0.26,469597000.0,0.642012728229737,21404345000.0,10349081000.0,429066000.0,1735958000.0,10354895000.0,0.0,-2055552000.0,23400605677.100002,32049172677.100002,50.37306906348767,0.24716381387107292,0.40405898895761583,0.8356894684658474,0.006127142527417667,50.37306906348767,0.007115124521684582,31.992296997176826,79.44797201432743,2.261128855509006,0.2950227473348272,0.0,0.0009283520392491063,0.034172734554596275,0.159219289867612,0.0034401893634213054,68.47207546100412,0.642012728229737,2.55854491676719,-0.18666963988802587,0.26050957338336284,0.7984125129549999,0.21255790414121123,4.921592279855247,0.7715132185558595,2.43572504431974,0.17067317544218474,0.7605329163066088,REIT—Office,Real Estate,DLR
2017Q3,2017,Q3,2017-11-09,2017-09-30,12435000.0,609925000.0,66157000.0,0.07306357122961389,387278000.0,0.6349600360700086,21232498000.0,10469279000.0,601639000.0,1167531000.0,10059075000.0,0.0,-1915586000.0,20139086075.82,28430752075.82,61.51370421706481,0.5153088012224086,0.3995876509678701,0.8103942974487546,0.002908932356995395,61.51370421706481,0.0011877608763698054,33.01895491383367,404.8871346164053,1.9236363913713637,17.158665058303175,0.0,0.010594721090952601,0.02872601236086305,0.3863434889523276,0.0005856588329832882,124.13221282071511,0.6349600360700086,-0.795119186715046,-0.8390437950854212,0.2768840681656704,1.1573272411880366,0.06655246865980745,-0.841896479383606,-0.49365896966867445,-0.9225197462112885,0.17802345847589998,1.0518048331673486,REIT—Office,Real Estate,DLR
2017Q2,2017,Q2,2017-08-09,2017-06-30,78651000.0,565989000.0,130657000.0,0.356615,363112000.0,0.6415531043889545,12579571000.0,4996815000.0,358646000.0,1416614000.0,7548277000.0,0.0,-1722610000.0,18318625082.55,24733862082.55,30.809640554717625,0.25317129436812,0.5117519508415669,1.2883446755583308,0.011059822066489134,30.809640554717625,0.015740226524295978,32.36569099849997,58.227565709749406,3.6660602969191376,2.131174428805737,0.0,0.00915019545651769,0.044992710800710135,0.17777107948954338,0.006252279986336577,61.01205372444595,0.6415531043889545,-0.13020731707317065,0.017095662145174568,0.26124356137178106,0.2580888288274138,0.024839759420396207,-0.05850032320620556,-0.048265262268452756,0.07538537384765148,0.1631583446744107,0.007500189186546089,REIT—Office,Real Estate,DLR
2017Q1,2017,Q1,2017-05-10,2017-03-31,83538000.0,550569000.0,137283000.0,0.41,354311000.0,0.6435360508855384,12329548000.0,5031463000.0,276957000.0,1371908000.0,7259103000.0,0.0,-1629633000.0,16947610702.53,23133989702.53,31.585416845224614,0.2018772395816629,0.5029648288809938,1.232510106901313,0.011908573839400215,31.585416845224614,0.016603123187033275,30.78199227077805,50.718268041280616,3.3683266084894194,3.7407886231415644,0.0,0.018439059374508123,0.0446544350206512,0.15333098137776002,0.006775430859265887,77.36303535249651,0.6435360508855384,-0.16326530612244902,0.16907994645862623,0.3073126772822124,0.31898063667548654,-0.06863693477243693,-0.12134630554825138,-0.09157501885893517,0.4681652989956222,0.1373856057715267,0.05967530079499382,REIT—Office,Real Estate,DLR
2016Q4,2016,Q4,2017-03-01,2016-12-31,95075000.0,576787000.0,151122000.0,0.49,380422000.0,0.6595537000660556,12192585000.0,5096015000.0,282071000.0,1170880000.0,7060288000.0,0.0,-1547420000.0,15619076105.560001,21447155105.56,32.059158334067604,0.24090513118338344,0.47886539236757425,1.1457201362240887,0.013497047743615978,32.059158334067604,0.01865673472311208,27.079452389807678,41.07040785053905,3.064958816950107,0.18292926636865633,0.0,0.001113510164266943,0.04730637514522146,0.18316650724241595,0.007797772170544638,55.62131150688542,0.6595537000660556,-0.608,0.4012267374217173,0.4360802782058718,0.3609370585952056,0.0916577948295603,-0.5662399401427085,0.3055896328293736,0.404392122302122,0.2234954021279785,0.14049823827679678,REIT—Office,Real Estate,DLR
2016Q3,2016,Q3,2016-11-09,2016-09-30,219188000.0,546293000.0,115750000.0,1.25,348481000.0,0.6379012727602221,12299035000.0,5158721000.0,312142000.0,979914000.0,7102387000.0,0.0,-1483220000.0,14315279483.36,20303821483.36,34.998616974427705,0.3185401984255761,0.4898747747282612,1.167922630434947,0.010179632759217683,34.998616974427705,0.042488826203239134,26.204398524894152,16.32762683559319,2.77496679571545,0.6986285745570013,0.0,0.010697031809822406,0.04441754983216163,0.2495545527464655,0.01782156079724954,60.703748943525206,0.6379012727602221,5.578947368421053,3.1156655939177287,0.3632090064036379,0.399033879283835,0.06264617899169658,3.351126550868486,0.0307396391743397,0.26813138538016923,0.254385117938399,0.2336503711451747,REIT—Office,Real Estate,DLR
2016Q2,2016,Q2,2016-08-09,2016-06-30,50375000.0,514934000.0,112298000.0,0.19,327937000.0,0.6368524898336486,11292375000.0,4289820000.0,439709000.0,700237000.0,6966733000.0,0.0,-1541265000.0,16002376969.32,22104541969.32,29.217377061944557,0.6279431106896665,0.5433229059431696,1.4302245781874299,0.010315745225714192,29.217377061944557,0.011742916952226434,31.0765592664691,79.41626287503722,3.730314318390981,3.056436724565757,0.0,0.00962157061386504,0.04560015054406181,0.2843437293373529,0.00446097477280023,73.99327209443838,0.6368524898336486,-0.29629629629629634,-0.09983519859771979,0.26071868166619455,0.3584248844824196,0.016231844536239652,-0.18154641017725714,-0.04925666294151512,-0.2465206393212202,0.2390211576734349,0.05778705878213829,REIT—Office,Real Estate,DLR
2016Q1,2016,Q1,2016-05-06,2016-03-31,61549000.0,504199000.0,118116000.0,0.27,322699000.0,0.6400230861227412,11421975000.0,4406798000.0,376276000.0,1253495000.0,6976765000.0,0.0,-1440028000.0,12969586758.359999,19095182758.36,30.06707632906185,0.300181492546839,0.5390249934884291,1.3970983013062999,0.01081555380454919,30.06707632906185,0.013966830338036824,25.723150498830815,52.67992476872085,2.943086285861072,4.563827194592926,0.0,0.02165828451079498,0.04414289122502894,0.1688000351018552,0.00538864776012905,72.30996012711793,0.6400230861227412,3.458963957329663,0.02380096395423208,0.25436979798930137,0.41423520917872697,0.018858571762343478,4.85090408559094,1.8523545037430573,0.047103286245836595,0.2137829408023956,0.13636099766799448,REIT—Office,Real Estate,DLR
2015Q4,2015,Q4,2016-02-29,2015-12-31,-15983000.0,500443000.0,41410000.0,-0.10980234142724454,316726000.0,0.6328912583451063,11451267000.0,4500132000.0,432599000.0,1708947000.0,6914765000.0,0.0,-1350089000.0,11007365091.58,16884553091.58,30.915662286909143,0.2531377509074301,0.5182169798328866,1.3186815408970225,0.004068529121438354,30.915662286909143,-0.0035516735953523143,21.99524239839502,-172.17301338265656,2.446009381853688,-1.4939623349809172,0.0,0.0021692748265672857,0.04370197638392328,0.13719032831328298,-0.0013957407507832976,42.33194920326891,0.6328912583451063,-1.3921512193830161,-1.2850301652946061,0.3170047886795291,0.4402762912888652,0.14964899926678232,-1.2805117764751308,-0.6023240180543551,-1.2491710993242657,0.2172387454632013,0.10374680234380958,REIT—Office,Real Estate,DLR
2015Q3,2015,Q3,2015-11-06,2015-09-30,56978000.0,435989000.0,104130000.0,0.28,275498000.0,0.6318920890205946,9501013000.0,3995479000.0,366953000.0,1209404000.0,5465362000.0,0.0,-1185633000.0,8872579095.96,13598160095.96,29.41474913408612,0.3034163935293748,0.49979712689583733,1.188488038605634,0.011558168682709062,29.41474913408612,0.014260618063566346,20.350465484129185,38.92984615097055,2.220654668929557,2.39566148337955,0.0,0.015384478236114378,0.04588868576434955,0.1496538791007802,0.005997044736177079,48.20586721410874,0.6318920890205946,-0.6744186046511628,0.6007722059678099,0.18813810249757862,0.31965333421205816,0.02090744693466145,-0.5795322888916767,-0.027304232482975723,-0.07591839563313083,0.14364636934844818,0.03159516090517303,REIT—Office,Real Estate,DLR
2015Q2,2015,Q2,2015-08-06,2015-06-30,135511000.0,420295000.0,107053000.0,0.86,269856000.0,0.6420633126732415,9586009000.0,3847845000.0,367270000.0,1300686000.0,5695816000.0,0.0,-1108701000.0,9055814800.800001,13965488800.800001,28.33254767724865,0.28236638204762715,0.5183414703658217,1.291326963534134,0.011916301055581655,28.33254767724865,0.03521737492024757,21.54633007958696,16.706789118226567,2.353477024360389,1.0061692408734346,0.0,0.015056292890172063,0.0438446281450393,0.1429138162477339,0.014136331397143483,41.880667259248305,0.6420633126732415,0.14666666666666664,3.1874203358810345,0.26228823927821204,0.1671820902297808,0.042788745783146495,0.1275388366075069,-0.28305361711247135,1.092699166718775,0.11845854755425889,0.15693857776956818,REIT—Office,Real Estate,DLR
2015Q1,2015,Q1,2015-05-08,2015-03-31,120183000.0,406609000.0,149318000.0,0.75,258783000.0,0.6364418888908018,9408426000.0,3815457000.0,243925000.0,1354082000.0,5550565000.0,0.0,-1110298000.0,8951070469.0,13731652469.0,28.115915810471318,0.18014049370717578,0.5120846993960521,1.2627349751287984,0.017061823708033833,28.115915810471318,0.0314989790213859,22.0139506725134,18.619668482647295,2.3460021876802695,2.0912525065941105,0.0,0.028078541094099838,0.04321753713107804,0.11101543333417031,0.012773975158012615,64.43234670534545,0.6364418888908018,4.004357589325295,1.7722070781020745,0.2150595576863162,0.3885897328663916,-0.010677585099550418,4.551821970032805,25.2163477132663,0.9743153378011753,0.13333433593182928,0.17409717016340737,REIT—Office,Real Estate,DLR
2014Q4,2014,Q4,2015-03-02,2014-12-31,-33837000.0,412216000.0,-6166000.0,-0.2496373942518712,261576000.0,0.6345605216682516,9526784000.0,3878256000.0,309278000.0,1252657000.0,5612546000.0,0.0,-1096607000.0,8986606781.1,13618412781.1,28.61239832377826,0.2468975944731878,0.49052513419008975,1.2049557842494152,-0.0007468309116078496,28.61239832377826,-0.008724797950418951,21.800722876113493,-66.39630272408901,2.317177303690112,-0.5441971806011171,0.0,0.002049049262812637,0.04326916617402053,0.14150082584458476,-0.003551775709410437,49.02115295628979,0.6345605216682516,-1.312046742814839,-1.796099259868268,0.3931164188523497,0.4273336276302857,0.02391306900695589,-1.2648294969828362,-1.0748555334336911,-1.5848308902045374,0.2036063489845724,0.2146193237000239,REIT—Office,Real Estate,DLR
2014Q3,2014,Q3,2014-11-07,2014-09-30,127769000.0,412186000.0,82372000.0,0.8,255467000.0,0.619785727802497,9722007000.0,4062108000.0,190977000.0,1133337000.0,5618447000.0,0.0,-931777000.0,8452029510.84,13155230510.84,29.980290143925036,0.16850857247226553,0.4875257752848769,1.166815111759707,0.009274563101924272,29.980290143925036,0.0314538658253301,20.505377452994523,16.537715546885394,2.080700343476835,1.0442126024309497,0.0,0.015785321126587065,0.04239721283887164,0.15616802416227477,0.01314224521747413,53.730885684570545,0.619785727802497,1.5806451612903227,2.1968758032949514,0.4220639199681616,0.45346147075375703,0.006037001740609765,1.1175193490114188,-0.10903918747904341,1.6099027521760343,0.1189368355753277,0.1984314023824715,REIT—Office,Real Estate,DLR
2014Q2,2014,Q2,2014-08-07,2014-06-30,60339000.0,401446000.0,92453000.0,0.31,253934000.0,0.6325483377590012,9910231000.0,4091722000.0,282199000.0,1011424000.0,5775950000.0,0.0,-928626000.0,7803368915.04,12581677915.04,30.580282649468558,0.2790115718037144,0.49032509938466623,1.1875770152517693,0.010159709979959413,30.580282649468558,0.014746603019462222,19.43815336319206,32.33136493412221,1.9071112150434464,2.2160460067286496,0.0,0.01713541951634291,0.0405082384053409,0.23968286297339197,0.0060885563616024695,39.24189685365572,0.6325483377590012,0.19230769230769226,0.6850254700307717,0.47339045808950636,0.468700118910906,0.014093169066112897,0.31423157344485103,0.027175664115013275,0.18314588209643212,0.07851695127168665,0.4217914509393442,REIT—Office,Real Estate,DLR
2014Q1,2014,Q1,2014-05-12,2014-03-31,45912000.0,390590000.0,90007000.0,0.26,250405000.0,0.6410942420440872,9805394000.0,3831233000.0,319587000.0,1408755000.0,5929674000.0,0.0,-857779000.0,6822690614.599999,11759829614.599998,29.80669344801042,0.22685775738151773,0.5106761645681959,1.3069894208992248,0.009797902343071088,29.80669344801042,0.01198360945418877,17.467653075091526,37.15091160589824,1.7808080622086935,4.870469594005924,0.0,0.03277489961533453,0.03983419738156366,0.17865065252652165,0.004682320771607954,58.608641920437066,0.6410942420440872,-0.21212121212121213,0.3082745012852975,0.5221663684983384,0.4226962914997351,0.027774813452745465,-0.16070416613348446,-0.082076385701902,-0.12918094337238725,0.10803099401120138,0.40198783819326145,REIT—Office,Real Estate,DLR
2013Q4,2013,Q4,2014-03-03,2013-12-31,54703000.0,380931000.0,98055000.0,0.33,243638000.0,0.6395856467444235,9685745000.0,3610516000.0,278333000.0,1489864000.0,6039233000.0,0.0,-785222000.0,6309139562.4,11214223562.4,28.10978330181945,0.18681772295994803,0.5122881100008311,1.3742888828078867,0.011536467816391657,28.10978330181945,0.01515101996501331,16.562420917173977,28.83360858819443,1.7474343175324523,0.2143575306655942,0.0,0.0018585735636412874,0.039329034576070294,0.15972665961456883,0.0056477844502410505,31.185505226632394,0.6395856467444235,-0.6886792452830188,0.296589911932061,0.5060749536727372,0.40666424500776804,0.08264308567365802,-0.6367614443750913,0.151191049226904,0.10555051615047364,0.13609323570208318,0.3095580507754941,REIT—Office,Real Estate,DLR
2013Q3,2013,Q3,2013-11-12,2013-09-30,150598000.0,379456000.0,85177000.0,1.06,225040000.0,0.5930595378647326,9426041000.0,3643482000.0,300305000.0,1150802000.0,5745472000.0,0.0,-728012000.0,6819497276.400001,11544776276.400002,28.369964288941233,0.2609527963976427,0.5071479107718713,1.3120407895524118,0.010088238101821329,28.369964288941233,0.0413335375336011,17.971773476766742,11.320696948830662,1.8716978089640623,0.7585226895443499,0.0,0.016750794870953135,0.0402561372266469,0.21448780937120374,0.015976802986534856,38.188848685971564,0.5930595378647326,1.8648648648648651,3.572907403056787,0.4754029810938321,0.3172174001433034,-0.0524551785699248,1.5753813530337233,-0.148178890733444,3.4749419186509067,0.09370117846950983,0.2727804610780846,REIT—Office,Real Estate,DLR
2013Q2,2013,Q2,2013-08-08,2013-06-30,58476000.0,363502000.0,99994000.0,0.37,237498000.0,0.6533609168587793,9184859000.0,3547111000.0,223084000.0,1228094000.0,5601589000.0,0.0,-766704000.0,7705184700.0,12379172700.0,27.621227561229,0.18165059026426317,0.5115209716338596,1.324528045499563,0.012084741542651637,27.621227561229,0.01648552864570632,21.197090249847317,32.941654268417814,2.1722423403158233,1.9479102537793282,0.0,0.014783033040077546,0.039576219950681876,0.14991279169184119,0.006366564799742707,41.32219653985177,0.6533609168587793,0.08823529411764697,1.1693888043080727,0.5067884349041253,0.3301961320473215,0.03186423593611512,0.15312259667527756,0.01428194672671576,0.9109521080264303,0.15454603728115013,0.13787868591556163,REIT—Office,Real Estate,DLR
2013Q1,2013,Q1,2013-05-08,2013-03-31,50711000.0,358370000.0,98586000.0,0.34,230164000.0,0.6422524206825349,8971492000.0,3345627000.0,264010000.0,1160186000.0,5589544000.0,0.0,-713612000.0,8408611452.5,13048605452.5,26.459088608958414,0.22755833978344853,0.5218891127585021,1.399475793326632,0.012001290950038122,26.459088608958414,0.015157398000434598,23.463491510171053,41.453587251779695,2.513314082083866,4.022677525586165,0.0,0.024260129172617394,0.039945418220291566,0.18969458345472193,0.005652460036747511,94.43527647375927,0.6422524206825349,-0.055555555555555455,1.3623873658586145,0.6189473861119855,0.2664427244241753,0.02855099988828064,-0.07064838910676978,0.04171685792176504,0.25538371821974104,0.1493278091784169,0.3067622990149311,REIT—Office,Real Estate,DLR
2012Q4,2012,Q4,2013-02-28,2012-12-31,54566000.0,349736000.0,94638000.0,0.36,223775000.0,0.6398397648512021,8819214000.0,3468305000.0,268617000.0,1463590000.0,5320830000.0,0.0,-656104000.0,8406476330.7300005,12628760330.73,28.00974120265594,0.18353295663403002,0.48514130624339086,1.2336184389781175,0.012214091547841982,28.00974120265594,0.015732757067212947,24.036634291951646,38.515175799627976,2.423799617026184,0.1786826961844372,0.0,0.0011598200740016039,0.03965614169244561,0.15343572995169413,0.006187172689085444,3.7610277997533954,0.6398397648512021,-0.027027027027027053,4.13696182063,0.7450639112779832,0.7556218990218806,0.03020523538998407,-0.014911900635470826,-0.02510430079835179,0.40530797965038845,0.2938291435907396,0.39726999000107344,REIT—Office,Real Estate,DLR
2012Q3,2012,Q3,2012-11-08,2012-09-30,55392000.0,342479000.0,97075000.0,0.37,217214000.0,0.6342403475833555,8512598000.0,3479443000.0,523675000.0,616042000.0,4985042000.0,0.0,-610337000.0,8421043313.210001,12425001313.210001,28.51384947199263,0.8500637943516838,0.4792982118972375,1.1726224571001738,0.012683227265763118,28.51384947199263,0.015919789460554463,24.588495391571456,38.006586299510765,2.4202274080104202,1.8568204794916234,0.0,0.012213807265265528,0.040232018474266024,0.36059229727843234,0.0065070616514488295,-6.451631258502151,0.6342403475833555,-0.026315789473684233,4.367402004400658,0.6261292237854575,0.8790317886120916,0.007803945585806284,0.058432376657622194,0.09752512747458987,0.5388953082096936,0.3119630034864964,0.3823675952252743,REIT—Office,Real Estate,DLR
2012Q2,2012,Q2,2012-08-07,2012-06-30,52334000.0,303704000.0,88449000.0,0.38,215532000.0,0.7096778442167373,6717113000.0,2687964000.0,424357000.0,372974000.0,3978929000.0,0.0,-566273000.0,8239759546.19,11592194546.189999,24.48924102078974,1.1377656351381062,0.5062013993214048,1.2649767630816484,0.014210441847354384,24.48924102078974,0.019469754803263736,27.130889109758183,39.36140724094279,3.0654277907702627,1.8017732258187793,0.0,0.011443780546193343,0.04521347191866506,0.38712081807310966,0.007791144796879254,-54.203595343814754,0.7096778442167373,0.05555555555555561,2.7304270656422474,0.757090995897279,0.5872476847347332,0.06115897789375215,0.08933849548311894,0.029482285022580195,0.7815942122986008,0.3588068623529594,0.17616150287272747,REIT—Office,Real Estate,DLR
2012Q1,2012,Q1,2012-05-07,2012-03-31,48042000.0,283148000.0,85916000.0,0.36,203110000.0,0.7173280404594063,6418061000.0,2564703000.0,378572000.0,313968000.0,3785077000.0,0.0,-527816000.0,7922176348.32,11167781348.32,23.946838920119557,1.2057661927330174,0.5097876134240544,1.275721984182964,0.01450800219210022,23.946838920119557,0.018731993529075296,27.97892391371297,41.22526304233796,3.088925442174006,3.459556221639399,0.0,0.020979588523707342,0.04411737439080121,0.37384383121846815,0.007485438359030866,-33.721002789391015,0.7173280404594063,-0.15662026074022228,0.1477562164917612,0.6793073728922079,0.7383041984524799,0.14707344071204284,0.050879342024674076,0.05679036642517128,0.642969952710461,0.32431219187648885,0.1430009499114604,REIT—Office,Real Estate,DLR
2011Q4,2011,Q4,2012-02-28,2011-12-31,45716000.0,270612000.0,81299000.0,0.4268539819511989,177068000.0,0.6543242723899901,6098566000.0,2522917000.0,378026000.0,390588000.0,3518155000.0,0.0,-488692000.0,7140347399.52,10039926399.52,23.556679665376954,0.9678382336374901,0.4821149758812154,1.1654010020940047,0.015257698274536333,23.556679665376954,0.018120294880885894,26.385923017161105,39.04731056697874,2.8301951271167463,0.21274827193980225,0.0,0.00136211859953114,0.044373054255705355,0.3359319794770961,0.0074961884482352085,-51.4475023202127,0.6543242723899901,0.37694832887483515,2.75557072160059,0.6895227206284269,0.875554735754651,0.03629744946332213,0.25786924939467315,0.13504872532320666,0.2995189212020859,0.2831286725703103,0.17881872871793048,REIT—Office,Real Estate,DLR
2011Q3,2011,Q3,2011-11-07,2011-09-30,36344000.0,273476000.0,71626000.0,0.31,170866000.0,0.6247934005177785,5826412000.0,2516343000.0,361204000.0,289560000.0,3249532000.0,0.0,-452590000.0,5548447042.599999,8306755042.599999,25.016275511743494,1.247423677303495,0.48006217205374424,1.1115495780980573,0.013317406264977443,25.016275511743494,0.014443182030430669,20.288606834237736,38.16618315677966,2.204964522960503,2.137436715826546,0.0,0.014000854546067323,0.04693729176721454,0.4468124050283188,0.006237801240283042,-33.57445353689382,0.6247934005177785,-0.060606060606060656,-0.1175622078035576,0.341543792844651,0.8694822092269551,-0.07311833789904798,-0.009781216794267498,-0.06639728884254431,0.40901812062274095,0.35762273705083203,0.16150563515838376,REIT—Office,Real Estate,DLR
2011Q2,2011,Q2,2011-08-05,2011-06-30,36703000.0,267881000.0,76720000.0,0.33,184345000.0,0.6881600412123293,5658405000.0,2071152000.0,329890000.0,284284000.0,3524591000.0,0.0,-414668000.0,5949141241.3,8988818241.3,21.508275794783323,1.1604240829592942,0.5421275076633786,1.4810969933640794,0.014839316051329474,21.508275794783323,0.017721055721646697,22.20814929502279,40.52217285576111,2.8723827325565674,2.0513309538729803,0.0,0.012655608086310574,0.047342139701912464,0.3924666882413361,0.006486456872563912,-89.24872095322392,0.6881600412123293,0.0,1.496527519540055,0.4347060080945116,0.4878229274135839,0.03984634563207563,-0.02130553037171351,0.027522935779816515,0.8158782556120602,0.4808559420381225,0.03580571159650525,REIT—Office,Real Estate,DLR
2011Q1,2011,Q1,2011-05-09,2011-03-31,37502000.0,250741000.0,74665000.0,0.33,177281000.0,0.7070283679174926,5537345000.0,1943795000.0,327068000.0,265714000.0,3498272000.0,0.0,-379627000.0,5315644559.7,8326705559.7,21.260308139635676,1.2309023988197836,0.5517859190641002,1.5718884964721074,0.01477324098144251,21.260308139635676,0.019293186781527888,21.19974220291057,35.435740491840434,2.7346734402033133,3.3060636766039146,0.0,0.023324358618702922,0.04528180924251604,0.46425856371888574,0.006772559773682153,-73.86225019383885,0.7070283679174926,-0.1433702294085914,1.2176641244154718,0.23685744438259074,0.40985848387869717,0.08246018952715904,0.0647624996450981,0.02901047409040794,1.4161567152878587,0.5665641204605257,0.017607331846703433,REIT—Office,Real Estate,DLR
2010Q4,2010,Q4,2011-02-25,2010-12-31,35221000.0,238672000.0,72560000.0,0.38523059941305954,163776000.0,0.6861969564925924,5329483000.0,1962518000.0,272123000.0,288841000.0,3274820000.0,0.0,-348148000.0,4712217416.7,7507452416.7,21.465091436896135,0.9421204053441167,0.5266841080082252,1.430281913337865,0.01510605279390543,21.465091436896135,0.01794684176145136,19.743486528373666,33.44749876991,2.401107870959655,0.216007495528236,0.0,0.0016145265227019041,0.04478333076585477,0.2840870928988613,0.006608708574546537,-29.049208869093487,0.6861969564925924,2.5020963583005416,1.3022800332129576,0.14058988163180894,0.5274626533495235,0.09695914266577361,0.5289546796318806,0.2013046141620172,3.4906910912751035,0.6128714370483567,0.3454099528612772,REIT—Office,Real Estate,DLR
2010Q3,2010,Q3,2010-11-09,2010-09-30,23036000.0,237486000.0,60401000.0,0.11,149300000.0,0.6286686373091467,5170899000.0,1959469000.0,328258000.0,221209000.0,3122030000.0,0.0,-324716000.0,5423982400.1,8079088400.1,22.28975471929463,1.4839269649969034,0.526329947655137,1.388947209677724,0.012718604513528225,22.28975471929463,0.011756246207518466,22.83916694078809,58.86419517385831,2.7680878850851944,2.5678937315506163,0.0,0.010906008839355635,0.04592741030138086,0.6771966782545014,0.004454931337858272,-7.004914562882356,0.6286686373091467,0.0,0.5222065332631882,0.22783246870738233,0.45902154903004316,0.14572941447317933,0.20029178824510213,0.11543859649122808,2.0984530072533314,0.565236211989455,0.4688706875253798,REIT—Office,Real Estate,DLR
2010Q2,2010,Q2,2010-08-05,2010-06-30,19192000.0,197464000.0,54150000.0,0.11,130310000.0,0.6599177571607989,4501032000.0,1955110000.0,559791000.0,196491000.0,2469143000.0,0.0,-287331000.0,4645681536.72,6439396536.72,24.274316676390125,2.8489396460906606,0.4746329286261462,1.092694528696595,0.012889089902629639,24.274316676390125,0.009816327470065623,23.526726576591177,60.515859951021255,2.3761739936474164,2.841965402250938,0.0,0.01174058091775897,0.04387082784570294,2.009237064293021,0.004263911031958893,-141.93087916167664,0.6599177571607989,-0.38888888888888884,0.17747792232230167,0.057490852734371926,0.9542742131787257,0.035718827494118394,-0.22753069027973435,-0.0189328743545611,0.864312867012949,0.5568816867973636,0.5733175605731956,REIT—Office,Real Estate,DLR
2010Q1,2010,Q1,2010-05-06,2010-03-31,24845000.0,191779000.0,55195000.0,0.18,125816000.0,0.6560468038732082,4147586000.0,1574687000.0,260532000.0,165615000.0,2499081000.0,0.0,-254639000.0,4215171452.2000003,6332571452.200001,20.247820608923224,1.5731183769586088,0.5227640849400109,1.3769142693119332,0.014345166713894025,20.247820608923224,0.01577773868711687,21.979317089983784,42.41468557254981,2.6768313018396674,3.5116924934594484,0.0,0.020698564931318074,0.04623870367003843,0.6333906952872627,0.005990231426183809,-10.954443976600285,0.6560468038732082,-0.4259759552220445,1.4984855068697478,0.3324913639584318,0.6088497832285225,0.09083657739359627,0.018780497806208225,0.10204855842185129,-0.1825889486481956,0.5663567223867358,0.4697919709324275,REIT—Office,Real Estate,DLR
2009Q4,2009,Q4,2010-02-26,2009-12-31,24387000.0,169774000.0,50084000.0,0.3135757145323551,115339000.0,0.6793678655153321,3745059000.0,1558995000.0,263956000.0,188233000.0,2110258000.0,0.0,-231871000.0,3910310343.48,5622434343.48,20.046047938547954,1.4022833403282102,0.4764795427788988,1.1446117530845192,0.014993636996474801,20.046047938547954,0.015642769861352986,23.032445153439276,40.086012460327225,2.508225070304908,0.4141960880797146,0.0,0.0025831709283234447,0.045332797160204955,0.6290395414194111,0.006511779921224205,-37.18085331824665,0.6793678655153321,0.9598482158272194,2.253442704555316,0.2916132601121136,1.479300727521621,0.06152557660095349,0.08352956857866442,0.09698615735062205,1.7589194954197143,0.4596915561280069,0.5960424252645513,REIT—Office,Real Estate,DLR
2009Q3,2009,Q3,2009-11-09,2009-09-30,22507000.0,163227000.0,45656000.0,0.16,108654000.0,0.6656619309305446,3532418000.0,1573859000.0,221014000.0,153072000.0,1878259000.0,0.0,-211596000.0,3487745084.67,5045863084.67,20.626821382734985,1.4438564858367304,0.45274087041794037,1.0161456648912006,0.014190969466610255,20.626821382734985,0.014300518661455696,21.367451982025035,38.74067050995246,2.2160467263395263,1.7628293419824943,0.0,0.011375831385840522,0.04620829131773194,0.5654593916588272,0.006371556254101299,-167.72036954412118,0.6656619309305446,0.23076923076923075,0.7563217869027392,0.4579397169030982,0.8305419596593038,0.049219270546655466,0.10480070685254271,0.06558371843345936,-0.2795851436881263,0.05558037530754926,0.54145550522991,REIT—Office,Real Estate,DLR
2009Q2,2009,Q2,2009-08-06,2009-06-30,20372000.0,155007000.0,42846000.0,0.13,103557000.0,0.6680795060868219,3444708000.0,1584948000.0,232334000.0,127279000.0,1773344000.0,0.0,-196500000.0,2728951473.0,4179141473.0,20.821325099466144,1.825391462849331,0.4411131509550302,0.9587103173100947,0.013613974043698135,20.821325099466144,0.012853418534866759,17.60534345545685,33.48899804879247,1.7217924329378629,1.8243176909483605,0.0,0.01361878375914968,0.04499858914021159,0.8604011659425357,0.005913999096585255,-103.86904704449435,0.6680795060868219,-0.07142857142857148,3.9868884593076404,0.0999965332400058,1.2302309994661649,0.06375963020030817,-0.001176701313983134,0.09292656174272378,0.752944573728191,0.05020006158290518,0.44030349795083285,REIT—Office,Real Estate,DLR
2009Q1,2009,Q1,2009-05-08,2009-03-31,20396000.0,149134000.0,39203000.0,0.14,97350000.0,0.6527686510118417,3351613000.0,1565107000.0,227772000.0,139606000.0,1705537000.0,0.0,-181645000.0,2478670590.9,3839422590.9,20.950847785362328,1.631534461269573,0.42955078644222944,0.9198655427392504,0.012783765616549665,20.950847785362328,0.013031696874399003,16.62042586465863,30.381822304618552,1.583706795062574,3.1009021376740535,0.0,0.02551609731127504,0.04449618735814666,0.8370628769537126,0.0060854281207287355,-25.474779708938428,0.6527686510118417,-0.5737824720841144,0.5777237653887056,1.1271590178585102,0.0,-0.0023365922646498187,-0.16879941315510635,-0.03111561465078345,0.4761307193888704,-0.09965401160359942,0.3893368948673413,REIT—Office,Real Estate,DLR
2008Q4,2008,Q4,2009-03-02,2008-12-31,24538000.0,147106000.0,40462000.0,0.3284707709806555,97578000.0,0.6633176077114462,3279669000.0,1492827000.0,212399000.0,197268000.0,1716568000.0,0.0,-161441000.0,2454018351.75,3776357351.75,19.983292673842165,1.0767027596974674,0.4255530055014698,0.9349194514836615,0.014007962610351393,19.983292673842165,0.016437269690325804,16.68197321489266,25.002224628637215,1.6438732363160635,0.41209552530768606,0.0,0.004120588581902401,0.044853916660492266,0.5699961473731168,0.007481852589392405,-39.848310466192515,0.6633176077114462,1.9860979180059595,0.6905340760713099,1.1543586330206488,1.7013393182664756,0.04313524261569546,0.34935386307396205,0.2066682571871645,0.9630623804937358,-0.1396069325287296,0.4220173876259433,REIT—Office,Real Estate,DLR
2008Q3,2008,Q3,2008-11-10,2008-09-30,18185000.0,142016000.0,33532000.0,0.11,93543000.0,0.6586793037404236,3158885000.0,1527375000.0,184696000.0,151851000.0,1548110000.0,0.0,-151727000.0,3350781897.75,4636490897.75,21.53779952030302,1.2162975548399417,0.4203024168337879,0.8692606596284475,0.011744753704122713,21.53779952030302,0.011906047958098045,23.59439709434148,46.06518968586747,2.193817430395286,1.8895243332416827,0.0,0.010254621472997959,0.0449576353681758,0.6307959776359721,0.005756778103666325,-32.2435494053175,0.6586793037404236,1.2,0.4031741395383247,1.8669922440166125,0.0,0.1862208019478049,0.31489515545914676,0.19207934871484944,0.4895962730385352,-0.08982031675657329,0.4098007813253077,REIT—Office,Real Estate,DLR
2008Q2,2008,Q2,2008-08-08,2008-06-30,13830000.0,123776000.0,28129000.0,0.05,78858000.0,0.6371025077559462,3070850000.0,1368173000.0,148778000.0,147132000.0,1623801000.0,0.0,-137319000.0,2695523981.02,4036931981.02,20.76477813742912,1.0111872332327434,0.4432557760880538,0.9948829570529458,0.010306135721207836,20.76477813742912,0.01010837079813737,21.777436506430973,48.726030025668834,1.9701631160825421,2.353289949385394,0.0,0.012074090317565801,0.040306755458586384,0.45695701818774975,0.004503639057589918,-16.388654695364036,0.6371025077559462,0.25000000000000006,3.3426124660065826,0.014774117442642044,1.2241740944873438,0.0,0.2450486136118113,0.11530074144562072,0.03720638428115019,-0.1897191103917526,0.6717286421423513,REIT—Office,Real Estate,DLR
2008Q1,2008,Q1,2008-05-09,2008-03-31,11108000.0,114547000.0,25221000.0,0.04,0.0,0.0,2895036000.0,1367026000.0,0.0,337000000.0,1444294000.0,0.0,-120535000.0,2322821303.0,3487515303.0,20.89244787677927,0.0,0.4112871135281219,0.8710083056211074,,20.89244787677927,0.008125668421814947,20.27832508053463,52.27811719031329,1.6991785840210791,4.773226503420958,0.0,0.022826120946764884,0.03956669278033158,0.4801780415430267,0.0038369125634361715,-23.981223446211025,0.0,-0.5337139782647425,-0.01898235211349307,0.8653571457837085,0.0,0.0,0.9789773739533226,0.20340681362725452,0.3277069082158293,-0.05403387829333049,0.6600705274352514,REIT—Office,Real Estate,DLR
2007Q4,2007,Q4,2008-02-29,2007-12-31,5613000.0,105903000.0,20958000.0,0.08578425716289377,0.0,0.0,2809464000.0,1043916000.0,0.0,398000000.0,1687637000.0,0.0,-103090000.0,2510609954.8199997,3855516954.8199997,15.954312952157387,0.0,0.48683236375337074,1.3101992880653233,,15.954312952157387,0.005376869403285322,23.70669343474689,111.82121658738642,2.4049923124274364,5.377338321753073,0.0,0.01202217809343626,0.03769509059379298,0.3717386934673367,0.0019978899889801045,-15.976085949678009,0.0,0.014328309084862085,-0.5584958457905622,0.7707239548710976,1.1567022801004911,0.0,0.09308666017526777,-0.02179696616102684,1.3429017182242016,-0.04236924081625004,0.9732338179899943,REIT—Office,Real Estate,DLR
2007Q3,2007,Q3,2007-11-09,2007-09-30,5135000.0,104794000.0,21425000.0,0.08457247657840611,0.0,0.0,2576119000.0,921368000.0,0.0,320000000.0,1580786000.0,0.0,-83069000.0,2487581758.41,3516372758.41,15.174756299920716,0.0,0.4147254067067554,1.1595605664620434,,15.174756299920716,0.00557323458162211,23.737826196251692,121.10914111051606,2.69987861355072,4.795715676728335,0.0,0.00989957412123022,0.04067902142719339,0.4575375,0.0019933085389300725,-17.693999946012845,0.0,1.1143119144601528,-0.5372231103780788,1.4709195628014935,0.0,0.0,-0.33810260376385665,-0.04950978217470387,-0.49644253302526875,0.176267508087537,0.34669455943706073,REIT—Office,Real Estate,DLR
2007Q2,2007,Q2,2007-08-09,2007-06-30,7758000.0,95583000.0,22541000.0,0.04,0.0,0.0,2393476000.0,936490000.0,0.0,285000000.0,1384223000.0,0.0,-65464000.0,2287090843.2,3297076843.2,15.428745781968159,0.0,0.4420349316224604,1.1297504511527086,,15.428745781968159,0.008284124763745475,23.92779932833244,73.70104547563805,2.4421946237546583,2.9497293116782677,0.0,0.010005724113687449,0.03993480611462158,0.45618947368421053,0.0032413109636361508,-58.412699678193796,0.0,-0.8750000000000001,2.4264916853341068,-0.14934238384864762,0.6526165823476088,0.0,-0.6487367563162184,0.026223537445936716,2.4264916853341068,-0.14934238384864762,0.6526165823476088,REIT—Office,Real Estate,DLR
2007Q1,2007,Q1,2007-05-10,2007-03-31,22086000.0,88967000.0,21965000.0,0.32,0.0,0.0,2333791000.0,778497000.0,0.0,283000000.0,1481575000.0,0.0,-50679000.0,2254796880.0,3265548880.0,13.77597715143193,0.0,0.4532329587353795,1.3587091536640474,,13.77597715143193,0.02837005152235654,25.34419368979509,25.522920402064656,2.8963462672303164,0.8778411663497238,0.0,0.008598557223478152,0.03812123707735611,0.42512720848056534,0.009463572359307238,-12.29147249296788,0.0,1.8154420052934765,1.258452363807745,0.6774907720189374,0.0,0.0,2.4385801027557217,0.014174900729522578,1.258452363807745,0.6774907720189374,0.0,REIT—Office,Real Estate,DLR
