Year,Date,FillingDate,NetIncome,Revenue,OperatingIncome,EPSDiluted,GrossProfit,GrossProfitRatio,TotalAssets,CommonStockEquity,CurrentAssets,CurrentLiability,TotalLiability,Inventory,RetainedEarnings,EnterpriseValue,bookValuePerShare,currentRatio,debtToAssets,debtToEquity,roic,shareholdersEquityPerShare,roe,priceToSalesRatio,peRatio,pbRatio,payoutRatio,inventoryTurnover,dividendYield,assetTurnover,quickRatio,returnOnAssets,priceToFreeCashFlowsRatio,grossProfitMargin,epsdilutedGrowth,fiveYNetIncomeGrowthPerShare,fiveYRevenueGrowthPerShare,fiveYShareholdersEquityGrowthPerShare,grossProfitGrowth,netIncomeGrowth,operatingIncomeGrowth,threeYNetIncomeGrowthPerShare,threeYRevenueGrowthPerShare,threeYShareholdersEquityGrowthPerShare,Industry,Sector,Price,MarketCap,AvgVolume,Symbol
2022,2022-12-31,2023-02-27,377872000.0,4691834000.0,589969000.0,1.11,2690387000.0,0.5734190511,41484998000.0,17583334000.0,1111065000.0,4383051000.0,21862853000.0,0.0,-4698313000.0,46636784180.0,61.40847401985094,0.25349123247710326,0.435527247705303,1.0275552406614126,0.0146751907847537,61.40847401985094,0.021490349896100477,6.119293687713589,75.97998840877334,1.6328365360061976,3.8389639878053945,0.0,0.05052598806874933,0.11309712489319633,0.25349123247710326,0.009108642116844262,17.30198734714244,0.5734190510576461,-0.813131313131313,-0.07473904142227439,0.16037405044766329,0.032818400309380824,0.008773567785081898,-0.7789264236724803,-0.14991160057002142,-0.5257952490371639,0.0636787721122562,0.29492528319376543,REIT—Office,Real Estate,115.29,33589396552,2993052,DLR
2021,2021-12-31,2022-02-25,1709259000.0,4427883000.0,694009000.0,5.94,2666988000.0,0.6023167279,36369560000.0,18004568000.0,814419000.0,2280524000.0,17845778000.0,0.0,-3631929000.0,64779052250.0,63.73862465704929,0.3571192410165383,0.4113439095771299,0.8309222970526147,0.019324456941157846,63.73862465704929,0.09493474100572699,11.283349910103768,29.229831903766485,2.7749265214250074,0.8068981938957174,0.0,0.02760529710031423,0.12174694992185774,0.3571192410165383,0.04699696669412553,29.350564818578945,0.6023167278810212,4.94,1.12904448490572,0.09726252031337532,0.875551814146551,0.10997407967876781,3.795873760528841,0.2447922084910229,2.763735344350595,0.060131979010054855,0.3320709761478365,REIT—Office,Real Estate,115.29,33589396552,2993052,DLR
2020,2020-12-31,2021-03-01,356402000.0,3903609000.0,557530000.0,1.0,2402748000.0,0.6155196384,36076291000.0,17717697000.0,711612000.0,2843871000.0,17587944000.0,0.0,-3997938000.0,50951339490.0,68.11905082295587,0.25022653981140497,0.40950520661893985,0.8338233236520525,0.014858805076339434,68.11905082295587,0.0201155940300819,9.29560606351712,101.813153377366,2.0480320602615567,3.47730371883435,0.0,0.03415377683024782,0.1082042774297391,0.25022653981140497,0.009879119779802197,21.263134896846896,0.6155196383654203,-0.574468085106383,-0.36150481767888026,0.17665778769816431,1.0926709925988791,0.18416220238828626,-0.3852604780245653,-0.061736913406763544,-0.03928649549997648,0.06281070074883445,0.14568241964155987,REIT—Office,Real Estate,115.29,33589396552,2993052,DLR
2019,2019-12-31,2020-03-02,579761000.0,3209241000.0,594215000.0,2.35,2029070000.0,0.6322585309,23068131000.0,9879312000.0,625252000.0,1479186000.0,12418566000.0,0.0,-3046579000.0,35671104046.020004,47.422407158809115,0.4227000525964956,0.4688714053167116,1.0948117642200186,0.027236338947168846,47.422407158809115,0.05868434967941087,7.772845369363036,43.026236752765364,2.524966722988402,1.7192705269930195,0.0,0.03995865445709749,0.1391201133719936,0.26725374631723126,0.025132551917621763,16.47817011304537,0.632258530911203,0.9421487603305786,0.8439102002060669,0.2640412399377354,0.6218406853855565,0.03529420168508855,0.7502430218025274,0.08080947712477742,-0.02081947086568406,0.07833487534587884,0.3954361622401902,REIT—Office,Real Estate,115.29,33589396552,2993052,DLR
2018,2018-12-31,2019-02-25,331246000.0,3046478000.0,549787000.0,1.21,1959897000.0,0.6433320706730854,23766695000.0,9858644000.0,434843000.0,3029485000.0,12908485000.0,0.0,-2633071000.0,32927851722.399998,47.849270645752306,0.14353693779635812,0.46710234637167686,1.1260655116464293,0.0260708651411262,47.849270645752306,0.03359954979609772,7.206049977186771,66.2742273790476,2.2267842030202125,2.809941855901656,0.0,0.04239871164141268,0.12818265223666983,0.14072391842177795,0.013937402739421699,15.846886881624803,0.6433320706730854,0.2222222222222222,-0.345944054663657,0.27626918644808873,0.6955720311142404,0.2449339324575144,0.33427589734913943,0.2182430560941291,-0.250856604171872,0.15925433767048897,0.46996735109577453,REIT—Office,Real Estate,115.29,33589396552,2993052,DLR
2017,2017-12-31,2018-03-01,248259000.0,2457928000.0,451295000.0,0.99,1574298000.0,0.6404980129605098,21404345000.0,10349081000.0,429066000.0,1735958000.0,10354895000.0,0.0,-2055552000.0,28473931065.4,59.45718434281964,0.24716381387107292,0.40405898895761583,0.8356894684658474,0.02304474973844753,59.45718434281964,0.023988506805580127,8.06588478808167,79.85758447991816,1.9156642087737068,2.8808985776950684,0.0,0.03607545352714155,0.11483313317926803,0.159219289867612,0.011598532914695592,19.373856343318952,0.6404980129605098,-0.55,-0.2155792424724945,0.2771132761739583,0.9830700750810899,0.14117687140414298,-0.41748809794761454,-0.09248400316920243,-0.05497906381932491,0.1587072577825344,1.0334286339098515,REIT—Office,Real Estate,115.29,33589396552,2993052,DLR
2016,2016-12-31,2017-03-01,426187000.0,2142213000.0,497286000.0,2.2,1379539000.0,0.643978446587711,12192585000.0,5096015000.0,282071000.0,1170880000.0,7060288000.0,0.0,-1547420000.0,20562525828.120003,33.983931649498494,0.24090513118338344,0.47886539236757425,1.1457201362240887,0.044410158004550414,33.983931649498494,0.08363142573167465,6.878142756168504,34.57272706140732,2.8913664555775447,1.4204797424604692,0.0,0.04108671381165403,0.17569801645836383,0.18316650724241595,0.03495460560660434,16.15155166840228,0.643978446587711,0.4102564102564103,0.7897823732265995,0.32284703373882495,0.3255297490735002,0.2307828878283965,0.4364772539595334,0.2373037811853868,0.1562433270406961,0.23308119372595335,0.20424414488547565,REIT—Office,Real Estate,115.29,33589396552,2993052,DLR
2015,2015-12-31,2016-02-29,296689000.0,1763336000.0,401911000.0,1.56,1120863000.0,0.635649133233825,11451267000.0,4500132000.0,432599000.0,1708947000.0,6914765000.0,0.0,-1350089000.0,16331471965.720001,32.55124721653408,0.2531377509074301,0.5182169798328866,1.3186815408970225,0.037711341174480294,32.55124721653408,0.06592895497287635,5.928696496708512,35.23650679910614,2.32310607015972,1.8472474544051178,0.0,0.05242425036445378,0.15398610476901814,0.13719032831328298,0.025908836113942676,13.080412152816706,0.635649133233825,0.56,0.7680518283156103,0.24211380739558647,0.3978330744963987,0.0973984268373635,0.48208888866686983,0.5537836437722777,0.18028081625806472,0.15354665577096907,0.08567879517273042,REIT—Office,Real Estate,115.29,33589396552,2993052,DLR
2014,2014-12-31,2015-03-02,200183000.0,1616438000.0,258666000.0,1.0,1021382000.0,0.6318720544802832,9526784000.0,3878256000.0,309278000.0,1252657000.0,5612546000.0,0.0,-1096607000.0,13425565772.199999,29.23986775404854,0.2468975944731878,0.49052513419008975,1.2049557842494152,0.029489087276206926,29.23986775404854,0.05161675763539075,5.440208515390011,43.928604188167824,2.2674521156416696,2.5434677270297676,0.0,0.05790003516011672,0.16967299772934916,0.14150082584458476,0.021012652328424787,13.4074106740785,0.6318720544802832,-0.5283018867924528,0.3076293008831184,0.4527525351092311,0.42449384037219845,0.09082384603883205,-0.3634637887614154,-0.3225304600169717,-0.04956323195379043,0.12850122777535888,0.1404894220806924,REIT—Office,Real Estate,115.29,33589396552,2993052,DLR
2013,2013-12-31,2014-03-03,314488000.0,1482259000.0,381812000.0,2.12,936340000.0,0.6316979691133601,9685745000.0,3610516000.0,278333000.0,1489864000.0,6039233000.0,0.0,-785222000.0,11189552502.08,28.220134425258415,0.18681772295994803,0.5122881100008311,1.3742888828078867,0.04436078821122315,28.220134425258415,0.0871033392456923,4.239791090544904,19.98317424537661,1.7406012055008204,1.4113670473913154,0.0,0.07062777064649052,0.15303510468219017,0.15972665961456883,0.03246915957419899,9.574290440256554,0.6316979691133601,0.4324324324324325,1.500510112350544,0.5118540409325117,0.301136144464163,0.13109130004107172,0.49518385044738367,0.042979911385005384,1.0250933580052708,0.1282304974478891,0.2118441116543118,REIT—Office,Real Estate,115.29,33589396552,2993052,DLR
2012,2012-12-31,2013-02-28,210334000.0,1279067000.0,366078000.0,1.48,827820000.0,0.6472061275914397,8819214000.0,3468305000.0,268617000.0,1463590000.0,5320830000.0,0.0,-656104000.0,12075667629.18,29.98239199408441,0.18353295663403002,0.48514130624339086,1.2336184389781175,0.04668299748226368,29.98239199408441,0.060644608821888504,6.139931394665018,37.33768020947636,2.2643290106204614,1.7738501621230995,0.0,0.04750831203682798,0.14503185884819214,0.15343572995169413,0.02384951765542825,14.46433844342368,0.6472061275914397,0.12121212121212115,1.711263080885373,0.6932743949556993,0.7384185884888663,0.2135863262999412,0.34600838319521326,0.20297722716966252,0.5753497778321036,0.31806233448297055,0.46066777984262214,REIT—Office,Real Estate,115.29,33589396552,2993052,DLR
2011,2011-12-31,2012-02-28,156265000.0,1062710000.0,304310000.0,1.32,682127000.0,0.6418750176435716,6098566000.0,2522917000.0,378026000.0,390588000.0,3518155000.0,0.0,-488692000.0,9460265351.25,25.637999956811303,0.9678382336374901,0.4821149758812154,1.1654010020940047,0.05571696471595325,25.637999956811303,0.06193822468198518,6.173543442002051,41.984362149233675,2.6004368559290696,1.8345950788724283,0.0,0.043697104944725576,0.174255718475458,0.3359319794770961,0.025623236675638175,-14.82064903867875,0.6418750176435716,0.9411764705882353,0.8278971876174304,0.38428050809666675,0.3052482946543074,0.19839178358473794,0.5276067022503763,0.25589131098693385,0.615390884865448,0.4092625511382688,0.18208254832834192,REIT—Office,Real Estate,115.29,33589396552,2993052,DLR
2010,2010-12-31,2011-02-25,102294000.0,865401000.0,242306000.0,0.68,569202000.0,0.6577320802726135,5329483000.0,1962518000.0,272123000.0,288841000.0,3274820000.0,0.0,-348148000.0,7138794166.92,23.286934477681758,0.9421204053441167,0.5266841080082252,1.430281913337865,0.04992682843628762,23.286934477681758,0.05212385313153815,5.019128897378209,42.461524301718576,2.2132582564440173,2.0387608266369486,0.0,0.048014310841743194,0.16237991565035484,0.2840870928988613,0.019193981855275644,-3.2078301205643225,0.6577320802726135,0.11475409836065584,0.8082523055459188,0.17958677705470025,0.4452042758903799,0.3396140268298423,0.1669138281125231,0.3628852178706219,0.8099309935084724,0.5725378817737297,0.3502071406748171,REIT—Office,Real Estate,115.29,33589396552,2993052,DLR
2009,2009-12-31,2010-02-26,87662000.0,637142000.0,177789000.0,0.61,424900000.0,0.6668843052255228,3745059000.0,1558995000.0,263956000.0,188233000.0,2110258000.0,0.0,-231871000.0,5530908603.6,20.52649644761441,1.4022833403282102,0.4764795427788988,1.1446117530845192,0.052577298212275324,20.52649644761441,0.05622981472038076,5.9936161854029395,43.56259957107983,2.449516902619957,1.713262302936278,0.0,0.03932874345895721,0.17012869490173585,0.6290395414194111,0.023407374890489042,-15.303480460212313,0.6668843052255228,0.48780487804878053,4.065618135211376,0.5662522862130388,1.3702788639212016,0.23217278838179087,0.2956060359734559,0.3961317376554844,0.32858807472925694,0.07531201303677547,0.045018118753778695,REIT—Office,Real Estate,115.29,33589396552,2993052,DLR
2008,2008-12-31,2009-03-02,67661000.0,527445000.0,127344000.0,0.41,344838000.0,0.6537894946392515,3279669000.0,1492827000.0,212399000.0,197268000.0,1716568000.0,0.0,-161441000.0,3721959420.9500003,21.68884059160473,1.0767027596974674,0.4678069646662514,1.0277493641259168,0.04206827770269623,21.68884059160473,0.0453240730506616,4.286781410289225,33.41720372075494,1.5146037825883376,1.9219343491819512,0.0,0.05751332054118776,0.16082263179607453,0.5699961473731168,0.020630435571394552,-5.29716385753444,0.6537894946392515,0.20588235294117632,0.18138035735854757,1.4293342387778358,1.9318950992699924,0.0,0.6668555380370517,0.46559403376722025,0.4644530791825096,-0.11972601836714947,0.34602539428849743,REIT—Office,Real Estate,115.29,33589396552,2993052,DLR
TTM,,,,,,,,,,,,,,,,52777495552.0,59.104969112592244,0.27072246841553926,0.4605027932641303,1.1224119810672366,0.014894960741384786,59.104969112592244,0.021449200485530267,6.850458983287149,90.7447188032109,1.9505974155976273,4.010113786859105,0.0,0.042328042328042326,0.11687424147382976,0.27072246841553926,0.00881914047382661,19.399811688495454,0.5653934862977141,,,,,,,,,,,REIT—Office,Real Estate,115.29,33589396552,2993052,DLR
