Quarters,Year,Quarter,FillingDate,Date,NetIncome,Revenue,OperatingIncome,EPSDiluted,GrossProfit,GrossProfitRatio,TotalAssets,CommonStockEquity,CurrentAssets,CurrentLiability,TotalLiability,Inventory,RetainedEarnings,MarketCap,EnterpriseValue,bookValuePerShare,currentRatio,debtToAssets,debtToEquity,roic,shareholdersEquityPerShare,roe,priceToSalesRatio,peRatio,pbRatio,payoutRatio,inventoryTurnover,dividendYield,assetTurnover,quickRatio,returnOnAssets,priceToFreeCashFlowsRatio,grossProfitMargin,epsdilutedGrowth,fiveYNetIncomeGrowthPerShare,fiveYRevenueGrowthPerShare,fiveYShareholdersEquityGrowthPerShare,grossProfitGrowth,netIncomeGrowth,operatingIncomeGrowth,threeYNetIncomeGrowthPerShare,threeYRevenueGrowthPerShare,threeYShareholdersEquityGrowthPerShare,Industry,Sector,Symbol
2023Q1,2023,Q1,2023-05-10,2023-03-31,-3997000.0,0.0,-4101000.0,-0.27,4101000.0,0.0,16208000.0,12274000.0,16208000.0,3934000.0,3934000.0,0.0,-36034000.0,193034904.39,177566904.39,0.833590901648023,4.11997966446365,0.0,0.0,-0.32982989903742704,0.833590901648023,-0.3256477106077888,0.0,-12.073736826995246,15.727139024767801,0.0,0.0,0.0,0.0,3.9318759532282663,-0.246606614017769,-40.4092326543856,0.0,0.4807692307692307,-149.10146990681244,0.0,0.0,26.523489932885905,0.3880894060012247,0.39495426379462967,-149.10146990681244,0.0,0.0,Biotechnology,Healthcare,NVCT
2022Q4,2022,Q4,2023-03-08,2022-12-31,-6532000.0,149000.0,-6778000.0,-0.52,149000.0,1.0,20405000.0,14219000.0,20405000.0,6186000.0,6186000.0,0.0,-31985000.0,94932382.5,74939382.5,1.1233521922827545,3.2985774329130293,0.0,0.0,-0.4650110160206828,1.1233521922827545,-0.4593853294887123,637.1300838926174,-3.633358178965095,6.676445776777551,0.0,0.0,0.0,0.007302131830433717,3.2319754283866797,-0.3201176182308258,-27.000108788395906,1.0,-0.2682926829268294,-1.907859983471445,0.0,2.2978350754917893,1.02509262377905,-0.13501303214596003,-0.14146177164028292,-1.907859983471445,0.0,2.2978350754917893,Biotechnology,Healthcare,NVCT
2022Q3,2022,Q3,2022-11-08,2022-09-30,-5755000.0,0.0,-5938000.0,-0.41,-5938000.0,0.0,24866000.0,20374000.0,24866000.0,4492000.0,4492000.0,0.0,-25289000.0,99616421.39,75976421.39,1.4500787920745444,5.535618878005343,0.0,0.0,-0.2853997107918908,1.4500787920745444,-0.28246785118288015,0.0,-4.327385811902693,4.8893894861097476,0.0,0.0,0.0,0.0,5.262689225289403,-0.23144052119359768,-22.517274274412298,0.0,-0.4642857142857141,-0.03697000664639428,0.0,2.9185773005492384,-0.661908760145536,-0.6161190676776186,-0.661908760145536,-0.03697000664639428,0.0,2.9185773005492384,Biotechnology,Healthcare,NVCT
2022Q2,2022,Q2,2022-08-10,2022-06-30,-3561000.0,0.0,-3573000.0,-0.28,-3573000.0,0.0,14238000.0,11500000.0,14238000.0,2738000.0,2738000.0,0.0,-19412000.0,142439292.79999998,128867292.79999998,0.9042448713982943,5.200146092037984,0.0,0.0,-0.309999220339396,0.9042448713982943,-0.3096521739130435,0.0,-9.999950351024992,12.386025460869565,0.0,0.0,0.0,0.0,4.956902848794741,-0.2501053518752634,-56.01230546598505,0.0,0.12499999999999993,0.4003031323678006,0.0,3.613636363636363,0.0,-0.21163661109220824,-0.2148928935736144,0.4003031323678006,0.0,3.613636363636363,Biotechnology,Healthcare,NVCT
2022Q1,2022,Q1,2022-05-12,2022-03-31,-2939000.0,0.0,-2941000.0,-0.32,0.0,0.0,17618000.0,14559000.0,17618000.0,3059000.0,3059000.0,0.0,-15843000.0,67869219.99,51176219.989999995,1.589559892037887,5.7593984962406015,0.0,0.0,-0.20173107482070504,1.589559892037887,-0.20186826018270485,0.0,-5.773155834467506,4.6616676962703485,0.0,0.0,0.0,0.0,5.457012095456031,-0.16681802701782267,-22.06411573146944,0.0,-0.7777777777777779,-176.4307491319777,0.0,0.0,0.0,-0.3021710234824989,-0.29845474613686535,-176.4307491319777,0.0,0.0,Biotechnology,Healthcare,NVCT
2021Q4,2021,Q4,2022-03-23,2021-12-31,-2257000.0,0.0,-2265000.0,-0.18,0.0,0.0,6657000.0,-11008000.0,5833000.0,2419000.0,17665000.0,0.0,-12900000.0,41332850.0,35590850.0,-0.8655585085470757,2.4113269946258784,0.0,0.0,0.2053954327293953,-0.8655585085470757,0.2050327034883721,0.0,-4.578295303500221,-3.7548010537790697,0.0,0.0,0.0,0.0,2.3737081438610996,-0.33904161033498575,-38.737441424554824,0.0,0.5384615384615385,0.0,0.0,0.0,0.0,0.5164952870608398,0.5147814910025706,0.0,0.0,0.0,Biotechnology,Healthcare,NVCT
2021Q3,2021,Q3,2021-09-30,2021-09-30,-4668000.0,0.0,-4668000.0,-0.39,0.0,0.0,6809000.0,-8932000.0,6809000.0,495000.0,15741000.0,0.0,-10639000.0,38407830.5,31598830.5,-0.7558094175613486,13.755555555555556,0.0,0.0,0.522615315718764,-0.7558094175613486,0.522615315718764,0.0,-2.0569746411739502,-4.300025806090462,0.0,0.0,0.0,0.0,13.755555555555556,-0.6855632251431928,-8.677774627202892,0.0,0.17021276595744672,0.0,0.0,0.0,0.0,0.21387672617042774,0.21387672617042774,0.0,0.0,0.0,Biotechnology,Healthcare,NVCT
2021Q2,2021,Q2,2021-06-30,2021-06-30,-5938000.0,0.0,-5938000.0,-0.47,0.0,0.0,7214000.0,-4400000.0,7214000.0,389000.0,11614000.0,0.0,-5971000.0,41332830.5,34118830.5,-0.3459719507958692,18.544987146529564,0.0,0.0,1.3495454545454546,-0.3459719507958692,1.3495454545454546,0.0,-1.7401831635230718,-9.393825113636364,0.0,0.0,0.0,0.0,18.544987146529564,-0.8231217077904075,-10.304869234604837,0.0,0.0,0.0,0.0,0.0,0.0,-257.17391304347825,-257.17391304347825,0.0,0.0,0.0,Biotechnology,Healthcare,NVCT
2021Q1,2021,Q1,2021-03-31,2021-03-31,-23000.0,0.0,-23000.0,0.0,0.0,0.0,,,,,,,,41332830.5,,,0.0,0.0,0.0,0.0,,0.0,0.0,-449.26989673913044,0.0,0.0,0.0,0.0,0.0,0.0,0.0,0.0,0.0,0.0,0.0,0.0,0.0,0.0,0.0,0.0,0.0,0.0,0.0,Biotechnology,Healthcare,NVCT
