Quarters,Year,Quarter,FillingDate,Date,NetIncome,Revenue,OperatingIncome,EPSDiluted,GrossProfit,GrossProfitRatio,TotalAssets,CommonStockEquity,CurrentAssets,CurrentLiability,TotalLiability,Inventory,RetainedEarnings,MarketCap,EnterpriseValue,bookValuePerShare,currentRatio,debtToAssets,debtToEquity,roic,shareholdersEquityPerShare,roe,priceToSalesRatio,peRatio,pbRatio,payoutRatio,inventoryTurnover,dividendYield,assetTurnover,quickRatio,returnOnAssets,priceToFreeCashFlowsRatio,grossProfitMargin,epsdilutedGrowth,fiveYNetIncomeGrowthPerShare,fiveYRevenueGrowthPerShare,fiveYShareholdersEquityGrowthPerShare,grossProfitGrowth,netIncomeGrowth,operatingIncomeGrowth,threeYNetIncomeGrowthPerShare,threeYRevenueGrowthPerShare,threeYShareholdersEquityGrowthPerShare,Industry,Sector,Symbol
2022Q3,2022,Q3,2023-02-24,2022-09-30,-2438000.0,3796000.0,-1474000.0,-0.0025,2001000.0,0.5271338251,56590000.0,14410000.0,15575000.0,26095000.0,42180000.0,7017000.0,-257412000.0,37736985.0,65249985.0,0.014892286704939464,0.5968576355623683,0.4956529422159392,1.9464954892435808,-0.03400253458830426,0.014892286704939464,-0.1691880638445524,9.94125,-3.8696662223133718,2.6188053435114504,0.0,0.25580732506769277,0.0,0.06707898922071037,0.1278022609695344,-0.04308181657536667,99.83329365079365,0.5271338250790305,0.9968750000000001,0.0,0.0,0.0,3.2407614781634937,0.9647743855745474,0.9599086112168852,-1.1207724199836655,-0.9605913018938693,-0.8463698126532273,,,COMSW
2022Q2,2022,Q2,2023-01-30,2022-06-30,-69211000.0,2088000.0,-36766000.0,-0.8,-893000.0,-0.4276819923,55690000.0,14593000.0,14980000.0,24186000.0,41097000.0,7476000.0,-255456000.0,6769533.2322,35637533.2322,0.16943705875378923,0.6193665757049532,0.520632070389657,1.9868430069211265,-1.1953492267908332,0.16943705875378923,-4.742753374905777,3.2421136169540232,-0.024452519224545232,0.4638890723086411,-0.0017771741486179943,0.3987426431246656,0.018169642688943086,0.03749326629556474,0.0924088315554453,-1.2427904471179745,-2.8941997572466867,-0.42768199233716475,-8001.0,0.0,0.0,0.0,-1.8644724104549855,-12.168468613845409,-3.2855810700547847,-1071.0584471461912,-0.5128684519403448,1.2324093934267,,,COMSW
2022Q1,2022,Q1,2022-12-15,2022-03-31,6197000.0,3229000.0,-8579000.0,0.0001,1033000.0,0.3199132858,90462000.0,48553000.0,21518000.0,13023000.0,41909000.0,12073000.0,-219034000.0,25074170971.899998,25105477971.899998,0.0005811061636426219,1.652307456039315,0.3512303508655568,0.6543982864086668,0.4744350667389259,0.0005811061636426219,0.12763371985253227,7765.3053489934955,1011.5447382564143,516.4288709636891,0.019848313700177506,0.1818934813219581,4.9054463311207e-06,0.03569454577612699,0.23458496506181373,0.06850390219097521,-2813.5290587859063,0.31991328584701145,1.0000490196078433,0.0,0.0,0.0,-0.7622554660529344,1.0434450364554122,0.9333151962689468,0.0,0.0,0.0,,,COMSW
2021Q4,2021,Q4,2022-08-16,2021-12-31,-142640000.0,9029000.0,-128650000.0,-2.04,4345000.0,0.4812271569,88529000.0,48151000.0,21585000.0,25106000.0,40378000.0,10544000.0,-217843000.0,17453048.184,45458048.184,0.6900005731972945,0.8597546403250219,0.33778761761682613,0.6210462918734814,-1.5686672762661729,0.6900005731972945,-2.9623476147951235,1.9329990235906525,-0.030589330103757712,0.36246491628418936,-1.177790241166573e-06,0.44423368740515934,9.625825714158815e-06,0.10198917868720984,0.13928941288934915,-1.6112234409063697,1.3728085844623008,0.4812271569387529,-12.600000000000001,0.0,0.0,0.0,0.8924216027874564,-12.707476455890832,-11.478176527643065,0.0,0.0,0.0,,,COMSW
2021Q3,2021,Q3,2021-11-15,2021-09-30,-10406000.0,4115000.0,-10310000.0,-0.15,2296000.0,0.5579586877,188395000.0,143000000.0,22782000.0,23589000.0,45395000.0,10819000.0,-102099000.0,31670393307.100002,31702772307.100002,0.001986262039439136,0.9657891390054687,0.1848669019878447,0.24355244755244757,-0.05512885142318638,0.001986262039439136,-0.07276923076923077,7696.328871713245,-760.8685687848356,221.47128186783215,0.0,0.16813014141787597,0.0,0.021842405584012313,0.18618847768027472,-0.05523501154489238,-4267.671918488075,0.557958687727825,0.0,0.0,0.0,0.0,0.27697441601779754,0.058365758754863814,-0.02048896367415619,0.0,0.0,0.0,,,COMSW
2021Q2,2021,Q2,2021-08-16,2021-06-30,-11051000.0,3611000.0,-10103000.0,-0.15,1798000.0,0.497923013,188384000.0,149703000.0,21561000.0,20709000.0,38681000.0,7147000.0,-91410000.0,78570460770.0,78595344770.0,0.0021768445268594548,1.0411415326669564,0.15810790725326992,0.1989606086718369,-0.057639846777704624,0.0021768445268594548,-0.0738194959352852,21758.643248407643,-1777.4513792869425,524.8422594737581,0.0,0.25367286973555336,0.0,0.01916829454730763,0.31937804819160753,-0.05866209444538814,-6159.492910588316,0.4979230130157851,0.4,0.0,0.0,0.0,0.7758691190385417,0.49845019248692823,0.026606600114036268,0.0,0.0,0.0,,,COMSW
2021Q1,2021,Q1,2021-05-17,2021-03-31,-22033704.0,2086452.0,-10379154.0,-0.25,1012462.0,0.4852553521,178232016.0,145975040.0,23384899.0,17871859.0,32256976.0,6146078.0,-80833148.0,82426891.25,93593941.25,2.2137047416549267,1.3084760236749853,0.12420888511971946,0.15165606394079426,-0.08237305544088472,2.2137047416549267,-0.15094158562998167,39.505769243672994,-0.9352364365292372,0.5646642826746272,0.0,0.1747439586676251,0.0,0.011706381641332048,0.6780736687772659,-0.12362371528132185,-4.610261658856295,0.48525535214804844,-1.994455123729857,0.0,0.0,0.0,-0.7904185059642405,0.405802748241008,-0.2715256954881415,0.0,0.0,0.0,,,COMSW
2020Q4,2020,Q4,2021-03-30,2020-12-31,-37081464.0,9426836.0,-8162756.0,-0.08348764288329125,4830875.0,0.512459854,130877179.0,93547672.0,7681210.0,34262263.0,37329507.0,4538432.0,-64626719.0,47105444.88,84788718.88,2.065357393987954,0.22418863575940678,0.29351011607608074,0.41063315824684554,-0.05611101425868763,2.065357393987954,-0.39639109351646934,4.9969517746993795,-0.3175808058710951,0.5035448116763397,0.0,1.0126759638571208,0.0,0.07202811118048319,0.044300488849787885,-0.2833302511815295,31.211864226194265,0.5124598539743346,-0.04359553604114056,0.0,0.0,0.0,3.1692126189477534,-2.476227452169308,-0.20326641391862504,0.0,0.0,0.0,,,COMSW
2020Q3,2020,Q3,2020-11-20,2020-09-30,-10667157.0,2018363.0,-6783831.0,-0.08,1158702.0,0.5740800837,132561263.0,103693288.0,7403605.0,26382134.0,28867975.0,5319590.0,-52467307.0,137955605.84,155206528.84,0.7817081362034197,0.2806294972195957,0.1339454347232645,0.17123553840823333,-0.056244914991629015,0.7817081362034197,-0.10287220326160358,68.35024514420846,-3.2331858863612863,1.3304198227372248,0.0,0.16160286789019454,0.0,0.015225888425640604,0.05300784235270733,-0.08046963915846216,-23.048362645360008,0.5740800837114037,-0.3333333333333334,0.0,0.0,0.0,-0.2049357437958403,-0.1851743503913562,-0.10650308585692676,0.0,0.0,0.0,,,COMSW
2020Q2,2020,Q2,2020-08-24,2020-06-30,-9000496.0,3010093.0,-6130874.0,-0.06,1457369.0,0.4841607884,115749803.0,88762172.0,7430226.0,24448860.0,26987630.0,4607419.0,-42136478.0,0.0,16032601.0,0.0,0.30390889391161796,0.14169601653663288,0.18477788037904255,-0.06741745734794155,0.0,-0.10140013247985864,0.0,0.0,0.0,0.0,0.3370051649307345,,0.02600516736948572,0.09662372805930419,-0.07775819713490138,0.0,0.4841607883876013,-0.1999999999999999,0.0,0.0,0.0,0.02322059459550543,-0.13825868664832908,0.0021081326196412463,0.0,0.0,0.0,,,COMSW
2020Q1,2020,Q1,2020-08-11,2020-03-31,-7907250.0,2485204.0,-6143826.0,-0.05,1424296.0,0.573110296,119297160.0,96173681.0,7954759.0,20429197.0,23123479.0,4884807.0,-34570793.0,133499713.36,147801851.36,0.7492197977255642,0.3893818734040305,0.12619119348691957,0.15653192061973795,-0.06048953415160399,0.7492197977255642,-0.08221843978291732,53.71780882374244,-4.2208009535552815,1.3881106761422597,0.0,0.21718524396153216,0.0,0.020832046630447867,0.1256210412969242,-0.06628196345998513,-179.42906939954975,0.5731102959757026,0.0,0.0,0.0,0.0,3.2617494426200353,0.7941176799881708,0.6908243021597671,0.0,0.0,0.0,,,COMSW
2019Q4,2019,Q4,2020-07-06,2019-12-31,-38406649.0,591378.0,-19871633.0,0.0,-629732.0,-1.0648553041,119987435.0,102947375.0,8665369.0,15142599.0,17040060.0,4671396.0,-27545255.0,0.0,10282541.0,0.0,0.5722511043183538,0.09246795716568156,0.10777344249914095,-0.2103591676969531,0.0,-0.3730706975287131,0.0,0.0,0.0,0.0,0.2614015168056829,,0.004928666072409999,0.19697450880129627,-0.3200889243111164,0.0,-1.0648553040525688,-1.0,0.0,0.0,0.0,-1.457806117293316,-67.87605172245671,-33.960026604699614,0.0,0.0,0.0,,,COMSW
2019Q3,2019,Q3,2019-11-14,2019-09-30,574296.0,2740337.0,602901.0,0.02,1375543.0,0.5019612551,5301332.0,2668439.0,4470135.0,2595287.0,2632893.0,826647.0,-38947154.0,28628974.400000002,29127892.400000002,0.09693594053442585,1.7224048823887301,0.4005929075937896,0.7958495584871904,0.11653693556281614,0.09693594053442585,0.215217960762828,10.447245867935221,12.46263877860894,10.72873481462383,0.0,1.6509997616878789,0.0,0.5169148055620738,1.2546481371809746,0.10833051014348846,28.658033646117165,0.5019612551302997,11.713872969859144,0.0,0.0,0.0,0.4154807905040724,26.71832617404315,5.93715265392537,0.0,0.0,0.0,,,COMSW
2019Q2,2019,Q2,2019-08-14,2019-06-30,20719.0,1373047.0,86909.0,0.0015730847749866718,971785.0,0.707758001,4638143.0,2093977.0,3702189.0,2494221.0,2544166.0,1459665.0,-39521450.0,28692651.52,30164269.52,0.07589873938565857,1.4843067234218619,0.4629848626918144,1.025507921051664,0.007624243069982103,0.07589873938565857,0.009894569042544403,20.897064353951468,346.2118287562141,13.702467371895679,0.0,0.27490006268561623,0.0,0.2960337790361358,0.8214051601682449,0.004467089522681815,-13.649030894192919,0.7077580010006941,0.0,0.0,0.0,0.0,248.17564102564103,1.0182492231374676,1.0811466164711507,0.0,0.0,0.0,,,COMSW
2019Q1,2019,Q1,2019-05-03,2019-03-31,-1135336.0,7450.0,-1071012.0,0.0,3900.0,0.5234899329,4627086.0,2014356.0,3649270.0,2537774.0,2612730.0,604570.0,-39575264.0,0.0,-589958.0,0.0,1.4379806870115306,0.46908334965029824,1.0775101322705618,-0.2530773408310451,0.0,-0.5636223189942592,0.0,0.0,0.0,0.0,0.005871942041450948,,0.0016100846191317818,1.0975106530368741,-0.24536738673108735,0.0,0.5234899328859061,0.0,0.0,0.0,0.0,-0.9225052656678456,0.7548542840300825,0.7582826206474432,0.0,0.0,0.0,,,COMSW
2018Q4,2018,Q4,2019-03-22,2018-12-31,-4631270.0,1726875.0,-4430844.0,0.0,50326.0,0.0291428158,3556599.0,1071575.0,2697903.0,2485024.0,2485024.0,307925.0,-38472090.0,0.0,-282365.0,0.0,1.0856647662155376,0.56233497225861,1.8664115904159764,-1.474435948219738,0.0,-4.3219280031729,0.0,0.0,0.0,0.0,5.444666720792401,,0.48554110260954353,0.925691260929472,-1.3021625434860664,0.0,0.02914281577994933,0.0,0.0,0.0,0.0,0.5145660286505357,-2.6021557229014056,-3.0499909509541716,0.0,0.0,0.0,,,COMSW
2018Q3,2018,Q3,2018-10-26,2018-09-30,-1285694.0,84815.0,-1094038.0,0.0,33228.0,0.3917703236,3046416.0,-4600604.0,2105974.0,4647020.0,7647020.0,1761663.0,-33941033.0,0.0,6621219.0,0.0,0.45318806460914735,2.2321311337650536,-1.4780667929689233,-0.5374877100509144,0.0,0.2794620010763804,0.0,0.0,0.0,0.0,0.02928312622788808,,0.02784091207504162,0.05262318647219078,-0.4220349420433716,0.0,0.39177032364558156,0.0,0.0,0.0,0.0,0.0943582649935777,-0.11388406610733952,-0.09627879385463887,0.0,0.0,0.0,,,COMSW
2018Q2,2018,Q2,2018-08-08,2018-06-30,-1154244.0,42000.0,-997956.0,0.0,30363.0,0.7229285714,2440405.0,-3854279.0,1421035.0,3294684.0,6294684.0,925867.0,-32751167.0,0.0,5570395.0,0.0,0.4313114702350817,2.4586083047690854,-1.556711384930878,-0.49886511605915557,0.0,0.2994707959646927,0.0,0.0,0.0,0.0,0.0125687598758785,,0.0172102581333836,0.13039338522298344,-0.472972314021648,0.0,0.7229285714285715,0.0,0.0,0.0,0.0,-0.923059574791577,0.33990430063805294,0.37937249180493027,0.0,0.0,0.0,,,COMSW
2018Q1,2018,Q1,2018-05-10,2018-03-31,-1748601.0,869023.0,-1607979.0,0.0,394630.0,0.4541076588,2822978.0,-2958586.0,1720909.0,2781564.0,5781564.0,647054.0,-31675067.0,0.0,4561308.0,0.0,0.618683949030114,1.9482971528648116,-1.8589961555959502,-0.6592174123754723,0.0,0.5910259157584062,0.0,0.0,0.0,0.0,0.7331582835435683,,0.30783909757709765,0.353434614483075,-0.6194171545084659,0.0,0.45410765883066384,0.0,0.0,0.0,0.0,11.159297488830688,0.3625168430201358,0.3827714996391776,0.0,0.0,0.0,,,COMSW
2017Q4,2017,Q4,2018-03-23,2017-12-31,-2742976.0,87444.0,-2605160.0,0.0,32455.0,0.3711518229,3073548.0,-2303792.0,1820145.0,2377340.0,5377340.0,991697.0,-29996777.0,0.0,4384625.0,0.0,0.7656225024607334,1.6267844198301116,-2.1703348218936434,-0.9911298799091632,0.0,1.1906352656837076,0.0,0.0,0.0,0.0,0.055449396337792695,,0.028450507361524855,0.3051477701969428,-0.892446124153584,0.0,0.3711518228809295,0.0,0.0,0.0,0.0,-0.45463863823494816,0.4121387236161993,0.41913779925386646,0.0,0.0,0.0,,,COMSW
2017Q3,2017,Q3,2017-11-13,2017-09-30,-4666026.0,93105.0,-4484988.0,0.0,59511.0,0.6391815692,3935207.0,-1402932.0,2671573.0,2338139.0,5338139.0,735161.0,-27322709.0,0.0,3235611.0,0.0,1.142606577282189,1.270581191789911,-3.563964611256996,-1.2212483576599094,0.0,3.3259103078410073,0.0,0.0,0.0,0.0,0.04569611282426571,,0.023659492372319933,0.797701933033066,-1.1857129752005422,0.0,0.6391815691960689,0.0,0.0,0.0,0.0,7.031174089068826,-1.155146596263756,-2.2969416649269156,0.0,0.0,0.0,,,COMSW
2017Q2,2017,Q2,2017-08-04,2017-06-30,-2165062.0,13876.0,-1360348.0,0.0,7410.0,0.5340155664,2783088.0,-230537.0,1437665.0,1013289.0,3013625.0,636349.0,-22558884.0,0.0,1281051.0,0.0,1.4188104282193925,0.7187577252318288,-8.676984605508009,-0.9440813460178841,0.0,9.3913861983109,0.0,0.0,0.0,0.0,0.010161090847946646,,0.004985828691007974,0.7341084330334189,-0.7779351569192207,0.0,0.5340155664456616,0.0,0.0,0.0,0.0,-0.9403011528886669,-1.5443120682725733,0.025431172206676095,0.0,0.0,0.0,,,COMSW
2017Q1,2017,Q1,2017-05-12,2017-03-31,-850942.0,367653.0,-1395846.0,0.0,124123.0,0.3376091042,3612849.0,927609.0,2185637.0,2685240.0,2685240.0,482932.0,-20796179.0,0.0,-109676.0,0.0,0.813944749817521,0.3722286760393252,1.449755230921649,-0.4652835717358833,0.0,-0.9173498747856047,0.0,0.0,0.0,0.0,0.5042738936330581,,0.10176262556226402,0.6004424185547661,-0.23553212437054524,0.0,0.3376091042368755,0.0,0.0,0.0,0.0,-0.41223239273216306,0.2994793896246732,0.14097132644721683,0.0,0.0,0.0,,,COMSW
2016Q4,2016,Q4,2017-03-17,2016-12-31,-1214728.0,394790.0,-1624912.0,0.0,211177.0,0.5349096988,4498022.0,1417394.0,2989713.0,3080628.0,3080628.0,459885.0,-19672785.0,0.0,-1107370.0,0.0,0.9704881602062956,0.20183182741213804,0.6405022174497705,-0.597871961882976,0.0,-0.8570150572106274,0.0,0.0,0.0,0.0,0.39925851027974385,,0.08776969076629683,0.782052880127039,-0.2700582611645741,0.0,0.5349096988272246,0.0,0.0,0.0,0.0,1.5893179003641624,0.667954326526194,0.5730090303626729,0.0,0.0,0.0,,,COMSW
2016Q3,2016,Q3,2016-11-14,2016-09-30,-3658316.0,146208.0,-3805495.0,0.0,81557.0,0.5578148938,5655057.0,2150512.0,4067328.0,501747.0,3504545.0,354364.0,-18252965.0,0.0,-3011622.0,0.0,8.106332474334675,0.10748751073596606,0.2826526892200555,-1.3518978655161062,0.0,-1.7011372175556332,0.0,0.0,0.0,0.0,0.18244234741678048,,0.025854381308623414,7.218139819470769,-0.6469105439609185,0.0,0.5578148938498577,0.0,0.0,0.0,0.0,-0.7355814277701588,-0.7183429240025383,-0.7694224063897366,0.0,0.0,0.0,,,COMSW
2016Q2,2016,Q2,2016-07-29,2016-06-30,-2128979.0,484014.0,-2150699.0,0.0,308439.0,0.6372522282,3468125.0,3267367.0,1802152.0,200758.0,200758.0,147121.0,-14519625.0,0.0,-1002336.0,0.0,8.976738162364638,0.031717426563344746,0.03366625175561851,-0.6335656989278327,0.0,-0.6515885726947723,0.0,0.0,0.0,0.0,1.1934054281849633,,0.13956071364209768,7.930871995138426,-0.6138703189763921,0.0,0.6372522282413319,0.0,0.0,0.0,0.0,-0.0036341435050587277,-0.7160107233592551,-0.7339089114913543,0.0,0.0,0.0,,,COMSW
2016Q1,2016,Q1,2016-04-29,2016-03-31,-1240656.0,443450.0,-1240376.0,0.0,309564.0,0.6980809561,4106595.0,3724084.0,2412986.0,382511.0,382511.0,146517.0,-12379786.0,0.0,-1631943.0,0.0,6.3082787161676395,0.02678618173937289,0.029537464783286307,-0.3235495060098118,0.0,-0.33314393552884414,0.0,0.0,0.0,0.0,0.9137915736740446,,0.10798483902113551,5.78251605836172,-0.3021130644731219,0.0,0.6980809561393618,0.0,0.0,0.0,0.0,2.1118527528423083,0.6529529695014648,0.652777206246884,0.0,0.0,0.0,,,COMSW
2015Q4,2015,Q4,2016-03-04,2015-12-31,-3574893.0,280803.0,-3572277.0,0.0,99479.0,0.3542661581,4613536.0,4247383.0,2917441.0,366153.0,366153.0,118795.0,-11139270.0,0.0,-2549734.0,0.0,7.96781946344834,0.023842883202818837,0.025898300200382213,-0.8201217384946771,0.0,-0.8416695645294997,0.0,0.0,0.0,0.0,1.5263605370596405,,0.060865028472737615,7.491463950862071,-0.7748705114688603,0.0,0.35426615812509127,0.0,0.0,0.0,0.0,1.3876488095238095,-1.2601715505746698,-1.2589117973460477,0.0,0.0,0.0,,,COMSW
2015Q3,2015,Q3,2015-11-16,2015-09-30,-1581691.0,108548.0,-1581415.0,0.0,41664.0,0.3838301949,2279066.0,1877953.0,539230.0,401113.0,401113.0,233274.0,-7565685.0,0.0,-125472.0,0.0,1.3443343895610465,0.04826538590808691,0.05857441586663777,-0.7955686014501705,0.0,-0.8422420582410742,0.0,0.0,0.0,0.0,0.2867186227354956,,0.04762828281410016,0.5969464963738398,-0.6940084227486172,0.0,0.38383019493680215,0.0,0.0,0.0,0.0,0.011900714042842571,0.4520775582965498,0.4521226839982816,0.0,0.0,0.0,,,COMSW
2015Q2,2015,Q2,2015-08-14,2015-06-30,-2886706.0,67602.0,-2886440.0,0.0,41174.0,0.6090648206,1616337.0,1331139.0,1348485.0,285198.0,285198.0,132372.0,-5984132.0,0.0,-1002412.0,0.0,4.728241432268108,0.06805511474401688,0.08263599819402782,-2.002980277316742,0.0,-2.168598470933539,0.0,0.0,0.0,0.0,0.1996494726981537,,0.041824198790227536,3.9645158801955134,-1.7859555278385633,0.0,0.6090648205674388,0.0,0.0,0.0,0.0,4.808153477218226,-2.0897521524504326,-2.090347295234139,0.0,0.0,0.0,,,COMSW
2015Q1,2015,Q1,2015-05-15,2015-03-31,-934284.0,15206.0,-934018.0,0.0,7089.0,0.4661975536,1156737.0,917856.0,916935.0,238881.0,238881.0,53074.0,-3097559.0,0.0,-683627.0,0.0,3.838459316563477,0.09509508211460341,0.1198445071993864,-0.9088344875781131,0.0,-1.0178982324024684,0.0,0.0,0.0,0.0,0.15293740814711534,,0.013145598351224176,3.32836433203143,-0.8076892154396376,0.0,0.4661975535972642,0.0,0.0,0.0,0.0,1.290687661458974,-0.3335483870967742,-0.3377896817439629,0.0,0.0,0.0,,,COMSW
2014Q4,2014,Q4,2015-03-31,2014-12-31,-700600.0,175665.0,-698180.0,0.0,-24387.0,-0.1388267441,1720071.0,1543507.0,1489639.0,176564.0,176564.0,39404.0,-2163408.0,0.0,-1259896.0,0.0,8.43682177567341,0.06395084854055443,0.07126627867576889,-0.4236405685455808,0.0,-0.4539014076385789,0.0,0.0,0.0,0.0,5.076946502893107,,0.10212659826251358,7.929509979384246,-0.40730876806829486,0.0,-0.13882674408675605,0.0,0.0,0.0,0.0,-1.2528748742728564,0.3208489485082136,0.26288484014109265,0.0,0.0,0.0,,,COMSW
2014Q3,2014,Q3,2014-11-07,2014-09-30,-1031582.0,328063.0,-947179.0,0.0,96439.0,0.2939648787,2477872.0,2131438.0,2208174.0,346434.0,346434.0,126321.0,-1462808.0,0.0,-1787489.0,0.0,6.374010634060167,0.04439293070828517,0.05160835079415869,-0.4239153219354724,0.0,-0.48398405208127093,0.0,0.0,0.0,0.0,1.8336143634075095,,0.13239707297229236,5.850964397258929,-0.41631771132649303,0.0,0.29396487869707955,0.0,0.0,0.0,0.0,3.6731114018510445,-0.4624216571471506,-11.293841261600363,0.0,0.0,0.0,,,COMSW
2014Q2,2014,Q2,2014-08-14,2014-06-30,-705393.0,124976.0,-77045.0,0.0,20637.0,0.1651277045,2348695.0,-535857.0,2075282.0,2884552.0,2884552.0,52759.0,-431226.0,0.0,-1618110.0,0.0,0.7194469019799262,0.04683451874338729,-0.20527864710174543,0.3262059483702296,0.0,1.3163829155912865,0.0,0.0,0.0,0.0,1.9776531018404442,,0.053210825586123355,0.6801472117680666,-0.3003340152723108,0.0,0.1651277045192677,0.0,0.0,0.0,0.0,-0.4145697994383138,-1.9327953300986616,0.6320836258231499,0.0,0.0,0.0,,,COMSW
2014Q1,2014,Q1,2014-05-08,2014-03-31,-240519.0,134808.0,-209409.0,0.0,35251.0,0.261490416,998266.0,74177.0,610923.0,290408.0,924089.0,0.0,-21398779.0,0.0,194140.0,0.0,2.1036713864631826,0.7675118655749069,10.329091227739056,-0.2664203338498904,0.0,-3.242501044798253,0.0,0.0,0.0,0.0,0.0,,0.1350421631108342,2.0401745130988127,-0.24093678438412205,0.0,0.2614904159990505,0.0,0.0,0.0,0.0,2.759734424920128,0.2708164694540196,0.2218894565722248,0.0,0.0,0.0,,,COMSW
2013Q4,2013,Q4,2014-03-28,2013-12-31,-329847.0,324740.0,-269125.0,0.0,-20032.0,-0.0616862721,1221872.0,256564.0,777596.0,316172.0,965308.0,0.0,-21173815.0,0.0,77925.0,0.0,2.4594081702364536,0.6417497086437859,3.0562978438128496,-0.28481607775006196,0.0,-1.2856324347920987,0.0,0.0,0.0,0.0,0.0,,0.265772519543782,2.3563187125994713,-0.2699521717495777,0.0,-0.06168627209459875,0.0,0.0,0.0,0.0,-1.3357524764091648,-1.497157219753348,-1.452767423420796,0.0,0.0,0.0,,,COMSW
2013Q3,2013,Q3,2013-11-01,2013-09-30,-132089.0,161246.0,-109723.0,0.0,59663.0,0.3700122794,1492609.0,476842.0,923093.0,229065.0,1015767.0,0.0,-14391437.0,0.0,-460486.0,0.0,4.0298299609281205,0.19931542688004694,0.6238963849660893,-0.15480452688494262,0.0,-0.2770078977942379,0.0,0.0,0.0,0.0,0.0,,0.10802963133680689,3.602357409468928,-0.0884953795669194,0.0,0.3700122793743721,0.0,0.0,0.0,0.0,-0.6554935790835181,-34.6618246687054,-6.122933980763843,0.0,0.0,0.0,,,COMSW
2013Q2,2013,Q2,2013-08-26,2013-06-30,3924.0,302253.0,21418.0,0.0,173184.0,0.5729769432,1786537.0,773419.0,996165.0,225487.0,1013118.0,0.0,-14219388.0,0.0,-501240.0,0.0,4.417837835440624,0.1791174769959984,0.4137472702377366,0.006066111738457598,0.0,0.005073575901290245,0.0,0.0,0.0,0.0,0.0,,0.16918373367022346,4.212420228217148,0.0021964280616634303,0.0,0.5729769431568917,0.0,0.0,0.0,0.0,-0.5525550896393499,-0.9820122943492751,-0.907658347093898,0.0,0.0,0.0,,,COMSW
2013Q1,2013,Q1,2013-04-30,2013-03-31,218149.0,666098.0,231943.0,0.0,387051.0,0.5810721545,1919481.0,846954.0,1056035.0,270379.0,1072527.0,0.0,-14232060.0,0.0,-462632.0,0.0,3.9057582134707207,0.12503379819857555,0.28336840017285475,0.19989509918379228,0.0,0.2575688880387837,0.0,0.0,0.0,0.0,0.0,,0.3470198454686449,3.86284067919476,0.11364999184675441,0.0,0.5810721545478293,0.0,0.0,0.0,0.0,-0.3103092507951781,-0.4396277354075208,-0.4330061724622624,0.0,0.0,0.0,,,COMSW
2012Q4,2012,Q4,2013-03-05,2012-12-31,389293.0,1007403.0,409075.0,0.0,561195.0,0.5570710034,1898881.0,408067.0,1252590.0,674062.0,1490814.0,0.0,-14450239.0,0.0,247548.0,0.0,1.8582711976049682,0.47751912837086685,2.222066474377982,0.2952028496386759,0.0,0.953992849213487,0.0,0.0,0.0,0.0,0.0,,0.5305245563044761,1.0878227818805986,0.2050117937880257,0.0,0.5570710033621104,0.0,0.0,0.0,0.0,0.8876768451431916,1.5568989910405315,1.9333006319728046,0.0,0.0,0.0,,,COMSW
2012Q3,2012,Q3,2012-11-13,2012-09-30,-699037.0,558738.0,-438310.0,0.0,297294.0,0.5320812259,1743035.0,64807.0,1037445.0,847047.0,1678228.0,0.0,-14839504.0,0.0,162689.0,0.0,1.2247785542006524,0.27394745372296025,7.368031231194161,-1.1755174263919184,0.0,-10.786442822534603,0.0,0.0,0.0,0.0,0.0,,0.32055466470839655,0.590366296085105,-0.4010458768756795,0.0,0.5320812259055228,0.0,0.0,0.0,0.0,-0.09589815952412811,0.1610495566639623,0.3959676974808445,0.0,0.0,0.0,,,COMSW
2012Q2,2012,Q2,2012-08-13,2012-06-30,-833228.0,572436.0,-725640.0,0.0,328828.0,0.5744362689,2205434.0,833924.0,601817.0,984010.0,1371510.0,0.0,-14158225.0,0.0,388304.0,0.0,0.6115964268655807,0.2210449281184565,0.5845856456943319,-0.5870343758364999,0.0,-0.9991653915704548,0.0,0.0,0.0,0.0,0.0,,0.2595570758408549,0.4740419304681863,-0.3778068171616108,0.0,0.5744362688580034,0.0,0.0,0.0,0.0,-0.34029363261015233,-0.010522077443266161,-0.23933404838191794,0.0,0.0,0.0,,,COMSW
2012Q1,2012,Q1,2012-05-07,2012-03-31,-824552.0,853081.0,-585508.0,0.0,498446.0,0.5842891824,2585297.0,-598195.0,982430.0,849830.0,3183492.0,0.0,-13379302.0,0.0,2115865.0,0.0,1.1560312062412483,0.9439894139822234,-4.079761616195388,-0.37169216360374535,0.0,1.3784000200603481,0.0,0.0,0.0,0.0,0.0,,0.3299740803474417,0.8400562465434264,-0.31893898457314573,0.0,0.5842891823871356,0.0,0.0,0.0,0.0,0.2873687309843949,-0.045206613351181216,0.008243912767308913,0.0,0.0,0.0,,,COMSW
2011Q4,2011,Q4,2012-03-13,2011-12-31,-788889.0,756976.0,-590375.0,0.0,387182.0,0.5114851726,2399490.0,-1391296.0,801721.0,932125.0,3790786.0,0.0,-12674194.0,0.0,2854835.0,0.0,0.8601003084350275,1.3035965976103254,-2.2482397706886244,-0.38887399485896756,0.0,0.5670173708542251,0.0,0.0,0.0,0.0,0.0,,0.3154737048289428,0.6022078583880918,-0.3287736143930585,0.0,0.5114851725814292,0.0,0.0,0.0,0.0,0.38472652883133235,-0.23953202260696593,-0.1028841717090011,0.0,0.0,0.0,,,COMSW
2011Q3,2011,Q3,2011-11-10,2011-09-30,-636441.0,593243.0,-535301.0,0.0,279609.0,0.4713228812,2302873.0,-898737.0,785553.0,789110.0,3201610.0,0.0,-11984563.0,0.0,2216539.0,0.0,0.9954923901610675,1.1344524860902012,-2.906857067195409,-0.32340480481165046,0.0,0.7081504377810194,0.0,0.0,0.0,0.0,0.0,,0.2576099507007117,0.6517747842506114,-0.27636825825827127,0.0,0.47132288118022464,0.0,0.0,0.0,0.0,1.3146057184483702,0.1861867813740333,0.1930776350420419,0.0,0.0,0.0,,,COMSW
2011Q2,2011,Q2,2011-08-15,2011-06-30,-782048.0,219431.0,-663386.0,0.0,120802.0,0.5505238549,1868338.0,-612657.0,433520.0,368495.0,2480995.0,0.0,-11369867.0,0.0,2004137.0,0.0,1.1764610103257847,1.1865192486584333,-3.6183688425987133,-0.44748987862266915,0.0,1.276485864031587,0.0,0.0,0.0,0.0,0.0,,0.11744716427113296,0.7760159567972429,-0.41857950756233614,0.0,0.5505238548792103,0.0,0.0,0.0,0.0,0.745214464236698,-0.45448323448289973,-0.3903703191380109,0.0,0.0,0.0,,,COMSW
2011Q1,2011,Q1,2011-05-09,2011-03-31,-537681.0,116003.0,-477129.0,0.0,69219.0,0.5967000853,1735473.0,69781.0,401269.0,503192.0,1665692.0,0.0,-10647154.0,0.0,1459822.0,0.0,0.7974470977281037,0.852779040641946,21.20885341282011,-0.3262439262548164,0.0,-7.705263610438371,0.0,0.0,0.0,0.0,0.0,,0.06684229601958659,0.07978266745099286,-0.30981813027341826,0.0,0.5967000853426204,0.0,0.0,0.0,0.0,-0.011411351366791396,-0.058198027986066006,0.02846816395512207,0.0,0.0,0.0,,,COMSW
2010Q4,2010,Q4,2011-03-11,2010-12-31,-508110.0,104613.0,-491110.0,0.0,70018.0,0.6693049621,1479296.0,151075.0,268884.0,165721.0,1328221.0,0.0,-10139750.0,0.0,1009651.0,0.0,1.6225101224346945,0.8089496625421823,7.9210723150752935,-0.3705917392767785,0.0,-3.363296375972199,0.0,0.0,0.0,0.0,0.0,,0.07071809833866921,1.318843115839272,-0.3434809531020161,0.0,0.6693049620984007,0.0,0.0,0.0,0.0,-0.07281804097090722,0.09492018140428003,-0.180209602495428,0.0,0.0,0.0,,,COMSW
2010Q3,2010,Q3,2010-11-08,2010-09-30,-561398.0,125964.0,-416121.0,0.0,75517.0,0.5995125591,1221380.0,556414.0,103236.0,427466.0,664966.0,0.0,-9640145.0,0.0,354256.0,0.0,0.24150692686669817,0.3145327416528844,0.6904283501134048,-0.4816264582443635,0.0,-1.0089573590887362,0.0,0.0,0.0,0.0,0.0,,0.10313252222895414,0.10473581524612484,-0.45964237174343775,0.0,0.5995125591438824,0.0,0.0,0.0,0.0,0.12653091668531363,-0.06896098678360413,-0.04201922667594862,0.0,0.0,0.0,,,COMSW
2010Q2,2010,Q2,2010-08-06,2010-06-30,-525181.0,134332.0,-399341.0,0.0,67035.0,0.4990248042,1223059.0,-1340266.0,102090.0,204330.0,2563325.0,0.0,-9124462.0,0.0,2374000.0,0.0,0.4996329467038614,1.9734869699662894,-1.8009044473261278,-0.42266272305242636,0.0,0.3918483345843288,0.0,0.0,0.0,0.0,0.0,,0.10983280446814095,0.36501737385601724,-0.42939956289925507,0.0,0.49902480421641904,0.0,0.0,0.0,0.0,-0.3771775789503024,-0.006905952885373069,-0.07814318150524978,0.0,0.0,0.0,,,COMSW
2010Q1,2010,Q1,2010-05-07,2010-03-31,-521579.0,274230.0,-370397.0,0.0,107631.0,0.3924844109,1426575.0,-935358.0,324913.0,224713.0,2361933.0,0.0,-8662196.0,0.0,1927477.0,0.0,1.4459021062421844,1.5364884425985315,-2.3433979289213327,-0.3447321951726318,0.0,0.5576249949217305,0.0,0.0,0.0,0.0,0.0,,0.19222964092319017,1.2982470974086946,-0.3656162487075688,0.0,0.39248441089596325,0.0,0.0,0.0,0.0,0.5515943951101372,-1.4206908714559539,0.31292305009729343,0.0,0.0,0.0,,,COMSW
2009Q4,2009,Q4,2010-03-30,2009-12-31,-215467.0,142450.0,-539091.0,0.0,69368.0,0.486963847,1666073.0,-543710.0,196380.0,339788.0,2209783.0,0.0,-8216182.0,0.0,1873571.0,0.0,0.5779486032467304,1.1552260915338044,-3.5399220172518437,-0.22294231712841686,0.0,0.39629030181530595,0.0,0.0,0.0,0.0,0.0,,0.08550045526216438,0.4561108691301635,-0.12932626601595487,0.0,0.486963846963847,0.0,0.0,0.0,0.0,-0.310868269421816,0.7270551901658948,-0.35475529308286735,0.0,0.0,0.0,,,COMSW
2009Q3,2009,Q3,2009-11-19,2009-09-30,-789416.0,262743.0,-397925.0,0.0,100660.0,0.3831120144,1947790.0,-161727.0,531660.0,588835.0,2109517.0,0.0,-7838838.0,0.0,1208593.0,0.0,0.9029014919289784,0.8473074612766264,-10.20470917039208,-0.3499400378383426,0.0,4.8811639367576225,0.0,0.0,0.0,0.0,0.0,,0.13489287859574184,0.8215425373831379,-0.4052880443990369,0.0,0.38311201440190606,0.0,0.0,0.0,0.0,0.29117496151872757,-0.5635250893750186,0.07102185844653984,0.0,0.0,0.0,,,COMSW
2009Q2,2009,Q2,2009-08-07,2009-06-30,-504895.0,185606.0,-428347.0,0.0,77960.0,0.4200295249,1627283.0,731344.0,123265.0,683432.0,895939.0,0.0,-7235833.0,0.0,664913.0,0.0,0.18036176239918528,0.4666311883059062,1.03828157474458,-0.31091855310880456,0.0,-0.690365956376206,0.0,0.0,0.0,0.0,0.0,,0.11405883303641715,0.15873854311767666,-0.31026871171148473,0.0,0.4200295249076,0.0,0.0,0.0,0.0,-0.5506032499985589,-0.17260367507710603,-0.142435363336196,0.0,0.0,0.0,,,COMSW
2009Q1,2009,Q1,2009-05-14,2009-03-31,-430576.0,360935.0,-374942.0,0.0,173477.0,0.4806322468,1704930.0,1011948.0,311906.0,505779.0,692982.0,0.0,-6769226.0,0.0,372809.0,0.0,0.6166843621423587,0.2946742681517716,0.4964672097775775,-0.26469348692101924,0.0,-0.42549221896777306,0.0,0.0,0.0,0.0,0.0,,0.2117007736388004,0.56044240666378,-0.2525476119254163,0.0,0.4806322468034411,0.0,0.0,0.0,0.0,-0.21399055757432967,-0.4923041198346105,-0.44417867446258613,0.0,0.0,0.0,,,COMSW
2008Q4,2008,Q4,2009-04-03,2008-12-31,-288531.0,401555.0,-259623.0,0.0,220706.0,0.5496283199,1555238.0,793176.0,282961.0,562221.0,762062.0,0.0,-6366468.0,0.0,449082.0,0.0,0.5032914103172952,0.35395161383659607,0.6940187297648945,-0.20341139603248307,0.0,-0.3637666797785107,0.0,0.0,0.0,0.0,0.0,,0.25819520870760615,0.4190451797424856,-0.18552208729467773,0.0,0.549628319906364,0.0,0.0,0.0,0.0,-0.12332325731967445,0.4160828122154089,0.002792394853082389,0.0,0.0,0.0,,,COMSW
2008Q3,2008,Q3,2008-11-12,2008-09-30,-494130.0,534975.0,-260350.0,0.0,251753.0,0.4705883452,1418382.0,-376137.0,448909.0,1664519.0,1794519.0,0.0,-6092324.0,0.0,364439.0,0.0,0.26969292630483643,0.2731986164517034,-1.0302097374095076,-33.02263903100028,0.0,1.3136968710868646,0.0,0.0,0.0,0.0,0.0,,0.37717272215806463,0.2201092327573311,-0.348375825412336,0.0,0.47058834524977805,0.0,0.0,0.0,0.0,-0.17939900453403132,-0.5502895831633902,0.042873108539329144,0.0,0.0,0.0,,,COMSW
2008Q2,2008,Q2,2008-09-02,2008-06-30,-318734.0,677900.0,-272012.0,0.0,306791.0,0.4525608497,1611535.0,-101913.0,788337.0,1545948.0,1713448.0,0.0,-5749482.0,0.0,877910.0,0.0,0.5099375916913117,0.802039670252275,-12.682533141012431,-0.24653526746097576,0.0,3.1275107199277814,0.0,0.0,0.0,0.0,0.0,,0.4206548415020462,0.4865318885240642,-0.1977828591994589,0.0,0.4525608496828441,0.0,0.0,0.0,0.0,-0.20755735562294328,-1.086966200908817,-1.2216305395383786,0.0,0.0,0.0,,,COMSW
2008Q1,2008,Q1,2008-03-31,2008-03-31,-152726.0,1084039.0,-122438.0,0.0,387146.0,0.3571329076,2158832.0,186148.0,1458219.0,1769170.0,1972684.0,0.0,-5454175.0,0.0,321898.0,0.0,0.8242390499499765,0.6029288059469194,6.992403893675999,-0.09135488783620127,0.0,-0.8204546919655328,0.0,0.0,0.0,0.0,0.0,,0.5021414357393257,0.8064453952983602,-0.07074473604245259,0.0,0.35713290757989335,0.0,0.0,0.0,0.0,0.22490136460136112,-0.03304225485487788,0.24994639761331544,0.0,0.0,0.0,,,COMSW
2007Q4,2007,Q4,2007-12-31,2007-12-31,-147841.0,428117.0,-163239.0,0.0,316063.0,0.7382631383,1365982.0,59931.0,865620.0,1072537.0,1306051.0,0.0,-5316594.0,0.0,520346.0,0.0,0.8070770518872542,0.39972269034291813,9.110710650581503,-0.2558143438167979,0.0,-2.4668535482471508,0.0,0.0,0.0,-0.019067782279611204,0.0,,0.31341335390949515,0.7818620709588574,-0.10823056233537484,0.0,0.7382631383476946,0.0,0.0,0.0,0.0,-0.05852372583479789,-0.08239437135305702,-0.38535372394595696,0.0,0.0,0.0,,,COMSW
2007Q3,2007,Q3,2007-09-30,2007-09-30,-136587.0,661196.0,-117832.0,0.0,335710.0,0.5077314442,,,,,,,,0.0,,0.0,0.0,0.0,0.0,0.0,0.0,0.0,0.0,0.0,0.0,-0.04211967463960699,0.0,,0.0,0.0,0.0,0.0,0.5077314442313625,0.0,0.0,0.0,0.0,0.2545919988041183,0.23451081930830406,0.32224369593226576,0.0,0.0,0.0,,,COMSW
2007Q2,2007,Q2,2007-06-30,2007-06-30,-178431.0,474337.0,-173856.0,0.0,267585.0,0.5641242408,,,,,,,,0.0,,0.0,0.0,0.0,0.0,0.0,0.0,0.0,0.0,0.0,0.0,,0.0,,0.0,0.0,0.0,0.0,0.5641242407823973,0.0,0.0,0.0,0.0,0.0,0.0,0.0,0.0,0.0,0.0,,,COMSW
