Quarters,Year,Quarter,FillingDate,Date,NetIncome,Revenue,OperatingIncome,EPSDiluted,GrossProfit,GrossProfitRatio,TotalAssets,CommonStockEquity,CurrentAssets,CurrentLiability,TotalLiability,Inventory,RetainedEarnings,MarketCap,EnterpriseValue,bookValuePerShare,currentRatio,debtToAssets,debtToEquity,roic,shareholdersEquityPerShare,roe,priceToSalesRatio,peRatio,pbRatio,payoutRatio,inventoryTurnover,dividendYield,assetTurnover,quickRatio,returnOnAssets,priceToFreeCashFlowsRatio,grossProfitMargin,epsdilutedGrowth,fiveYNetIncomeGrowthPerShare,fiveYRevenueGrowthPerShare,fiveYShareholdersEquityGrowthPerShare,grossProfitGrowth,netIncomeGrowth,operatingIncomeGrowth,threeYNetIncomeGrowthPerShare,threeYRevenueGrowthPerShare,threeYShareholdersEquityGrowthPerShare,Industry,Sector,Symbol
2022Q4,2022,Q4,2023-06-29,2022-09-30,-311000.0,38765000.0,6589000.0,-0.0069,33547000.0,0.865394041,360410000.0,170317000.0,129096000.0,40497000.0,190093000.0,2000000.0,-18001000.0,409387880.0,511514880.0,3.8108204864296424,3.1877916882732054,0.3723148636275353,0.7878602840585497,-0.014274802573876656,3.8108204864296424,-0.0018260067990864095,10.560760479814265,-329.0899356913183,2.403681840333026,0.0,2.609,0.0,0.10755805887738965,3.073659777267452,-0.0008629061346799478,55.60824232545504,0.8653940410163807,0.6329787234042553,-1.0181304859952574,1.2532430368989464,1.080298468843745,-0.03506299257895645,0.6349765258215962,1.1455551937479649,-1.085343366218936,0.3955170812356208,0.4291331297901481,Software—Application,Technology,MITK
2022Q3,2022,Q3,2022-10-28,2022-06-30,-852000.0,39333000.0,3071000.0,-0.0188,34766000.0,0.8838888465,375005000.0,176402000.0,113937000.0,43744000.0,198603000.0,3453000.0,-16849000.0,412741560.0,524073560.0,3.9490922116008864,2.6046314923189464,0.35427260969853736,0.753132050657022,0.010186063570130468,3.9490922116008864,-0.004829877212276505,10.493518419647625,-121.10961267605633,2.339778233806873,0.0,1.322618013321749,0.0,0.10488660151197984,2.419760424286759,-0.002271969707070572,68.42532493368701,0.8838888465156485,-1.453012048192771,-2.0225330571508233,1.4647175344769394,1.8262862934584156,0.10705642593300217,-1.445839874411303,-0.3645768673701635,-6.694186938674167,0.6052856459582656,0.5263728326670762,Software—Application,Technology,MITK
2022Q2,2022,Q2,2022-05-09,2022-03-31,1911000.0,34714000.0,4833000.0,0.0415,31404000.0,0.904649421,391066000.0,192275000.0,94513000.0,39533000.0,198791000.0,2409000.0,-15997000.0,656849250.0,764664250.0,4.294249022892239,2.3907368527559254,0.3370249523098403,0.6854713301261215,0.010874539967815736,4.294249022892239,0.00993888961123391,18.92173906781126,85.93004317111459,3.416196853465089,0.0,1.3740141137401412,0.0,0.08876762490219042,2.2830293678698808,0.0048866431753207895,92.56612880496054,0.9046494209828887,-0.38700147710487437,0.14980447694512017,1.2260272304805693,2.288601039666864,0.07854517979187416,-0.3882842509603073,-0.02639000805801773,3.3203411845072663,0.5102476010248019,0.7044931371289939,Software—Application,Technology,MITK
2022Q1,2022,Q1,2022-02-04,2021-12-31,3124000.0,32473000.0,4964000.0,0.0677,29117000.0,0.8966526037,403001000.0,187429000.0,188343000.0,32771000.0,215572000.0,0.0,-13226000.0,794987000.0,901379000.0,4.184803965347861,5.747246040706722,0.3240835630680817,0.6968291993234772,0.016091953860775512,4.184803965347861,0.01666764481483655,24.48147691928679,63.61931818181818,4.241536795266475,0.0,0.0,0.0,0.08057796382639248,5.59345152726496,0.007751841806844152,406.4350715746421,0.8966526037015367,0.35399999999999987,4.720427593205347,1.532561806365878,2.392678815744268,-0.031724917694789,0.7288323187603764,0.2647133757961783,1.8360262758970305,0.568202608488872,0.67478860353528,Software—Application,Technology,MITK
2021Q4,2021,Q4,2021-12-13,2021-09-30,1807000.0,33271000.0,3925000.0,0.05,30071000.0,0.9038201436686604,419693000.0,192830000.0,204056000.0,39209000.0,226863000.0,0.0,-6066000.0,825396000.0,924533000.0,4.321992110453649,5.204315335764748,0.3084373577829509,0.6713115179173366,0.008772391042746784,4.321992110453649,0.009370948503863507,24.808271467644495,114.19424460431654,4.280433542498574,0.0,0.0,0.0,0.07927461263352022,5.10217042005662,0.0043055280883884176,69.33770161290323,0.9038201436686604,-0.28571428571428575,0.3536764875315657,1.4743854102937735,2.5121287238256653,0.060032430908065426,-0.3946398659966499,-0.2774300441826215,1.7208712381490943,0.34198939164274955,0.7152229418784645,Software—Application,Technology,MITK
2021Q3,2021,Q3,2021-08-05,2021-06-30,2985000.0,31778000.0,5432000.0,0.07,28368000.0,0.8926930580905028,422398000.0,188524000.0,205195000.0,37603000.0,233874000.0,0.0,-7823000.0,843067980.0000001,931253980.0000001,4.306855824366619,5.456878440549956,0.304771802896794,0.6828573550317201,0.01510536842976638,4.306855824366619,0.015833527826695806,26.529925734785074,70.60870854271357,4.471939806072436,0.0,0.0,0.0,0.07523236378960127,5.346488312102758,0.007066794823839128,97.47577523413112,0.8926930580905028,2.5,1.9365673883348304,1.5373868510315303,2.7065942435883694,0.1355830431127657,1.929342492639843,1.2794796475031474,1.8864563910046896,0.630948509224753,0.6541975747561973,Software—Application,Technology,MITK
2021Q2,2021,Q2,2021-05-06,2021-03-31,1019000.0,28773000.0,2383000.0,0.02,24981000.0,0.8682097800020853,355801000.0,167729000.0,207190000.0,24566000.0,188072000.0,0.0,-10808000.0,628952040.0,699100040.0,3.8881960220687097,8.43401449157372,0.3487426960576277,0.7397826255447776,0.005670636098157396,3.8881960220687097,0.006075276189567696,21.859105411323114,154.3061923454367,3.7498109450363386,0.0,0.0,0.0,0.08086823814435598,8.26296507367907,0.0028639604722864747,88.94810352142554,0.8682097800020853,-0.6,0.27142361161231304,1.4517867232012174,2.6201511035936123,0.14392343621210735,-0.5297646515920628,0.5504229017566689,1.7122399484573165,0.634023583631692,0.8447056343223124,Software—Application,Technology,MITK
2021Q1,2021,Q1,2021-02-01,2020-12-31,2167000.0,25976000.0,1537000.0,0.05,21838000.0,0.8406991068678781,177032000.0,141753000.0,87451000.0,23162000.0,35279000.0,0.0,-11827000.0,755223280.0,735269280.0,3.3372492701760996,3.77562386667818,0.03823602512540106,0.04775207579381036,0.013134099663936938,3.3372492701760996,0.015287154416485012,29.07388666461349,87.1277434240886,5.3277410707357165,0.0,0.0,0.0,0.14673053459261604,3.63267420775408,0.012240724840706764,90.66305882352941,0.8406991068678781,-0.5833333333333333,5.925635578680196,1.5681403024706462,2.308215794228089,-0.19300838845571117,-0.5664265706282513,-0.746870882740448,1.3042433848606672,0.723725408424831,0.576736312825981,Software—Application,Technology,MITK
2020Q4,2020,Q4,2020-12-07,2020-09-30,4998000.0,30638000.0,6072000.0,0.12,27061000.0,0.8832495593707161,169154000.0,132243000.0,84126000.0,24356000.0,36911000.0,0.0,-13994000.0,532149800.0,519309800.0,3.1659803686856596,3.454015437674495,0.0,0.0,0.035499852418384,3.1659803686856596,0.037794060933281914,17.36894705920752,26.618137254901963,4.024030005368904,0.0,0.0,0.0,0.18112489211014815,3.3182788635243883,0.029547039975407027,82.3251547029703,0.8832495593707161,3.0,2.8788194217909244,1.88788270365271,2.221745547965784,0.23470365469726695,2.707715133531157,3.2343096234309625,-0.6882400374036481,0.9054769227900672,0.728285060086031,Software—Application,Technology,MITK
2020Q3,2020,Q3,2020-08-05,2020-06-30,1348000.0,25413000.0,1434000.0,0.03,21917000.0,0.8624326132294495,157227000.0,119383000.0,69042000.0,24267000.0,37844000.0,0.0,-18992000.0,398651630.0,387038630.0,2.8778776848347514,2.8450982816170107,0.0,0.0,0.009661685078344723,2.8778776848347514,0.011291389896383907,15.686917325778145,73.93390764094954,3.339266310948795,0.0,0.0,0.0,0.16163254402869737,2.702105740305765,0.00857359104988329,44.75209137853615,0.8624326132294495,0.4999999999999999,0.0902383904107144,1.9265291178472606,2.143686842744711,0.09552134359692092,0.4845814977973568,0.34774436090225563,0.7420624837400143,0.7147550584417031,1.0596394865140533,Software—Application,Technology,MITK
2020Q2,2020,Q2,2020-05-07,2020-03-31,908000.0,23192000.0,1064000.0,0.02,20006000.0,0.8626250431183167,147978000.0,113908000.0,55447000.0,20408000.0,34070000.0,0.0,-20340000.0,323253360.0,313837360.0,2.7767539369119008,2.716924735397883,0.0,0.0,0.007259834056126589,2.7767539369119008,0.007971345296203955,13.93814073818558,89.00147577092511,2.8378459809670966,0.0,0.0,0.0,0.1567259998107827,2.5664935319482556,0.006136047250266932,109.13347738014855,0.8626250431183167,1.0,0.3384621477345615,2.0595788868961584,2.2428875453039456,0.04557332497125536,0.6214285714285714,2.5704697986577183,-0.4036957275705959,0.6232401645958715,1.1264802844799262,Software—Application,Technology,MITK
2020Q1,2020,Q1,2020-02-07,2019-12-31,560000.0,22067000.0,298000.0,0.01,19134000.0,0.8670865999003036,146997000.0,111524000.0,51811000.0,20876000.0,35473000.0,0.0,-20246000.0,310704750.0,303915750.0,2.745882063277114,2.48184518106917,0.0,0.0,0.002323058606224973,2.745882063277114,0.005021340697966357,14.080062989985045,138.70747767857142,2.7859900111186833,0.0,0.0,0.0,0.15011870990564433,2.311458133742096,0.0038096015564943503,62.327933801404214,0.8670865999003036,-0.8750000000000001,1.8879642078498007,2.0867460390744417,2.375120042504449,-0.12185047501032631,-0.8293723339427178,-0.9342018105542063,1.7354363141169107,0.8978249306783062,1.2261248038743064,Software—Application,Technology,MITK
2019Q4,2019,Q4,2019-12-06,2019-09-30,3282000.0,25018000.0,4529000.0,0.08,21789000.0,0.87093292829163,135897000.0,107333000.0,54130000.0,20048000.0,28564000.0,0.0,-20806000.0,388431800.0,371683800.0,2.6665258869124515,2.700019952114924,0.0,0.0,0.028384209985092987,2.6665258869124515,0.030577734713461844,15.526093212886721,29.58804082876295,3.618941052611965,0.0,0.0,0.0,0.18409530747551453,2.52084996009577,0.024150643502064063,61.91134842205929,0.87093292829163,33.27107704719645,1212.5224492283976,2.420547908411813,2.3980936397671204,0.1628242074927954,34.15151515151515,2.5568924028875903,1.7252006081995928,1.0623256704427053,1.1668670189374624,Software—Application,Technology,MITK
2019Q3,2019,Q3,2019-08-06,2019-06-30,-99000.0,21906000.0,-2909000.0,-0.002479,18738000.0,0.8553820870994249,135870000.0,103324000.0,47481000.0,21994000.0,32546000.0,0.0,-24088000.0,392171520.0,376079520.0,2.5872395833333335,2.158816040738383,0.0,0.0,-0.0009915551156402178,2.5872395833333335,-0.0009581510588053115,17.90247055601205,-990.3321212121213,3.795551082033216,0.0,0.0,0.0,0.16122764407153897,1.9346185323269982,-0.0007286376683594613,397.33689969604865,0.8553820870994249,0.8760500000000001,0.9537169279796708,2.588144550287165,2.404727584775879,0.1027542372881356,0.861731843575419,-0.7630303030303031,-1.1067511541470412,0.9171891218041123,1.2266469409334408,Software—Application,Technology,MITK
2019Q2,2019,Q2,2019-05-07,2019-03-31,-716000.0,19983000.0,-1650000.0,-0.02,16992000.0,0.8503227743582045,127640000.0,98069000.0,41138000.0,19356000.0,29571000.0,0.0,-23989000.0,474897200.0,456152200.0,2.5193700868314237,2.125335813184542,0.0,0.0,-0.007977894196537794,2.5193700868314237,-0.007300981961680042,23.765060301256067,-165.81606145251396,4.842480294486535,0.0,0.0,0.0,0.15655750548417424,1.884066955982641,-0.00560952679410843,114.76491058482358,0.8503227743582045,0.75,0.744572403404046,2.4864104266419274,2.213251270516857,0.14772036474164132,0.7756189282356628,0.6381578947368421,-1.9900322425156696,0.8870284999906487,1.3456894530103867,Software—Application,Technology,MITK
2019Q1,2019,Q1,2019-02-08,2018-12-31,-3191000.0,17683000.0,-4560000.0,-0.08,14805000.0,0.8372448114007804,126177000.0,95568000.0,37067000.0,19210000.0,30609000.0,0.0,-23273000.0,413450070.0,403013070.0,2.4987057808455564,1.9295679333680376,0.0,0.0,-0.03349266596295737,2.4987057808455564,-0.033389837602544784,23.381217553582538,-32.391888906298966,4.326239640883978,0.0,0.0,0.0,0.14014440032652545,1.692660072878709,-0.025289870578631603,231.23605704697985,0.8372448114007804,-0.3333333333333334,-0.7275174993415596,2.14982069499683,2.0231758986032724,-0.19375918967488973,-0.5002350728725905,-2.3382137628111272,-7.055201463198314,0.9415503341447427,1.4769674843276264,Software—Application,Technology,MITK
2018Q4,2018,Q4,2018-12-14,2018-09-30,-2127000.0,21037000.0,-1366000.0,-0.06,18363000.0,0.8728906212863051,127150000.0,95394000.0,37628000.0,20407000.0,31756000.0,0.0,-21002000.0,255541500.0,246513500.0,2.5197844577103914,1.8438771009947568,0.0,0.0,-0.022661980462982095,2.5197844577103914,-0.022296999811308886,12.147240576127775,-30.03543723554302,2.6788005534939305,0.0,0.0,0.0,0.16545025560361779,1.6806487969814279,-0.016728273692489186,686.9395161290323,0.8728906212863051,0.25000000000000006,-0.15888450221748776,2.842367688588602,1.971037436432347,0.36721018539200356,0.23599137931034483,0.5228780998952148,-2.8212837302332634,1.1878107559293576,1.5641676236394415,Software—Application,Technology,MITK
2018Q3,2018,Q3,2018-08-03,2018-06-30,-2784000.0,16109000.0,-2863000.0,-0.08,13431000.0,0.8337575268483457,124123000.0,94224000.0,34697000.0,19438000.0,29899000.0,0.0,-18875000.0,322091000.0,313457000.0,2.6035921525283228,1.7850087457557362,0.0,0.0,-0.02007402731259192,2.6035921525283228,-0.029546612328069283,19.994475138121548,-28.923401580459768,3.418354134827645,0.0,0.0,0.0,0.1297825544016822,1.5503138182940632,-0.022429364420776164,-370.6455696202532,0.8337575268483457,-1.6666666666666667,-0.016288262822572615,2.108476240000231,1.8899659347315743,0.06934713375796178,-1.4,-1.2632411067193676,-3.580966590602658,1.1264103035392246,1.8440675004735816,Software—Application,Technology,MITK
2018Q2,2018,Q2,2018-05-07,2018-03-31,-1160000.0,14277000.0,-1265000.0,-0.03,12560000.0,0.8797366393500035,92335000.0,73721000.0,55540000.0,14327000.0,18614000.0,0.0,-16091000.0,258822400.0,233584400.0,2.1077596065873743,3.8765966357227613,0.0,0.0,-0.018760392191662426,2.1077596065873743,-0.015735000881702637,18.128626462141906,-55.78068965517241,3.510836803624476,0.0,0.0,0.0,0.15462175773000486,3.6421442032526,-0.012562950127254021,-483.78018691588784,0.8797366393500035,0.823529411764706,0.633128654769837,2.351622072279879,3.684443471872916,0.19402985074626866,0.797768479776848,0.45285467128027684,-3.005510427422918,1.209057917973418,1.461589154816711,Software—Application,Technology,MITK
2018Q1,2018,Q1,2018-02-01,2017-12-31,-5736000.0,12136000.0,-2312000.0,-0.17,10519000.0,0.8667600527356625,88948000.0,72401000.0,47069000.0,11842000.0,16547000.0,0.0,-14931000.0,306152650.0,299811650.0,2.1165550910632325,3.9747508866745482,0.0,0.0,-0.08631912476253284,2.1165550910632325,-0.07922542506318973,25.226816908371788,-13.343473239191072,4.22856935677684,0.0,0.0,0.0,0.13643926788685523,3.7149130214490795,-0.0644871160678149,130.22230965546575,0.8667600527356625,-1.4857142857142858,-2.2095817343486304,1.789687333518082,3.2715040525740218,-0.10598334183239844,-1.4458262086118452,-2.3341027120600115,-36.122416772842946,1.0156013577062772,1.6015784160761357,Software—Application,Technology,MITK
2017Q4,2017,Q4,2017-11-30,2017-09-30,12866000.0,12904000.0,1733000.0,0.35,11766000.0,0.911810291382517,71719000.0,61408000.0,50876000.0,9534000.0,10311000.0,0.0,-17450000.0,318460605.5,306171605.5,1.831862371435452,5.336270190895742,0.0,0.0,0.19584271757528335,1.831862371435452,0.2095166753517457,24.679216173279602,6.188026688558993,5.18597911509901,0.0,0.0,0.0,0.17992442727868488,5.209460876861758,0.17939458163108798,101.87479382597569,0.911810291382517,16.499999999999996,4.30730462760057,7.185797168620629,2.5048762052771805,0.10832705350414469,19.886363636363637,2.580578512396694,5711.262254111127,1.1184723330790614,1.3344381931019675,Software—Application,Technology,MITK
2017Q3,2017,Q3,2017-08-03,2017-06-30,616000.0,11798000.0,484000.0,0.02,10616000.0,0.8998135277165621,56540000.0,46143000.0,46028000.0,9519000.0,10397000.0,0.0,-30316000.0,277398424.8,268099424.8,1.3972725341878005,4.835381867843261,0.0,0.0,0.01020743297529053,1.3972725341878005,0.013349803870576252,23.512326224783862,112.58052954545454,6.011711956309733,0.0,0.0,0.0,0.20866643084541917,4.696396680323564,0.010894941634241245,102.24785285661629,0.8998135277165621,-0.3333333333333333,1.2378333668339347,1.89421859335329,1.2587969776341377,0.0025498158466332986,-0.4938373048479869,-0.6045751633986928,1.3482631742124762,1.3369805511696267,0.8387676082435614,Software—Application,Technology,MITK
2017Q2,2017,Q2,2017-05-05,2017-03-31,1217000.0,11419000.0,1224000.0,0.03,10589000.0,0.9273141255801733,51764000.0,42812000.0,42244000.0,8215000.0,8952000.0,0.0,-30932000.0,218027425.35000002,205068425.35000002,1.3057981102284295,5.142300669507,0.0,0.0,0.02695133219126108,1.3057981102284295,0.02842660936186116,19.093390432612313,44.78788524034512,5.092670871484631,0.0,0.0,0.0,0.22059732632717718,5.0047474132684115,0.023510547871107332,40.43535336609793,0.9273141255801733,2.5,1.3260844144190038,6.310193669485087,0.9282239336793744,0.26390546669849607,3.0049423393739705,2.8214285714285716,1.5154608317546048,1.3653542557460585,0.6654390947409725,Software—Application,Technology,MITK
2017Q1,2017,Q1,2017-02-03,2016-12-31,-607000.0,9269000.0,-672000.0,-0.02,8378000.0,0.9038731254720035,46686000.0,39936000.0,41226000.0,6060000.0,6750000.0,0.0,-32149000.0,199116526.65,192901526.65,1.233480736793477,6.802970297029703,0.0,0.0,-0.016826923076923076,1.233480736793477,-0.01519931891025641,21.481985829107778,-82.00845413920923,4.985890591195914,0.0,0.0,0.0,0.19853917662682602,6.612706270627062,-0.013001756415199418,-156.29240710361069,0.9038731254720035,-1.6666666666666667,-18.403211688494217,0.9839801536817384,0.604583736925732,-0.04032073310423826,-1.6322916666666667,-1.7990487514863258,0.6118053677058187,0.950419143868525,0.49238428287605407,Software—Application,Technology,MITK
2016Q4,2016,Q4,2016-12-09,2016-09-30,960000.0,9670000.0,841000.0,0.03,8730000.0,0.9027921406411582,48385000.0,39485000.0,40307000.0,8327000.0,8900000.0,0.0,-31542000.0,265994788.67,256984788.67,1.2305904624548674,4.840518794283655,0.0,0.0,0.02366580839418626,1.2305904624548674,0.024313030264657465,27.50721702895553,69.26947621614582,6.736603486640496,0.0,0.0,0.0,0.19985532706417278,4.66218325927705,0.01984085977059006,108.43652208316347,0.9027921406411582,0.4999999999999999,4.3263751840102564,1.4178539536230927,0.6623584718863652,0.05028873917228104,0.29905277401894453,0.21181556195965417,1.6171389646492895,1.083918154150681,0.4509694754574991,Software—Application,Technology,MITK
2016Q3,2016,Q3,2016-08-03,2016-06-30,739000.0,9105000.0,694000.0,0.02,8312000.0,0.9129049972542559,45942000.0,36977000.0,30976000.0,8012000.0,8965000.0,0.0,-32502000.0,226264274.46,221255274.46,1.1619442381146996,3.8662006989515727,0.0,0.0,0.018768423614679397,1.1619442381146996,0.01998539632744679,24.850551835255356,76.54407119756428,6.119054397598508,0.0,0.0,0.0,0.198184667624396,3.685846230654019,0.016085499107570414,3099.510609041096,0.9129049972542559,0.0,0.6124379386543511,1.1865114122013425,0.46897571577250535,0.06536785439630864,0.2697594501718213,0.09984152139461172,1.3067851360267855,0.9980259169105088,0.2897485740799356,Software—Application,Technology,MITK
2016Q2,2016,Q2,2016-05-04,2016-03-31,582000.0,8522000.0,631000.0,0.02,7802000.0,0.915512790424783,42295000.0,33645000.0,31752000.0,7689000.0,8650000.0,0.0,-33241000.0,204869273.58,191643273.58,1.074042466959188,4.129535700351151,0.0,0.0,0.01651316619261943,1.074042466959188,0.017298261257244762,24.04004618399437,88.00226528350515,6.089144704413732,0.0,0.0,0.0,0.20148953777042203,3.986604239823124,0.013760491783898807,49.55448063154794,0.915512790424783,3.0,-0.3303484671025374,0.9483303029388233,5.800782281330562,0.20735436964944476,2.807122297467234,2.846297894752242,1.2055179922967125,1.2337299805487119,1.3870327560775775,Software—Application,Technology,MITK
2016Q1,2016,Q1,2016-02-05,2015-12-31,-322059.0,7404442.0,-341765.0,-0.01,6462063.0,0.8727278841538633,39678984.0,31367307.0,30522892.0,7387405.0,8311677.0,0.0,-33822886.0,127798053.87,123444148.87,1.0087761735490972,4.131747481016676,0.0,0.0,-0.011478037035811054,1.0087761735490972,-0.010267346189457705,17.2596468268642,-99.20391439922498,4.074243729944684,0.0,0.0,0.0,0.18660865913300603,4.019955045107179,-0.008116614074594249,135.41128240039757,0.8727278841538633,-1.3333333333333335,0.7562259318006984,2.1974022174110464,7.131985064477772,-0.08222877333870754,-1.3371117121718996,-1.3553020064455765,0.8017526885115512,0.8724268817088886,1.035851337699176,Software—Application,Technology,MITK
2015Q4,2015,Q4,2015-12-07,2015-09-30,955348.0,7865852.0,961900.0,0.03,7041039.0,0.8951400306031693,38746497.0,30433112.0,31408865.0,7404173.0,8313385.0,0.0,-33500827.0,98791610.83,96038972.83,0.9826910044726113,4.242049044505038,0.0,0.0,0.03058660073934859,0.9826910044726113,0.03139172885112768,12.55955627311574,25.852257719176677,3.2461882580394668,0.0,0.0,0.0,0.2030080809627771,4.134243351688298,0.024656370871410645,52.157575095071586,0.8951400306031693,0.0,2.2265243539084145,1.9539540015411252,17.49280384257447,0.20387113982421629,0.04186328535237595,2.1087898698503293,1.2658244828833571,4.401136126380098,0.8801687137757487,Software—Application,Technology,MITK
2015Q3,2015,Q3,2015-08-10,2015-06-30,916961.0,6439995.0,309413.0,0.03,5848665.0,0.908178500138587,36943772.0,28163437.0,28593783.0,7772630.0,8780335.0,0.0,-34456175.0,116598190.26,113867364.26,0.9154466805358116,3.678778354302212,0.0,0.0,0.029701868779159153,0.9154466805358116,0.03255856165566724,18.105323103511726,31.789299179572524,4.140055429314256,0.0,0.0,0.0,0.17431882700012333,3.5716922071422412,0.024820448761972654,71.47926380119874,0.908178500138587,0.4999999999999999,1.7775541910059531,3.292855058610027,27.706608772791082,0.14350712156964873,0.8062858268492071,-0.3639942116449535,1.3800275145208303,0.6958231998864408,0.47988895837093104,Software—Application,Technology,MITK
2015Q2,2015,Q2,2015-05-08,2015-03-31,507650.0,5672326.0,486494.0,0.02,5114673.0,0.9016888310016032,33385043.0,26284939.0,29723977.0,6306438.0,7100104.0,0.0,-35373136.0,97003755.56,91263638.56,0.8562597062401818,4.713275069064343,0.0,0.0,0.01850846981231343,0.8562597062401818,0.019313341377737266,17.10123070500532,47.77098175908599,3.6904691146515503,0.0,0.0,0.0,0.16990620620138186,4.549043374405647,0.015205911221980454,60.692098107168086,0.9016888310016032,3.265301770100235,38.7406026959256,1.0411519954539967,17.757968012702527,0.04553466828266442,2.4727732932001643,2.6339692546723037,1.1452753294665858,2.878376866210022,0.2644071438644991,Software—Application,Technology,MITK
2015Q1,2015,Q1,2015-02-06,2014-12-31,146180.0,5389322.0,133874.0,0.004689,4891921.0,0.9077062012624223,32246971.0,24909835.0,31005959.0,6476860.0,7337136.0,0.0,-35880786.0,101345901.07000001,88561830.07000001,0.8135657483873018,4.787189934628817,0.0,0.0,0.005269903977223189,0.8135657483873018,0.00586836484464871,18.804944493945623,173.32381493706387,4.068509529268259,0.0,0.0,0.0,0.1671264566213056,4.70322718107231,0.004533138941948997,111.54403781534342,0.9077062012624223,70.04545454545453,1.358718990444549,1.543974013094122,23.516839956434378,-0.026198703660831397,70.30731707317074,3.05915648937152,3.4318256518531536,0.2198110728789294,0.05833381085111082,Software—Application,Technology,MITK
2014Q4,2014,Q4,2014-12-05,2014-09-30,2050.0,5543959.0,-65014.0,6.6e-05,5023531.0,0.9061270114010583,31102856.0,23942033.0,27695519.0,6211499.0,7160823.0,0.0,-36026966.0,73530514.67,65763924.67,0.78471230330639,4.4587496512516545,0.0,0.0,-0.002715475331606134,0.78471230330639,8.562347232584635e-05,13.26317793295369,8967.135935365854,3.071189262415602,0.0,0.0,0.0,0.17824597844005066,4.345345624300994,6.591034598237538e-05,-448.2420030845759,0.9061270114010583,1.00132,1.0034287010720393,2.785112841104619,103.51893053131549,0.23972357308660266,1.001255665040019,0.9606080802695038,1.0074700222318331,0.4577788148137694,0.06003840042168596,Software—Application,Technology,MITK
2014Q3,2014,Q3,2014-08-08,2014-06-30,-1632601.0,4659724.0,-1650440.0,-0.05,4052138.0,0.8696090154695858,31129674.0,23162524.0,28057386.0,6928939.0,7967150.0,0.0,-36029016.0,101502289.44,92361163.44,0.7598962087017138,4.049304806984157,0.0,0.0,-0.07125890268386251,0.7598962087017138,-0.07048458967597832,21.782897321815625,-15.543033698987077,4.38217741037203,0.0,0.0,0.0,0.14968752965418142,3.9331129917581897,-0.05244516855525053,493.98851169242,0.8696090154695858,0.28571428571428575,-9.471972497198182,1.7994721979850132,28.606266581097206,0.004266251359381242,0.255545670644596,0.25370886940809567,-4.719061925410274,0.16827954822429675,-0.0393092538574796,Software—Application,Technology,MITK
2014Q2,2014,Q2,2014-05-12,2014-03-31,-2193017.0,4484138.0,-2211523.0,-0.07,4034924.0,0.8998215487569741,31519483.0,23877225.0,29970197.0,6515311.0,7642258.0,0.0,-34396414.0,117854870.85000001,109934347.85000001,0.7840563574806209,4.599964145993952,0.0,0.0,-0.09267004448706355,0.7840563574806209,-0.0918455557544899,26.282614596160958,-13.435243644942105,4.935869677066744,0.0,0.0,0.0,0.14226559490204835,4.506351730562056,-0.06957655365095931,-108.54676836883561,0.8998215487569741,-0.4000000000000001,-4.028049639243719,1.7767407783762268,25.676515191583924,0.03676859223187465,-0.49357556357692567,-0.4934166099424114,-3.595555913511,0.054538725832744675,3.964604983092724,Software—Application,Technology,MITK
2014Q1,2014,Q1,2014-02-07,2013-12-31,-1468300.0,4462524.0,-1480848.0,-0.05,3891827.0,0.8721134048802874,32402730.0,25128093.0,26778545.0,6049722.0,7274637.0,0.0,-32203397.0,180590238.18,170413253.18,0.8265168368138868,4.426409180454904,0.0,0.0,-0.058970565231889836,0.8265168368138868,-0.058432607679381,40.468183068595266,-30.748184665940208,7.186786445752171,0.0,0.0,0.0,0.13772061798496607,4.33324423833029,-0.04531408310349159,-115.77751959861624,0.8721134048802874,0.0,-0.21087703109026973,1.4309356886958762,18.929031503736848,-0.029509266952673256,0.001652240723994207,-0.0029889565067205805,-0.13668847441329027,0.9708795975181074,5.662749129832432,Software—Application,Technology,MITK
2013Q4,2013,Q4,2013-12-12,2013-09-30,-1470730.0,4387231.0,-1476435.0,-0.05,4010164.0,0.9140535339944489,32853374.0,25728742.0,31181661.0,5818464.0,7124632.0,0.0,-30735097.0,156535550.52,133241094.52000001,0.848116023989309,5.359088068603673,0.0,0.0,-0.05739542658621057,0.848116023989309,-0.05716291919752625,35.67980590035036,-26.608478531069608,6.0840732329625755,0.0,0.0,0.0,0.1335397393278389,5.245362865526022,-0.04476648273629369,-63.68323242070696,0.9140535339944489,0.375,-1.8271633181269125,1.366127503075431,9.668938378344025,0.17511139659061672,0.28329058764879567,0.2824657825841214,-6.070752348254254,0.6819557264875263,14.960300029199674,Software—Application,Technology,MITK
2013Q3,2013,Q3,2013-08-06,2013-06-30,-2052059.0,3882027.0,-2057651.0,-0.08,3412582.0,0.8790721960460347,32243948.0,24423412.0,30641743.0,6441455.0,7820536.0,0.0,-29264367.0,153441394.42000002,130495762.42000002,0.9009075578498643,4.756959879406128,0.0,0.0,-0.08424912129394534,0.9009075578498643,-0.08402016065568561,39.526101807122934,-18.693589514239115,6.2825535768712415,0.0,0.0,0.0,0.1203955235258412,4.66254844596446,-0.06364167936258922,491.48428705957724,0.8790721960460347,0.11111111111111106,-31.287770561426516,0.4265350539343023,8.558928907918382,0.21566631162344996,0.14257283429610054,0.1424260206569514,-0.9746773260922766,1.9366064024437148,27.25069045912063,Software—Application,Technology,MITK
2013Q2,2013,Q2,2013-05-08,2013-03-31,-2393275.0,3224262.0,-2399386.0,-0.09,2807170.0,0.8706395448012599,17989364.0,11911916.0,16406706.0,5258611.0,6077448.0,0.0,-27212308.0,121250636.04,111259387.04,0.4499487760377772,3.1199695128618563,0.0,0.0,-0.20149473106697022,0.4499487760377772,-0.20091436171981064,37.60570203041812,-12.665765116837807,10.178936456570042,0.0,0.0,0.0,0.17923157261146086,2.9829690768151513,-0.13303833309504437,-270.8760835880114,0.8706395448012599,-0.7999999999999998,-5.828161761406156,0.6184813723406961,4.11495596381473,-0.05471924807756288,-0.7602243825948302,-0.756420260807311,-218.24289491388012,0.3453256005912726,8.856968261804221,Software—Application,Technology,MITK
2013Q1,2013,Q1,2013-02-06,2012-12-31,-1359642.0,3309664.0,-1366066.0,-0.05,2969668.0,0.8972717472226788,17939206.0,12895186.0,16311573.0,4522444.0,5044020.0,0.0,-24819033.0,83537964.48,73945014.48,0.4955058136460832,3.606804860380803,0.0,0.0,-0.10593612220870641,0.4955058136460832,-0.10543795180620116,25.240617923752986,-15.36028684021235,6.478228734350943,0.0,0.0,0.0,0.1844933382224386,3.5114495613433796,-0.07579164874967154,173.70991043969184,0.8972717472226788,0.5833333333333333,-2.107830720369287,0.6859320492869371,4.039369947860715,2.20339403562745,0.5482957461843365,0.5484148009650102,-2.925457872561029,0.8380688807499879,13.932089698619656,Software—Application,Technology,MITK
2012Q4,2012,Q4,2012-12-07,2012-09-30,-3010027.0,1219732.0,-3025046.0,-0.12,927038.0,0.7600341714409394,16722921.0,13556679.0,14104103.0,3102656.0,3166242.0,0.0,-23459391.0,75997756.93,69295666.93,0.5226610767813354,4.545815907403205,0.0,0.0,-0.22278477757690857,0.5226610767813354,-0.22203277071028973,62.30693048145003,-6.312049437596407,5.605927301959426,0.0,0.0,0.0,0.07293773617659259,4.389445043214588,-0.17999409313719775,-86.40370015439433,0.7600341714409394,-0.4999999999999999,-58.72632677165891,-0.4254737083225223,3.7111622017208834,-0.6692114102042135,-0.49835555708210566,-0.49799173121138396,-4.921933997549545,-0.02041833357402599,68.61529282178404,Software—Application,Technology,MITK
2012Q3,2012,Q3,2012-08-03,2012-06-30,-2008887.0,3161729.0,-2019401.0,-0.08,2802509.0,0.886384949500732,19613731.0,15844415.0,18758642.0,3701368.0,3769316.0,0.0,-20449364.0,99637285.22,93444271.22,0.6185914661756378,5.068029442087358,0.0,0.0,-0.127451912866458,0.6185914661756378,-0.12678833519571409,31.513543766717515,-12.399563193449907,6.288479897806262,0.0,0.0,0.0,0.16119977377073236,4.926473671356104,-0.10242248147484026,-49.96306083735036,0.886384949500732,0.2727272727272727,-15.98038478856675,0.41764336583393186,4.797380518804066,2.1774478458049886,0.29447283725673923,0.2940808601064996,-14.334275550522221,1.2604761420771022,23.100901731932016,Software—Application,Technology,MITK
2012Q2,2012,Q2,2012-05-15,2012-03-31,-2847356.0,1191737.0,-2860669.0,-0.11,882000.0,0.7400961789388095,19865336.0,16939059.0,18667734.0,2854060.0,2926277.0,0.0,-18440477.0,290154094.4,283932190.4,0.6772025216680865,6.540764384771168,0.0,0.0,-0.16865277154118585,0.6772025216680865,-0.16809410723464627,243.4715834114406,-25.475747886811483,17.12929238867401,0.0,0.0,0.0,0.05999077991935299,6.330644415324135,-0.1433328890082705,-801.4907943803898,0.7400961789388095,-117.45784776403426,-8.035937225214095,-0.3867613552853514,5.848141538131769,-0.7258498421771625,-109.36749762131303,-120.42842232705715,-6.94813408597232,-0.10153192730686386,22.04095003464616,Software—Application,Technology,MITK
2012Q1,2012,Q1,2012-02-10,2011-12-31,26275.0,3519484.0,23953.0,0.0009445477665264853,3217215.0,0.9141155351182162,21299906.0,18749324.0,20901705.0,2455784.0,2550582.0,0.0,-15593120.0,176829058.75,170117592.75,0.768723194936986,8.511214748528372,0.0,0.0,0.0010859002183004531,0.768723194936986,0.0014013838578926898,50.24289320536761,1682.4839081826833,9.431223160365674,0.0,0.0,0.0,0.16523471981519544,8.390797399119792,0.0012335735190568446,158.26121944037718,0.9141155351182162,1.1050128685538827,1.061341629770207,0.6797377667202907,6.269389615449963,0.16150229216202613,1.119769349986325,1.1072817012433265,1.0270097251157568,1.3898139787068857,17.535507187740617,Software—Application,Technology,MITK
2011Q4,2011,Q4,2011-12-15,2011-09-30,-219380.0,3040139.0,-223272.0,-0.008994590658589931,2769874.0,0.9111011042587197,19851683.0,18055291.0,19117031.0,1773331.0,1796392.0,208408.0,-15619395.0,225609488.75,219953772.75,0.7402678082173527,10.780294823696197,0.0,0.0,-0.012366015036811093,0.7402678082173527,-0.012150454955281529,74.21025444889197,-257.09897067873095,12.49547784912467,0.0,1.2968072242908142,0.0,0.15314263279340093,10.601319776172637,-0.011050952203901301,-2072.7783685825584,0.9111011042587197,-1.8994590658589932,-0.04261220323036845,0.5506882540026622,5.149155283544572,0.10080668557861747,-1.674784919612071,-1.6859607727473824,0.4754792990789962,1.0393357718341127,8.312253755321438,Software—Application,Technology,MITK
2011Q3,2011,Q3,2011-08-12,2011-06-30,325111.0,2953918.0,325488.0,0.01,2516222.0,0.8518252707082593,20053198.0,17856128.0,19784793.0,2169335.0,2197070.0,142502.0,-15400015.0,162535831.20000002,148616523.20000002,0.7909894123087365,9.12021103241316,0.005236072570569542,0.005880334191152752,0.018121801704213677,0.7909894123087365,0.01820725075447488,55.023812847885424,124.98487531950626,9.102523861836115,0.0,3.0715077683120238,0.0,0.14730408586201563,8.980476966443634,0.016212426566575566,787.2013832317059,0.8518252707082593,-0.5,2.854881505771775,0.24618277055718618,4.996169367596731,-0.036772815196515846,-0.4295687784131284,-0.42918072576515404,4.762601827261483,0.3035623748574352,7.392660815523309,Software—Application,Technology,MITK
2011Q2,2011,Q2,2011-05-10,2011-03-31,569939.0,2868357.0,570212.0,0.02,2612283.0,0.9107245018663995,5917521.0,3244262.0,5617456.0,2640850.0,2673259.0,151074.0,-15725126.0,83197133.1,80997821.1,0.1579292532136543,2.127139368006513,0.01774391675162623,0.03236483366633151,0.17001140510698054,0.1579292532136543,0.17567600890433632,29.005152810476517,36.49387614288547,25.644394040925178,0.0,1.6950236308034474,0.0,0.4847227411613748,2.0092758013518375,0.09631381113814383,4924.364196507842,0.9107245018663995,1.5,16.268829524232746,0.5063968392367336,0.558119828100933,1.1844333339186848,1.711776922721477,2.3706030815085453,3.0955825938447488,0.8555633810672979,0.7953180864262772,Software—Application,Technology,MITK
2011Q1,2011,Q1,2011-02-14,2010-12-31,-800727.0,1403562.0,-416030.0,-0.04,1195863.0,0.8520200746386694,4163000.0,2337853.0,3907506.0,1788064.0,1825147.0,38729.0,-16295065.0,114018239.5,111876751.5,0.12405042133631611,2.185327818243642,0.0,0.0,-0.17833070176584098,0.12405042133631611,-0.3425052815553416,81.23491480960584,-35.59834984332988,48.77049134398099,0.0,5.362880528802706,0.0,0.3371515733845784,2.1107018540723375,-0.1923437424933942,-42011.1420412675,0.8520200746386694,-5.183721085112995,-0.3506991883582889,-0.26444969330902585,0.3032553009990477,-0.15115561824032003,-5.443940638458464,-2.527304098827071,-1.5274184798470918,-0.01270335254365301,0.26161176738119285,Software—Application,Technology,MITK
2010Q4,2010,Q4,2010-11-16,2010-09-30,180184.0,1620435.0,272395.0,0.009560866794474581,1408813.0,0.8694042031923527,3008456.0,1001459.0,2707320.0,1287480.0,2006997.0,87335.0,-15494338.0,33545862.2,32920614.2,0.05313910280117946,2.1028054804734833,0.22596341777975149,0.6788106153122594,0.1620183671769982,0.05313910280117946,0.17992149453946693,20.70176353880285,46.54389707188207,33.49699009145657,0.0,2.423106429266617,0.0,0.5386267906195071,1.962475533600522,0.05989251629407244,-93.51518924177843,0.8694042031923527,1.2390216698618643,-0.686604597727152,-0.3668917976492632,-0.23762541120866013,1.2750457814826417,1.2786792954757766,1.4905110303981963,3.755913571284174,0.05048850046936409,-0.5210147767421869,Software—Application,Technology,MITK
2010Q3,2010,Q3,2010-08-16,2010-06-30,-646564.0,822490.0,-555329.0,-0.04,619246.0,0.7528918284720787,2591881.0,537892.0,2239899.0,1424300.0,2053989.0,90715.0,-15674522.0,14337150.6,13429061.6,0.031889753602783524,1.5726314680895879,0.2266072400700495,1.091927375755728,-0.4935244407592752,0.031889753602783524,-1.2020331218906397,17.43139807170908,-5.5435929776479975,26.654329493653,0.0,2.2404673978945047,0.0,0.3173332417653434,1.4391848627395913,-0.24945744036859718,-54.221332808913125,0.7528918284720787,-101.25058367990822,-3.1862435304590946,-0.5675033094172652,8.334412251358572,-0.5360942365938421,-93.72393517854582,-6.690662595044371,-8.321622677384669,-0.43998283750006423,-0.7011322554622076,Software—Application,Technology,MITK
2010Q2,2010,Q2,2010-05-17,2010-03-31,6973.0,1516965.0,97586.0,0.0003990001706894463,1334853.0,0.8799497681225341,3061252.0,764911.0,2659249.0,1755309.0,2296341.0,96652.0,-15027958.0,10054082.4,9135284.4,0.04564778581882321,1.514974856278866,0.1620412171229288,0.6485055124060185,0.07739024235503109,0.04564778581882321,0.00911609324483502,6.627761616121664,360.46473540800224,13.14412055781653,0.0,1.884203120473451,0.0,0.49553744677014505,1.377950548877719,0.0022778261966019133,31.986569187012048,0.8799497681225341,1.0399000170689447,1.006171410405898,-0.39495188215810906,1.39742992948599,0.6564637120041695,1.031276632009545,1.4920211559114034,1.0330316771357608,0.16520992969868398,-0.5383914144034454,Software—Application,Technology,MITK
2010Q1,2010,Q1,2010-02-16,2009-12-31,-222946.0,1159011.0,-198337.0,-0.01,805845.0,0.6952867574164525,2382685.0,555869.0,1928060.0,1373277.0,1826816.0,78909.0,-15034931.0,14070955.08,13387152.08,0.03318395640845156,1.403984775103639,0.17036326665085816,0.7302475943072918,-0.20840274122257282,0.03318395640845156,-0.4010765126315733,12.140484499284304,-15.778434105119624,25.31343730267383,0.0,4.47561114701745,0.0,0.4864306444200555,1.3024903205981022,-0.093569229671568,-27.774563779452954,0.6952867574164525,0.4896991104612198,0.8347860825580972,-0.3940135775443365,1.2881476807547207,0.23375221612882482,0.32082495582769754,0.39362616062393185,0.2421493827099027,-0.19458189555707261,-0.6861976980739916,Software—Application,Technology,MITK
2009Q4,2009,Q4,2009-12-29,2009-09-30,-328260.0,804146.0,-327087.0,-0.0195962817329952,653166.0,0.812248024612446,1601110.0,125765.0,1145525.0,1425971.0,1475345.0,49910.0,-14811985.0,16416114.26,15741999.26,0.0075078485717118785,0.8033298012371921,0.0,0.0,-2.6007792311056335,0.0075078485717118785,-2.610106150359798,20.41434547955222,-12.502371793700116,130.53007005128612,0.0,3.0250450811460627,0.0,0.502242819044288,0.725773525548556,-0.2050202671896372,119.91405532545892,0.812248024612446,-2.8313666444903536,0.5730296758218901,0.01273285002060926,1.1608688837980516,-0.10155612746682587,-2.831366644490353,-2.8488521233658495,-1.2715122064225362,-0.4027759329875277,-0.9376348313403364,Software—Application,Technology,MITK
2009Q3,2009,Q3,2009-08-14,2009-06-30,-85677.0,914738.0,-84983.0,-0.0051146975873936195,726997.0,0.794759811005993,1789615.0,429947.0,1290415.0,1307905.0,1359668.0,114454.0,-14483725.0,5025341.1,4488125.1,0.025666735338622088,0.9866274691204636,0.0,0.0,-0.1976592463722273,0.025666735338622088,-0.19927339881427245,5.493749139097752,-14.663623551244791,11.688280415958246,0.0,1.640318381183707,0.0,0.5111367528770154,0.899118055210432,-0.047874542848601515,-21.106187788221654,0.794759811005993,0.48853024126063804,0.9592925173686662,-0.37015551050695583,61.274390612631926,-0.026399807154049094,0.642880068025226,0.6410114519133693,0.3412493027355464,-0.47994130992286216,-0.8054309074069026,Software—Application,Technology,MITK
2009Q2,2009,Q2,2009-05-15,2009-03-31,-239911.0,888283.0,-236729.0,-0.01,746710.0,0.8406217387927046,2209763.0,492337.0,1689808.0,1663274.0,1717426.0,132460.0,-14398048.0,1675113.7000000002,899799.7000000002,0.02939125863516011,1.015952873669642,0.0,0.0,-0.48446196969069255,0.02939125863516011,-0.48729020975470055,1.8857883129588207,-1.7455574150414113,3.4023721556576088,0.0,1.0687981277366752,0.0,0.4019811174320504,0.9363147623301994,-0.10856865645772873,-17.924473002760717,0.8406217387927046,0.75,0.8004397860117104,-0.7012250740151569,-0.6266179821354529,-0.05783386705629705,0.640913615171041,0.6471271289773456,-9.914433191192096,-0.4279070571448415,-0.7100277376077255,Software—Application,Technology,MITK
2009Q1,2009,Q1,2009-01-13,2008-12-31,-668115.0,1011448.0,-670862.0,-0.04,792546.0,0.7835756262309086,2089842.0,694720.0,1558482.0,1338581.0,1395122.0,43468.0,-14158136.0,1172579.59,303881.5900000001,0.04147300568313661,1.1642791881851005,0.0,0.0,-0.9656581068631966,0.04147300568313661,-0.961703995854445,1.1593078339173146,-0.43876413117502233,1.6878448727544912,0.0,5.035934480537406,0.0,0.4839829996717455,1.1318059945569225,-0.31969641724111203,-2.7169271959275507,0.7835756262309086,-1.33260509935527,0.5827340570388203,-0.5987027630251303,-0.7118524542367407,0.01900445507319049,-1.3258845891412419,-1.3254093701038503,-0.2679439450790902,-0.40365304637773536,-0.5642907623959181,Software—Application,Technology,MITK
2008Q4,2008,Q4,2009-01-13,2008-09-30,-287252.0,1023843.0,-288492.0,-0.017148209103656664,777765.0,0.7596526029869815,2781381.0,1331614.0,2313112.0,1394022.0,1449767.0,100000.0,-13490021.0,4690318.36,3390037.3600000003,0.07949394718698796,1.6593081027415637,0.0,0.0,-0.21664836807062707,0.07949394718698796,-0.21571716728721688,4.5810913978022025,-4.082058923871723,3.5222807510284517,0.0,2.46078,0.0,0.3681059876370767,1.5875732233781104,-0.1032767535263957,-67.69112945590994,0.7596526029869815,-7.861551691190521,0.8811574861502464,-0.6004333388178332,-0.6519112864792524,-0.40174730262656905,-7.861551691190522,-8.247268068430175,-1.5621006971256242,-0.5499566422156169,0.1404815306128068,Software—Application,Technology,MITK
2008Q3,2008,Q3,2008-08-05,2008-06-30,41864.0,1681490.0,39807.0,0.0024991736381834856,1300061.0,0.7731601139465593,3133360.0,1578757.0,2901100.0,1501248.0,1554603.0,79663.0,-13202769.0,5862897.949999999,4493326.949999999,0.09424775166008134,1.9324588608944024,0.0,0.0,0.025214139984810837,0.09424775166008134,0.026517063740651665,3.4867278128326658,35.011572890789225,3.7136164400221183,0.0,4.788032085158731,0.0,0.5366411775218934,1.8793943439058702,0.013360737355426762,-42.788941314708175,0.7731601139465593,1.2499173638183485,1.0292444297157721,-0.6318254944296107,-0.7486183515699341,0.16298257039292655,1.1887670442248035,1.1800447771320022,-0.8574630800191134,-0.10968009717098125,26.587148484021963,Software—Application,Technology,MITK
2008Q2,2008,Q2,2008-05-13,2008-03-31,-221776.0,1260516.0,-221095.0,-0.01,1117868.0,0.886833645903741,2886703.0,1473552.0,2773108.0,1362185.0,1413151.0,83055.0,-13244633.0,4187784.25,2681194.25,0.08796728245969214,2.035779281081498,0.0,0.0,-0.15196076908502762,0.08796728245969214,-0.15050435953396962,3.3222777418136697,-4.720736520182526,2.8419657059947663,0.0,1.7175124917223528,0.0,0.43666286417411143,1.9748073866618705,-0.07682674663794647,530.1663818204836,0.886833645903741,0.5,-6.654575185835083,-0.7827484150648302,-0.8085074048269292,0.0502961470813728,0.2124431818181818,0.22291930268522422,0.8036521234958521,-0.4970675990264571,1.7658822928189704,Software—Application,Technology,MITK
2008Q1,2008,Q1,2008-02-14,2007-12-31,-281600.0,1263599.0,-284520.0,-0.02,1064336.0,0.8423051933406088,2559616.0,1647088.0,2444527.0,863951.0,912528.0,66343.0,-13022857.0,6532943.430000001,5034252.430000001,0.09832693744908182,2.8294741252686784,0.0,0.0,-0.17274122572685854,0.09832693744908182,-0.17096839998834307,5.1701081039158785,-5.7998432439630685,3.966359678414268,0.0,3.0035271241879324,0.0,0.49366740948642296,2.752683890637316,-0.1100165024753713,-10.9321315582062,0.8423051933406088,-10.948707943578322,-4.094506108117107,-0.7171960529063373,-0.7848918681110924,-0.15631670940560508,-9.362286562731997,-10.134454860665212,0.7913205926473682,-0.33932996543729627,1.853806539308599,Software—Application,Technology,MITK
2007Q4,2007,Q4,2007-12-12,2007-09-30,33675.0,1371089.0,31148.0,0.0020103113000627957,1261535.0,0.9200970907067302,2845059.0,1858388.0,2737767.0,942075.0,986671.0,99476.0,-12741257.0,9213125.350000001,7116843.3500000015,0.11094100657167331,2.9061030172756945,0.0,0.0,0.016760762553352692,0.11094100657167331,0.018120543180433796,6.719567694000901,68.39736711210098,4.957589776731232,0.0,1.1013108689533153,0.0,0.4819193556267199,2.8005105750603723,0.011836309897263994,38.9869594563143,0.9200970907067302,-0.6146887830769391,2.459834358199561,-0.7633214702200283,-0.7542050637273753,0.014576849148712009,-0.616024902794723,-0.6323071111530834,1.04380133329281,0.7267347852279403,3.3771065338026776,Software—Application,Technology,MITK
2007Q3,2007,Q3,2007-08-07,2007-06-30,87701.0,1458578.0,84712.0,0.005217370301639092,1243410.0,0.8524809780484829,3209226.0,1787378.0,3117434.0,1382031.0,1421848.0,120721.0,-12774931.0,11055750.42,9195781.42,0.10670189134027142,2.2556903571627553,0.0,0.0,0.047394563433140614,0.10670189134027142,0.04906684540147635,7.579814326007933,31.515462822544787,6.185457368279121,0.0,1.7823576676800226,0.0,0.4544952583582459,2.1683399286991394,0.027327773114140294,-32.966223230738954,0.8524809780484829,1.5217370301639093,-0.66231088319001,-0.6490034407383186,-0.7646716539804129,0.042147372902877574,1.4155874311113639,1.4021533758058544,1.041669140308958,0.004306496281760764,251.5730235224919,Software—Application,Technology,MITK
2007Q2,2007,Q2,2007-05-09,2007-03-31,-211029.0,1301441.0,-210646.0,-0.01,1193123.0,0.9167707179964363,3589481.0,1656495.0,3493335.0,1897947.0,1932986.0,112716.0,-12862632.0,11223261.790000001,9027926.790000001,0.09888851126941413,1.8405861702144475,0.0,0.0,-0.1276475853178043,0.09888851126941413,-0.1273948910198944,8.623719238905183,-13.295876147354155,6.775306771224785,0.0,0.9609815820291706,0.0,0.36257080062549435,1.781197788979355,-0.05879095055803332,-44.295588265475274,0.9167707179964363,0.5,0.0017973089251588717,-0.7188105646723485,-0.7744203327149047,-0.053143113814273286,0.28256568211488253,0.28021431671171465,0.8244641037812573,-0.5622589439979824,0.256264399552609,Software—Application,Technology,MITK
2007Q1,2007,Q1,2007-02-14,2006-12-31,-294144.0,1438832.0,-292651.0,-0.02,1260088.0,0.8757714590723586,3557663.0,1771170.0,3434645.0,1756232.0,1786493.0,125316.0,-12651602.0,,,,,,,,,,,,,,,,,,,,,,,,,,,,,,,Software—Application,Technology,MITK
