Quarters,Year,Quarter,FillingDate,Date,NetIncome,Revenue,OperatingIncome,EPSDiluted,GrossProfit,GrossProfitRatio,TotalAssets,CommonStockEquity,CurrentAssets,CurrentLiability,TotalLiability,Inventory,RetainedEarnings,MarketCap,EnterpriseValue,bookValuePerShare,currentRatio,debtToAssets,debtToEquity,roic,shareholdersEquityPerShare,roe,priceToSalesRatio,peRatio,pbRatio,payoutRatio,inventoryTurnover,dividendYield,assetTurnover,quickRatio,returnOnAssets,priceToFreeCashFlowsRatio,grossProfitMargin,epsdilutedGrowth,fiveYNetIncomeGrowthPerShare,fiveYRevenueGrowthPerShare,fiveYShareholdersEquityGrowthPerShare,grossProfitGrowth,netIncomeGrowth,operatingIncomeGrowth,threeYNetIncomeGrowthPerShare,threeYRevenueGrowthPerShare,threeYShareholdersEquityGrowthPerShare,Industry,Sector,Symbol
2023Q1,2023,Q1,2023-05-05,2023-03-31,35314000.0,126082000.0,44899000.0,0.71,63009000.0,0.4997461969,623403000.0,336982000.0,275515000.0,22103000.0,193809000.0,0.0,-165053000.0,3146768040.0,3134992040.0,6.84936685704994,12.46504999321359,0.22095177597797894,0.40875180276691336,0.057186694477151086,6.84936685704994,0.10479491486192141,24.95810694627306,22.277057540918616,9.338089393498763,0.7957467293424704,0.0,0.008930114848884762,0.2022479840488416,12.46504999321359,0.05664714478435298,-160.94353723404257,0.4997461969194651,0.07575757575757565,0.21467659310255863,0.2664534741373883,0.1264994838261376,0.008951160928742994,0.0866514862453074,-0.0400453262635765,0.6625937386660136,0.15387838160240214,0.6694245647418298,Asset Management,Financial Services,CNS
2022Q4,2022,Q4,2023-02-24,2022-12-31,32498000.0,125335000.0,46772000.0,0.66,62450000.0,0.4982646507,673379000.0,337554000.0,334980000.0,17006000.0,246436000.0,0.0,-171417000.0,3152529360.0,3043920360.0,6.912698900288751,19.697753733976242,0.20613799955151557,0.4112201307050131,0.056539040841832824,6.912698900288751,0.09627496637575025,25.152825308174094,24.251718259585207,9.339333439982937,0.8260200627730937,0.0,0.00851506740606533,0.18612846554466356,19.697753733976242,0.04826108328296546,55.54334825046689,0.49826465073602744,-0.26666666666666666,0.5141082397019833,0.19902252576700669,0.16426752898242003,-0.13099743960814872,-0.2708548350908683,-0.1820359909760235,-0.14247817524139111,0.10578321232344363,0.5308000484656971,Asset Management,Financial Services,CNS
2022Q3,2022,Q3,2022-11-04,2022-09-30,44570000.0,139951000.0,57181000.0,0.9,71864000.0,0.5134940086,506332000.0,315630000.0,243731000.0,21681000.0,113172000.0,0.0,-176235000.0,3057283450.0,2910949450.0,6.4658404179043325,11.24168626908353,0.030855249125079986,0.049497829737350695,0.11828564520026812,6.4658404179043325,0.14120964420365617,21.845384813256068,17.148774119362802,9.686289167696353,0.6021987884227059,0.0,0.008779035519261388,0.2764016495105978,13.904340205710069,0.08802524825608495,59.91031823793381,0.5134940086173018,0.6981132075471698,0.6885506821043957,0.38019321318958166,-0.028081034301466815,-0.04611218774058244,0.7044628857700104,-0.3493582449592645,0.2699930770405989,0.29236808732413366,0.09694015157192479,Asset Management,Financial Services,CNS
2022Q2,2022,Q2,2022-08-05,2022-06-30,26149000.0,147431000.0,87884000.0,0.53,75338000.0,0.5110051482,577374000.0,289385000.0,209000000.0,23464000.0,101991000.0,62562000.0,-193146000.0,3103509950.0,2995578950.0,5.929412969982584,8.9072621888851,0.06456127224294825,0.12881109940045268,0.18491136294355714,5.929412969982584,0.0903605922905472,21.050592819691925,29.671401870052392,10.724501788275136,1.026272515201346,1.1523448738851059,0.00864698371596972,0.25534748707077215,11.573559495397204,0.04528953503275174,54.64118366843903,0.5110051481710088,-0.44210526315789467,0.058446375924861675,0.5093346953486433,-0.05201922525537618,0.15028628139552638,-0.4417497491513845,0.723519836833951,-0.1911152359213041,0.40381123146888714,0.09404174015429029,Asset Management,Financial Services,CNS
2022Q1,2022,Q1,2022-05-06,2022-03-31,46841000.0,154189000.0,50991000.0,0.95,65495000.0,0.4247708981,583210000.0,255365000.0,237341000.0,82949000.0,143189000.0,0.0,-217453000.0,4180523970.0,4117393970.0,5.246543258069155,2.861288261461862,0.037185576379005846,0.08492549879584124,0.14251387924200565,5.246543258069155,0.18342764278581639,27.11298451899941,22.312311703422218,16.370778963444483,0.5728314937768194,0.0,0.006418334207039602,0.26437989746403523,2.861288261461862,0.08031583820579208,-39.022906468776256,0.42477089805368734,-0.326241134751773,0.9361523871167498,0.633377702988972,-0.11247068937086141,-0.3152639832723471,-0.330182608571306,-0.37735365228221845,0.3942007392498417,0.5850368859577549,0.05184757865857184,Asset Management,Financial Services,CNS
2021Q4,2021,Q4,2022-02-25,2021-12-31,69931000.0,159629000.0,81894000.0,1.41,95650000.0,0.5992018994,403544000.0,255183000.0,331142000.0,49050000.0,148361000.0,0.0,-231967000.0,4481369420.0,4296996420.0,5.267804797489782,6.751111111111111,0.12154808397597289,0.19221499864802907,0.2155199105281068,5.267804797489782,0.2740425498563776,28.073654661746925,16.020682601421402,17.561394842132902,1.1773176416753657,0.0,0.018371839561488326,0.3955677695616835,6.8238328236493375,0.17329213171302263,63.01138104611923,0.5992018994042436,0.34285714285714275,1.5382206639283624,0.6952716743399392,-0.08819061925818485,0.1781152619197182,0.35833187654177107,0.20024622239158155,1.6454847519987634,0.6437350488991098,0.10828181204250849,Asset Management,Financial Services,CNS
2021Q3,2021,Q3,2021-11-05,2021-09-30,51483000.0,154187000.0,68231000.0,1.05,81189000.0,0.5265619021058844,468593000.0,264541000.0,260865000.0,34990000.0,204052000.0,0.0,-211676000.0,4053295220.0,3911933220.0,5.467304592237424,7.45541583309517,0.057854043914441745,0.10247938882819677,0.15831744135928266,5.467304592237424,0.19461255533168773,26.288177472808993,19.6826875861935,15.321992507777622,0.4227803352562982,0.0,0.005369951809234364,0.3290424739592781,7.45541583309517,0.10986719818691273,50.699778853490436,0.5265619021058844,0.10526315789473695,1.049805980550084,0.5529577625872503,-0.07621412090725704,0.12481296758104739,0.10528349685480581,0.14295525738311807,0.6182983592469495,0.5176154504271298,-0.21035934982164947,Asset Management,Financial Services,CNS
2021Q2,2021,Q2,2021-08-06,2021-06-30,46579000.0,144269000.0,59697000.0,0.95,72180000.0,0.5003153830691278,403169000.0,225888000.0,197195000.0,29182000.0,177281000.0,0.0,-240744000.0,3963715650.0,3881688650.0,4.678223050636844,6.757418956891234,0.07243116410239875,0.12927645558861028,0.16127773448455981,4.678223050636844,0.20620395948434622,27.474479271361137,21.274156003778526,17.547260810667233,0.46656218467549754,0.0,0.005482734363147366,0.3578375321515295,6.757418956891234,0.11553219617579724,49.14285988816842,0.5003153830691278,-0.050000000000000044,0.7881045898170518,0.5907045670168486,-0.15704984361279203,0.137068951936861,-0.046528289527552606,0.1493896568986099,0.5075535412186308,0.4817158328353444,-0.2771415487936951,Asset Management,Financial Services,CNS
2021Q1,2021,Q1,2021-05-07,2021-03-31,48852000.0,125747000.0,51938000.0,1.0,63479000.0,0.5048152242200609,333093000.0,189227000.0,132755000.0,19723000.0,143866000.0,0.0,-265034000.0,3145312850.0,3122663850.0,3.9303562155987124,6.730973989758151,0.09627341313086736,0.1694684162408113,0.1889201663733354,3.9303562155987124,0.25816611794299965,25.013024962822175,16.09613142757717,16.621903058231645,0.4447310243183493,0.0,0.006907420989934277,0.37751318700783265,6.730973989758151,0.1466617431167872,370.8220761612827,0.5048152242200609,12.111111111111112,1.5704076540199952,0.5015264831804805,-0.24221022305778983,351.6611111111111,12.072529465095196,5.359409098539533,0.7171221203932632,0.2907402929951188,-0.35358342741306037,Asset Management,Financial Services,CNS
2020Q4,2020,Q4,2021-02-26,2020-12-31,-4412000.0,116460000.0,-11914000.0,-0.09,180000.0,0.0015455950540958269,348453000.0,174239000.0,116037000.0,20921000.0,174214000.0,0.0,-291542000.0,3556518100.0,3550212100.0,3.640065180604592,5.546436594809044,0.0,0.0,0.010744298364987881,3.640065180604592,-0.025321541101590343,30.53853769534604,-201.52527765185854,20.41172240428377,-15.0766092475068,0.0,0.018703124272023246,0.33422011002918617,5.546436594809044,-0.012661678906480931,2439.3128257887515,0.0015455950540958269,-1.1363636363636362,-1.7137337750000319,0.35616682932350824,-0.28504104272295905,-0.996754242025353,-1.1382898696088264,-1.2751056411203732,-1.209698440645093,0.13655686956156649,-0.38692401415307864,Asset Management,Financial Services,CNS
2020Q3,2020,Q3,2020-11-05,2020-09-30,31904000.0,111159000.0,43307000.0,0.66,55457000.0,0.4988979749727867,397466000.0,235754000.0,165842000.0,30455000.0,161712000.0,0.0,-218643000.0,2667437700.0,2608801700.0,4.926423571204681,5.445476933180101,0.0,0.0,0.11573664561319301,4.926423571204681,0.1353275023965659,23.996596766793513,20.902063220912737,11.314496042484963,0.5849109829488466,0.0,0.00699585223677389,0.279669204409937,5.445476933180101,0.08026850095354068,85.5249511045561,0.4988979749727867,0.11864406779661028,0.7746426720037947,0.3266313129540568,-0.08859701681773365,0.1737179622849161,0.11865357643758766,0.22700099164187562,0.23294179898208867,0.11823861635389267,-0.2594799449953002,Asset Management,Financial Services,CNS
2020Q2,2020,Q2,2020-08-07,2020-06-30,28520000.0,94087000.0,35295000.0,0.59,47249000.0,0.5021841487134248,368288000.0,213543000.0,140627000.0,41168000.0,154745000.0,0.0,-231409000.0,3254559300.0,3204140300.0,4.464998118178396,3.4159298484259617,0.0,0.0,0.10446446357630211,4.464998118178396,0.13355623925860366,34.590956242626504,28.5287456171108,15.24076790154676,0.6541725105189341,0.0,0.0057325733779071105,0.2554712616213398,3.4159298484259617,0.0774393952558867,53.85400857147585,0.5021841487134248,0.40476190476190477,0.305701476864857,0.07106843749755946,-0.1608782602731392,-0.11033911389783276,0.38635037915613457,0.2441397299869576,0.17804953980302374,-0.017060873495076855,-0.2861464706991937,Asset Management,Financial Services,CNS
2020Q1,2020,Q1,2020-05-08,2020-03-31,20572000.0,105830000.0,28369000.0,0.42,53109000.0,0.5018331286024756,333655000.0,195504000.0,106764000.0,29273000.0,138151000.0,0.0,-240930000.0,2165737950.0,2163364950.0,4.102831000398733,3.647183411334677,0.0,0.0,0.11370646468234392,4.102831000398733,0.10522546853261314,20.464310214494944,26.319000947890338,11.077716824208201,0.9067178689480848,0.0,0.008612768686996503,0.3171839175195936,3.647183411334677,0.061656501476075584,-338.6081848030019,0.5018331286024756,-0.44,-0.06170497586127398,0.19880135063984009,-0.1846029138722316,-0.12191855562720103,-0.43988237856676105,-0.38941500581120053,-0.13142767102773717,0.14513878233843847,-0.30594629829625075,Asset Management,Financial Services,CNS
2019Q4,2019,Q4,2020-02-28,2019-12-31,36728000.0,109847000.0,46462000.0,0.75,60483000.0,0.5506113048148789,402419000.0,213703000.0,162196000.0,29878000.0,188716000.0,0.0,-242461000.0,2970054240.0,2912051240.0,4.515742540782689,5.428609679362742,0.0,0.0,0.14349872415013018,4.515742540782689,0.17186469071561933,27.038100630877494,20.21655303855369,13.89804654122778,3.0395610978000436,0.0,0.03758752904122047,0.2729667336780818,5.428609679362742,0.09126805642874715,44.255188937894864,0.5506113048148789,0.0714285714285715,1.2174473798990944,0.27207387800549593,-0.11159226234122503,0.14235258565330713,0.07969544639444984,0.15770064535419728,0.3645753952387801,0.19414298793252183,-0.2183657960024245,Asset Management,Financial Services,CNS
2019Q3,2019,Q3,2019-11-12,2019-09-30,34017000.0,104965000.0,40133000.0,0.7,52946000.0,0.5044157576334969,459704000.0,278901000.0,197619000.0,30290000.0,180803000.0,0.0,-163500000.0,2599067880.0,2516786880.0,5.894433172711134,6.524232419940574,0.0,0.0,0.09615761040894474,5.894433172711134,0.12196801015414072,24.76128118896775,19.10124261398712,9.318962212397947,0.5005438457241967,0.0,0.006551194807578477,0.22833170909976855,6.524232419940574,0.07399761585716026,95.35414315588656,0.5044157576334969,0.07692307692307682,0.7727785267213536,0.23037993486260577,0.008768941696066563,0.04310650537846251,0.0856604857498484,0.05324900272937225,0.3850218277243025,0.08110554168030598,-0.004044124789102872,Asset Management,Financial Services,CNS
2019Q2,2019,Q2,2019-08-06,2019-06-30,31333000.0,101792000.0,38104000.0,0.65,50758000.0,0.4986442942470921,404002000.0,256375000.0,159794000.0,27847000.0,147627000.0,0.0,-179852000.0,2452712400.0,2399448400.0,5.41973194655843,5.738284195784106,0.0,0.0,0.0955895172589808,5.41973194655843,0.12221550463188688,24.09533558629362,19.569722018319343,9.566893807898587,0.5433887594548878,0.0,0.006941702582006761,0.2519591487170856,5.738284195784106,0.07755654674976857,32.78326026518392,0.4986442942470921,-0.04411764705882357,0.3384561012363382,0.2301371899031562,-0.02774426704680139,0.058009379885356954,-0.03718157514672894,0.0753210103005503,0.22777590443566506,0.14563038486404328,-0.02344034423363809,Asset Management,Financial Services,CNS
2019Q1,2019,Q1,2019-05-09,2019-03-31,32543000.0,94226000.0,35435000.0,0.68,47975000.0,0.5091482181138963,405808000.0,235161000.0,120956000.0,35243000.0,170647000.0,0.0,-193523000.0,2016905880.0,2012103880.0,4.987931107623128,3.4320574298442246,0.0,0.0,0.0981274330833443,4.987931107623128,0.13838604190320675,21.404982488909642,15.494160648987494,8.576702259303202,0.5228466951418124,0.0,0.008436189397196859,0.232193549658952,3.4320574298442246,0.08019309624255806,-66.14541125541126,0.5091482181138963,0.25925925925925924,0.5843855238499811,0.2247342344404335,-0.0377575871295068,0.0025913774006812813,0.27315050271898594,0.03281937683989624,0.7485722536141651,0.14897997107376074,-0.03830518301429258,Asset Management,Financial Services,CNS
2018Q4,2018,Q4,2019-03-01,2018-12-31,25561000.0,93906000.0,34309000.0,0.54,47851000.0,0.5095627542436053,432551000.0,222646000.0,157354000.0,32277000.0,209905000.0,0.0,-208404000.0,1607617440.0,1514884440.0,4.753127535118057,4.875112309074574,0.0,0.0,0.12583398130520426,4.753127535118057,0.114805565786046,17.119432624113475,15.72334259223035,7.220508969395363,5.185008411251516,0.0,0.08244125542703741,0.21709809941486669,4.875112309074574,0.05909360977087095,49.75757343155158,0.5095627542436053,-0.1692307692307692,0.2459439348252801,0.21010010744699048,-0.05758988537997975,-0.07969997115107222,-0.16982786619032153,-0.1252836346021467,3.2255122497659796,0.11745605606031981,-0.0664202596096472,Asset Management,Financial Services,CNS
2018Q3,2018,Q3,2018-11-08,2018-09-30,30790000.0,98331000.0,39223000.0,0.65,51995000.0,0.5287752590739442,488185000.0,324241000.0,230820000.0,31266000.0,163944000.0,0.0,-96544000.0,1914410400.0000002,1749950400.0000002,6.923788169976511,7.382460180387642,0.0,0.0,0.08931013895784506,6.923788169976511,0.094960230199142,19.469042316258353,15.544092237739527,5.904282308529766,0.501851250405976,0.0,0.008071414572340393,0.20142159222425923,7.382460180387642,0.06307035242787058,58.89043927648579,0.5287752590739442,0.03174603174603177,0.5937067989434017,0.25704946837852016,0.22243721446666667,0.05116852660520783,0.027737908474915716,0.080910518918621,0.7501635517716894,0.19922101757534327,0.28092136249169003,Asset Management,Financial Services,CNS
2018Q2,2018,Q2,2018-08-08,2018-06-30,29959000.0,94410000.0,36287000.0,0.63,49464000.0,0.5239275500476644,450116000.0,303005000.0,255750000.0,26145000.0,147111000.0,0.0,-111333000.0,1952820490.0,1759091490.0,6.471838356222901,9.781985083189902,0.0,0.0,0.08623361070954136,6.471838356222901,0.09887295589181697,20.68446658192988,16.295774975800263,6.444845761621096,0.5156380386528255,0.0,0.00791060933614026,0.20974593215970994,9.781985083189902,0.0665583982795546,56.95180641021902,0.5239275500476644,0.0677966101694916,0.8551862951130197,0.148421037868332,0.22323631132711563,-0.019854951848769467,0.08602189516421373,-0.02504097369623042,0.4010821922280517,0.09786142108288676,0.21627380728222043,Asset Management,Financial Services,CNS
2018Q1,2018,Q1,2018-05-10,2018-03-31,27586000.0,94464000.0,37219000.0,0.59,50466000.0,0.5342352642276422,428941000.0,283843000.0,243450000.0,36912000.0,145098000.0,0.0,-125293000.0,1898130779.9999998,1729486779.9999998,6.080221922327185,6.595416124837452,0.0,0.0,0.10244917145351312,6.080221922327185,0.09718752972594004,20.093694740853657,17.20193920829406,6.6872559125995705,0.5598854491408686,0.0,0.00813695250229281,0.22022609170025714,6.595416124837452,0.06431187505974015,-63.31745880312228,0.5342352642276422,0.3720930232558139,0.7225753403020425,0.23258832189399833,0.2018628548014232,-0.1119362274974924,0.35238748896950683,-0.08973292897671689,0.2842952939184582,0.09223985767124325,0.20838397633096345,Asset Management,Financial Services,CNS
2017Q4,2017,Q4,2018-02-23,2017-12-31,20398000.0,99342000.0,40888000.0,0.43,56827000.0,0.5720339836121681,410125000.0,275536000.0,280809000.0,29405000.0,134589000.0,0.0,-137972000.0,2194587030.0,2001135030.0,5.93738013661732,9.54970243155926,0.0,0.0,0.07060840972002241,5.93738013661732,0.07403025375994425,22.091230597330433,26.8970858662614,7.964792368329365,2.9105304441611923,0.0,0.027052470095022842,0.2422237122828406,9.54970243155926,0.049736056080463276,41.55863862745469,0.5720339836121681,-0.1886792452830189,-0.11309811385726232,0.31978027686016164,0.20162178478257625,0.03523217896635272,-0.186747468303963,-0.00207453689014717,0.2558610234440936,0.1731538890262639,0.1680945951090663,Asset Management,Financial Services,CNS
2017Q3,2017,Q3,2017-11-09,2017-09-30,25082000.0,96354000.0,40973000.0,0.53,54893000.0,0.5697013097536169,423999000.0,308590000.0,293968000.0,24024000.0,115409000.0,0.0,-96926000.0,1831783140.0,1632910140.0,6.6526538179623165,12.236430236430236,0.0,0.0,0.07892286011911287,6.6526538179623165,0.08127936744547781,19.010971417896506,18.257945339287136,5.935976992125474,0.5176620684155968,0.0,0.007088175295684837,0.2272505359682452,12.236430236430236,0.05915579989575447,58.500994506898316,0.5697013097536169,0.06000000000000005,1.3092861281531631,0.2767617240866414,0.11650828808722964,0.05072449897593936,0.06850132061003664,0.09679578124581738,0.33334254039474315,0.15208780039259853,0.1385302631787129,Asset Management,Financial Services,CNS
2017Q2,2017,Q2,2017-08-04,2017-06-30,23474000.0,92812000.0,37357000.0,0.5,52243000.0,0.5628905744946774,397883000.0,290053000.0,271758000.0,27507000.0,107830000.0,0.0,-108581000.0,1879961420.0,1701547420.0,6.254781877385548,9.879594285091068,0.0,0.0,0.07873883743548188,6.254781877385548,0.08093003692428626,20.255585700124985,20.02174128823379,6.481441046981069,0.552994802760501,0.0,0.00690492893199904,0.233264552644873,9.879594285091068,0.05899724290809107,-91.05252191601686,0.5628905744946774,0.02040816326530614,0.3791652277464839,0.30024838925643654,0.07910037839867856,0.03404390079765651,0.021274744398520774,0.05148052240486377,0.022873498652428225,0.14413351045026598,0.12205688373970344,Asset Management,Financial Services,CNS
2017Q1,2017,Q1,2017-05-10,2017-03-31,22985000.0,89686000.0,35528000.0,0.49,50523000.0,0.5633320696652766,319540000.0,273361000.0,256363000.0,22354000.0,46179000.0,0.0,-118663000.0,1848332710.0,1691647710.0,5.911402806911316,11.468327816050818,0.0,0.0,0.08340009728983074,5.911402806911316,0.08408295257919016,20.608932386325623,20.10368403306504,6.761508444876921,0.5646726125734175,0.0,0.007022004171532516,0.28067221631094696,11.468327816050818,0.07193152656944357,-751.049455505892,0.5633320696652766,-0.1250000000000001,0.20038765096967867,0.32687858653907015,0.06182467283031893,-0.010943189381778318,-0.12163711403240599,-0.009258226436140547,0.14089752609704678,0.1884874720225236,0.14039315652904433,Asset Management,Financial Services,CNS
2016Q4,2016,Q4,2017-02-24,2016-12-31,26168000.0,89434000.0,35860000.0,0.56,51082000.0,0.5711698011941767,333728000.0,265814000.0,266497000.0,15827000.0,67914000.0,0.0,-127957000.0,1545936000.0,1362702000.0,5.777309280591176,16.83812472357364,0.0,0.0,0.09476044079296596,5.777309280591176,0.09844477717501712,17.28577498490507,14.769336594313664,5.81585620020014,1.3356007337205746,0.0,0.022607662930418854,0.26798470610796815,16.83812472357364,0.07841116118515677,30.09355472932199,0.5711698011941767,0.09803921568627459,0.5453287883815863,0.42640699914581187,0.09276940872082948,-0.024128379023784507,0.09595007748042049,-0.03635826189772391,0.29859697711398353,0.17331280254042747,0.14547624928856567,Asset Management,Financial Services,CNS
2016Q3,2016,Q3,2016-11-04,2016-09-30,23877000.0,94388000.0,37213000.0,0.51,52345000.0,0.5545726151629444,331493000.0,272239000.0,253158000.0,16851000.0,59254000.0,0.0,-118088000.0,1966457250.0,1803340250.0,5.918367790604144,15.023322058038099,0.0,0.0,0.0844594463040365,5.918367790604144,0.08770602301654061,20.83376329618172,20.58945062193743,7.223275320582282,0.5006910415881393,0.0,0.006079460918868182,0.28473602760842615,15.023322058038099,0.07202867028866371,70.35876954452753,0.5545726151629444,-0.03773584905660381,1.3363846244437405,0.4398937445994289,0.19228818981353998,0.08345579864632707,-0.037528216704288936,0.09029914154287891,0.25821327595048404,0.22844145611801212,0.04492408758367806,Asset Management,Financial Services,CNS
2016Q2,2016,Q2,2016-08-05,2016-06-30,24808000.0,86373000.0,34131000.0,0.53,48313000.0,0.5593530385652924,297070000.0,255203000.0,221219000.0,11892000.0,41867000.0,0.0,-129672000.0,1859592960.0,1718908960.0,5.54982167710508,18.602337706020855,0.0,0.0,0.08635254719069646,5.54982167710508,0.09720888861024361,21.529794727519015,18.739851660754592,7.286720610651128,0.48169945178974527,0.0,0.006426137470427938,0.2907496549634766,18.602337706020855,0.083508937287508,63.17839777128491,0.5593530385652924,0.358974358974359,0.48713847309737934,0.3209017962685444,-0.06280337393779892,0.12515428864202707,0.37189625615218713,0.20574416222135866,0.5641102230513574,0.06973580754966338,0.04896677314223532,Asset Management,Financial Services,CNS
2016Q1,2016,Q1,2016-05-06,2016-03-31,18083000.0,79681000.0,28307000.0,0.39,42939000.0,0.5388863091577666,278280000.0,237588000.0,196510000.0,18823000.0,40692000.0,0.0,-142266000.0,1782847360.0,1659933360.0,5.186604959832343,10.439887371832333,0.0,0.0,0.07353132851013364,5.186604959832343,0.07611074633398993,22.374811561099886,24.64811369794835,7.503945317103558,0.6619476856716253,0.0,0.006713979148500969,0.2863339082938048,10.439887371832333,0.06498131378467731,-448.0641769288766,0.5388863091577666,2.0,0.3098001291475789,0.36764349986235634,-0.07277210895698236,-0.051176665561816374,2.0758632420479675,-0.06737612018977332,0.15074051240495592,0.059556011542283196,0.025223737452898052,Asset Management,Financial Services,CNS
2015Q4,2015,Q4,2016-02-26,2015-12-31,5879000.0,81671000.0,30352000.0,0.13,45255000.0,0.5541134552044177,305322000.0,231776000.0,210582000.0,17341000.0,73546000.0,0.0,-148096000.0,1387571520.0,1244843520.0,5.09129250505228,12.143590335044115,0.0,0.0,0.04176425824809758,5.09129250505228,0.025365007593538588,16.989770175460077,59.00542269093383,5.986691978461963,5.800136077564211,0.0,0.024574589135412637,0.2674913697670001,12.143590335044115,0.019255081520493118,67.17848075526507,0.5541134552044177,-0.6486486486486487,-0.5639843843193906,0.4912992222261676,-0.06076218098255643,0.0012832710135628471,-0.6560580354531095,-0.03574038186612447,-0.7394239294205803,0.10606254890154258,0.0303884619145421,Asset Management,Financial Services,CNS
2015Q3,2015,Q3,2015-11-06,2015-09-30,17093000.0,79667000.0,31477000.0,0.37,45197000.0,0.5673239860921084,296023000.0,245942000.0,239147000.0,6005000.0,50081000.0,0.0,-118914000.0,1248975000.0,1102728000.0,5.405318681318682,39.824646128226476,0.0,0.0,0.07616717569587794,5.405318681318682,0.06950012604597831,15.67744486424743,18.267346282103787,5.078331476526985,0.664833557596677,0.0,0.00909866090193959,0.26912435858024547,39.824646128226476,0.05774213490167994,39.84479678427869,0.5673239860921084,-0.1777777777777778,0.22025074947843307,0.6143894392504762,0.03869575522904077,-0.008446316528454215,-0.17675673072292059,0.00981681691315646,0.6043879920878263,0.07620274737605305,-0.09283073002383177,Asset Management,Financial Services,CNS
2015Q2,2015,Q2,2015-08-07,2015-06-30,20763000.0,83502000.0,31171000.0,0.45,45582000.0,0.5458791406193864,277011000.0,241905000.0,221305000.0,1397000.0,35106000.0,0.0,-124380000.0,1549344960.0,1423537960.0,5.32103734987462,158.41445955619184,0.0,0.0,0.08119577209735789,5.32103734987462,0.08583121473305637,18.554585039879285,18.655119202427393,6.404766168537235,0.547127101093291,0.0,0.007332130863871659,0.3014392930244647,158.41445955619184,0.07495370219955164,44.23413921087192,0.5458791406193864,0.0,0.6819154767296953,0.7743719194457972,-0.21375491572731872,-0.06173195282106173,-0.002546118370484243,-0.09777417580827232,0.2443311052693559,0.19326176669085837,-0.08199302065457635,Asset Management,Financial Services,CNS
2015Q1,2015,Q1,2015-05-08,2015-03-31,20816000.0,83815000.0,34549000.0,0.45,48581000.0,0.579621786076478,255002000.0,227639000.0,182902000.0,1164000.0,27363000.0,0.0,-133574000.0,1852618950.0000002,1753125950.0000002,5.031696912093013,157.13230240549828,0.0,0.0,0.09553703556224989,5.031696912093013,0.09144303041218772,22.103668197816624,22.249939349538817,8.138407522436841,0.545445810914681,0.0,0.006128621322803591,0.32868369659845803,157.13230240549828,0.0816307323079819,5417.014473684211,0.579621786076478,0.32352941176470584,1.207301795728223,0.9089153074114324,-0.25582377106009874,0.037213373756351684,0.326028793476876,0.06797527047913447,0.11118941361680573,0.2674828303198965,-0.09619085317312863,Asset Management,Financial Services,CNS
2014Q4,2014,Q4,2015-02-27,2014-12-31,15698000.0,81842000.0,32350000.0,0.34,46838000.0,0.5722978421837198,280721000.0,227981000.0,191404000.0,4141000.0,52740000.0,0.0,-142786000.0,1887372160.0,1762434160.0,5.082961740836529,46.22168558319247,0.0,0.0,0.07742152409451365,5.082961740836529,0.06885661524425281,23.061168593142884,30.057525799464898,8.278637956671828,3.48292776149828,0.0,0.02896884947163786,0.29154213614229074,46.22168558319247,0.05592029096505071,54.49477854131778,0.5722978421837198,-0.15,0.2803615321524805,0.9496061724952566,-0.23988159413752938,0.03812225719225143,-0.13671359436867575,0.000711479568162836,-0.04903373974284522,0.33902121992987166,-0.03856538981825896,Asset Management,Financial Services,CNS
2014Q3,2014,Q3,2014-11-06,2014-09-30,18184000.0,80845000.0,32327000.0,0.4,45118000.0,0.5580802770734121,327334000.0,262003000.0,275010000.0,3342000.0,65331000.0,0.0,-101783000.0,1723611160.0,1585804160.0,5.843194540467004,82.28904847396768,0.0,0.0,0.07735414362446354,5.843194540467004,0.06940378545283833,21.319947553961285,23.696809832820062,6.578593222215012,0.5421249450065992,0.0,0.005719387428426723,0.2469801487166014,82.28904847396768,0.055551821686717545,129.0611126918757,0.5580802770734121,-0.18367346938775503,1.2787629183750282,1.2597409046347288,-0.08487471283158315,0.04246765249537893,-0.1802731821665239,0.08962518538492652,0.8253513645603038,0.26520033577358443,0.1771441194381398,Asset Management,Financial Services,CNS
2014Q2,2014,Q2,2014-08-08,2014-06-30,22183000.0,78412000.0,29668000.0,0.49,43280000.0,0.5519563332143039,293130000.0,249872000.0,215901000.0,1461000.0,43258000.0,0.0,-109853000.0,1944508500.0,1832180500.0,5.574389291689905,147.77618069815196,0.0,0.0,0.07853397499044008,5.574389291689905,0.08877745405647691,24.798608631331938,21.914399540188434,7.78201839341743,0.0,0.0,0.0,0.26749906184969124,147.77618069815196,0.07567632108620749,1316.5257278266756,0.5519563332143039,0.13953488372093023,4.2647750475056005,1.8116105476905224,-0.06794635617050122,0.06874753062030818,0.14080740550269993,0.0750833454123786,0.36416336863169557,0.2301597298638471,-0.05865464865635803,Asset Management,Financial Services,CNS
2014Q1,2014,Q1,2014-05-09,2014-03-31,19445000.0,72835000.0,27596000.0,0.43,40496000.0,0.5559964302876365,274231000.0,231362000.0,202702000.0,17245000.0,42869000.0,0.0,-121936000.0,1778625050.0,1652880050.0,5.183653350659826,11.75424760800232,0.0,0.0,0.07595981410445973,5.183653350659826,0.08404578107035728,24.41992242740441,22.867383003342763,7.687628262203819,0.0,0.0,0.0,0.26559725195182166,11.75424760800232,0.07090737371048496,-2223.2813125,0.5559964302876365,0.0,2.269711836868366,1.9302727826133799,-0.05335720459627494,-0.05665300037271711,0.001648379951578839,-0.059953672162419945,0.445532119002473,0.2830497790641239,-0.07329977866952296,Asset Management,Financial Services,CNS
2013Q4,2013,Q4,2014-03-14,2013-12-31,19413000.0,73432000.0,29356000.0,0.43,42928000.0,0.5845952718161019,274926000.0,223557000.0,198188000.0,7575000.0,51369000.0,0.0,-131366000.0,1775659500.0,1647382500.0,5.043587140439932,26.163432343234323,0.0,0.0,0.08143627377681859,5.043587140439932,0.08683691407560488,24.181004194356685,22.866886879925826,7.942759564674781,2.737186421470149,0.0,0.029925219333999564,0.267097328008264,26.163432343234323,0.0706117282468737,53.99274789430474,0.5845952718161019,0.04878048780487809,3.6553791353054432,1.5066606190033378,-0.13110332179746934,0.031774263327404705,0.061806049335448233,0.05905696453696021,0.478709654304012,0.3771268484476823,-0.06956283083118922,Asset Management,Financial Services,CNS
2013Q3,2013,Q3,2013-11-08,2013-09-30,18283000.0,74026000.0,27719000.0,0.41,41606000.0,0.5620457677032394,297111000.0,251008000.0,223455000.0,8846000.0,46103000.0,0.0,-96483000.0,1564833270.0,1420988270.0,5.663921294311438,25.260569749039114,0.0,0.0,0.07054367993202731,5.663921294311438,0.07283831591024988,21.138968335449707,21.397381037028936,6.234196798508415,0.48432970519061425,0.0,0.005658749829622423,0.24915267357990784,25.260569749039114,0.06153592428419009,39.12474422442244,0.5620457677032394,0.20588235294117632,12.077773983243103,0.4264230523359535,-0.06773807305679166,-0.03743290764390154,0.19637482004973172,-0.0293448191336625,0.34004472289076587,0.5401221628915853,0.08838929824530267,Asset Management,Financial Services,CNS
2013Q2,2013,Q2,2013-08-08,2013-06-30,15282000.0,77796000.0,28557000.0,0.34,43224000.0,0.5556069720808268,353201000.0,234412000.0,298436000.0,9746000.0,118789000.0,0.0,-105670000.0,1482921820.0,1375456820.0,5.290750688394349,30.621383131541144,0.0,0.0,0.056401335447552665,5.290750688394349,0.06519290821289013,19.061671808319193,24.2592890328491,6.326134412914014,0.0,0.0,0.0,0.220259852038924,30.621383131541144,0.04326714816775717,60.237298724510524,0.5556069720808268,0.0,0.06287297655856047,0.33001918169668637,-0.20212635108895718,0.2712567277433017,0.009312462849217357,0.37889908256880733,0.27022382037118803,0.6962546076552063,-0.21823012180878992,Asset Management,Financial Services,CNS
2013Q1,2013,Q1,2013-05-09,2013-03-31,15141000.0,72459000.0,20710000.0,0.34,34001000.0,0.4692446762997005,354336000.0,223289000.0,302489000.0,14001000.0,131047000.0,0.0,-111861000.0,1573484050.0,1505712050.0,5.058998119491583,21.604813941861295,0.0,0.0,0.06082729519321917,5.058998119491583,0.06780898297721787,21.715508770477097,25.98051730400898,7.046849822427437,0.0,0.0,0.0,0.20449234624762938,21.604813941861295,0.0427306285559469,-56.48027746868158,0.4692446762997005,-0.3061224489795918,0.105741254938731,0.282513857405688,-0.220463344116144,-0.24696580439404678,-0.30299682364314323,-0.3673051660403874,0.6456913333116971,0.6915569834944684,-0.2517859862089196,Asset Management,Financial Services,CNS
2012Q4,2012,Q4,2013-03-15,2012-12-31,21723000.0,71095000.0,32733000.0,0.49,45152000.0,0.635093888459104,337315000.0,216580000.0,280519000.0,8836000.0,120735000.0,0.0,-117889000.0,1335561040.0,1254849040.0,4.941138893958752,31.747283838841106,0.0,0.0,0.09723436942082281,4.941138893958752,0.1003001200480192,18.785583233701384,15.370356764719421,6.166594514728968,3.387469502370759,0.0,0.05509744429202577,0.2107673836028638,31.747283838841106,0.0643997450454323,32.51201441125636,0.635093888459104,1.1304347826086956,0.11071261304192638,0.016134438388736114,-0.2655639356772304,0.8192513799911358,1.1170451223077673,1.6744832094125337,0.8130034102652456,0.7330067007621756,-0.26109012604866505,Asset Management,Financial Services,CNS
2012Q3,2012,Q3,2012-11-09,2012-09-30,10261000.0,71296000.0,12239000.0,0.23,24819000.0,0.3481120960502693,365916000.0,261111000.0,312467000.0,25095000.0,58036000.0,0.0,-62907000.0,1338323880.0,1229683880.0,5.9584455296426455,12.45136481370791,0.0,0.0,0.03355647148495707,5.9584455296426455,0.03929746353083555,18.771373990125674,32.60705291881883,5.12549789170123,0.7674690575967255,0.0,0.0058842258721409045,0.19484253216585226,12.45136481370791,0.028041954984204025,-220.66345919208572,0.3481120960502693,-0.36111111111111105,-0.3825779862560559,-0.02026268584240894,-0.09469032609941562,-0.3463523834606268,-0.3618384227874868,-0.5304251074278699,0.31571895812383244,1.0390804949453016,-0.06682480984865533,Asset Management,Financial Services,CNS
2012Q2,2012,Q2,2012-08-09,2012-06-30,16079000.0,67432000.0,26064000.0,0.36,37970000.0,0.563085775299561,335785000.0,253924000.0,284613000.0,19343000.0,48937000.0,0.0,-65089000.0,1511814080.0,1403841080.0,5.796292914536158,14.714005066432302,0.0,0.0,0.06407630026541097,5.796292914536158,0.06332209637529339,22.419831533989797,23.506033957335653,5.953805390589309,0.0,0.0,0.0,0.20081897642836935,14.714005066432302,0.04788480724272972,38.47932194761893,0.563085775299561,-0.1219512195121951,-0.1759585331161435,-0.0711819707619201,-0.08984405986711344,0.05987438939288207,-0.10939404010191647,0.02630335485903292,3.4213573602140257,1.4740333251154831,-0.030843443289776222,Asset Management,Financial Services,CNS
2012Q1,2012,Q1,2012-05-10,2012-03-31,18054000.0,63730000.0,25396000.0,0.41,35825000.0,0.5621371410638631,318150000.0,242736000.0,266782000.0,46937000.0,46937000.0,0.0,-73101000.0,1390871900.0,1314666900.0,5.567211761198138,5.683831518844409,0.0,0.0,0.06723063895927399,5.567211761198138,0.0743771010480522,21.824445316177624,19.259885620915032,5.7299778360029,0.0,0.0,0.0,0.20031431714600031,5.683831518844409,0.056746817538896745,-24.264613317981194,0.5621371410638631,0.11400324048108672,-0.221006014968659,-0.20063271854200532,-0.0804146432448688,0.08679165149860454,0.1250701065619742,0.11390850475898066,2.206786068124794,1.6246504594126525,0.016688529828921318,Asset Management,Financial Services,CNS
2011Q4,2011,Q4,2012-03-15,2011-12-31,16047000.0,59416000.0,22799000.0,0.36804201738492237,32964000.0,0.5548000538575468,286233000.0,230512000.0,230294000.0,29964000.0,50925000.0,0.0,-83063000.0,1260068900.0,1141544900.0,5.286851219008739,7.685689494059538,0.0,0.0,0.06306782205217029,5.286851219008739,0.06961459707086833,21.207568668372154,19.630910762136224,5.466391771361144,0.40393843085935066,0.0,0.005144163148538941,0.20757914007120074,7.685689494059538,0.056062718135225495,45.081353082179525,0.5548000538575468,0.6729182608405562,-0.06817585237780754,-0.00597485258112101,-0.08057332275249111,-0.017114914425427872,0.6705184259837601,0.017948832432915122,3.2314133691966886,1.0618918707365939,-0.0891943899383088,Asset Management,Financial Services,CNS
2011Q3,2011,Q3,2011-11-08,2011-09-30,9606000.0,61616000.0,22397000.0,0.22,33538000.0,0.544306673591275,258108000.0,214623000.0,177426000.0,43049000.0,43049000.0,0.0,-92483000.0,1243063750.0,1147851750.0,4.963873534241506,4.121489465492811,0.0,0.0,0.056693017448942715,4.963873534241506,0.044757551613759945,20.174366236042587,32.35123230272746,5.79184779823225,5.1717676452217365,0.0,0.03996577005805213,0.23872177538084832,4.121489465492811,0.03721697893904877,65.43818435460096,0.544306673591275,-0.38888888888888884,-0.43585508991172733,0.05466171052866524,0.36810969172656516,0.0014033620972798662,-0.38733337585305183,-0.021751474120987116,6.965713927352108,0.2169489714252163,-0.18296352197158128,Asset Management,Financial Services,CNS
2011Q2,2011,Q2,2011-08-08,2011-06-30,15679000.0,61459000.0,22895000.0,0.36,33491000.0,0.5449323939536928,293811000.0,255937000.0,209525000.0,34495000.0,34495000.0,0.0,-50145000.0,1432743000.0,1292072000.0,5.921726052753355,6.074068705609509,0.0,0.0,0.05825093714628629,5.921726052753355,0.061261169740990946,23.31217559673929,22.844935901524334,5.59802998394136,0.0,0.0,0.0,0.2091786897018832,6.074068705609509,0.05336423755407388,42.211507866360265,0.5449323939536928,0.2,1.3818222079231013,0.343815611160817,0.7966166322140208,0.15426503532655522,0.20840077071290944,0.21054301274255802,0.11788546830999187,0.07711954621310306,-0.10697187377850201,Asset Management,Financial Services,CNS
2011Q1,2011,Q1,2011-05-10,2011-03-31,12975000.0,54755000.0,18913000.0,0.3,29015000.0,0.5299059446625879,271785000.0,240813000.0,189865000.0,27168000.0,27168000.0,0.0,-59197000.0,1277753680.0,1160070680.0,5.593667975192214,6.988552709069493,0.0,0.0,0.050950261897583254,5.593667975192214,0.05387998156245718,23.335835631449182,24.619531406551058,5.305999593045226,0.0,0.0,0.0,0.20146439281049358,6.988552709069493,0.04773994149787516,-112.36950839855774,0.5299059446625879,0.012885263900870572,0.376172526041377,0.33763111069598745,0.30098147915444856,2.02551867953204,0.017567249627480196,0.4489389412395618,-0.028537843309277132,-0.0063965736412723365,-0.13807652730573158,Asset Management,Financial Services,CNS
2010Q4,2010,Q4,2011-03-16,2010-12-31,12751000.0,51790000.0,13053000.0,0.29618359619985596,-28293000.0,-0.5463023749758641,277586000.0,233365000.0,185966000.0,44221000.0,44221000.0,0.0,-65553000.0,1123631100.0,987440100.0,5.420663863789459,4.205377535560028,0.0,0.0,0.039215503524931646,5.420663863789459,0.054639727465558244,21.695908476539874,22.030254489843937,4.814908405287854,0.33479727080229,0.0,0.003799289642303421,0.18657280986793282,4.205377535560028,0.04593531374060651,43.54484188497907,-0.5463023749758641,-0.012721346000480102,0.41287100665662346,0.2798749768049529,0.31004999405210737,-2.2183705107225906,-0.03129985565600547,-0.06577440595476668,-0.3362046728586103,-0.24635631119478105,-0.194288782489865,Asset Management,Financial Services,CNS
2010Q3,2010,Q3,2010-11-09,2010-09-30,13163000.0,46372000.0,13972000.0,0.3,23222000.0,0.5007763305442939,171388000.0,222500000.0,135619000.0,6560000.0,31100000.0,0.0,-74000000.0,927805200.0,827005200.0,5.203947983908691,20.673628048780486,0.0,0.0,0.04477423977300462,5.203947983908691,0.05915955056179775,20.007875442077115,17.621461672870925,4.169911011235955,6.807566664134316,0.0,0.09658061843154145,0.27056736761033445,20.670731707317074,0.07680234322122903,77.82294916960241,0.5007763305442939,0.111111111111111,0.5379697226693699,0.19022880401267803,0.3028771128492401,-0.4106240958351311,0.13444798758941653,0.048004800480048,-0.18821236919963344,-0.3468763090442623,-0.20932658881073446,Asset Management,Financial Services,CNS
2010Q2,2010,Q2,2010-08-09,2010-06-30,11603000.0,44232000.0,13332000.0,0.27,39401000.0,0.8907804304575873,312050000.0,289182000.0,228174000.0,20916000.0,22868000.0,0.0,6447000.0,886220199.9999999,720690199.9999999,6.767657383571262,10.909064830751579,0.0,0.0,0.03477015828670292,6.767657383571262,0.04012352082771403,20.035725266775184,19.094635008187534,3.0645759417944407,0.0,0.0,0.0,0.14174651498157348,10.909064830751579,0.03718314372696683,99.94588925228373,0.8907804304575873,0.28571428571428586,0.2760474894810651,0.08162291729916124,0.7546883592449877,0.06391424096775936,0.30664414414414415,0.07265266714940864,-0.3903496082519479,-0.37537162848636413,0.0626832803763662,Asset Management,Financial Services,CNS
2010Q1,2010,Q1,2010-05-10,2010-03-31,8880000.0,41344000.0,12429000.0,0.21,37034000.0,0.8957527089783281,308961000.0,288037000.0,228423000.0,20924000.0,20924000.0,0.0,-832000.0,1063296000.0,910551000.0,6.761431924882629,10.91679411202447,0.0,0.0,0.028491516584906958,6.761431924882629,0.030829372615323727,25.71826625386997,29.935135135135138,3.691525741484601,0.0,0.0,0.0,0.13381624217943364,10.91679411202447,0.0287414916445765,231.50359242325277,0.8957527089783281,-0.23177329325890939,0.18083868943313106,0.13882959645776458,0.8100398896007206,0.05084841949946087,-0.23744096178617433,0.11092241687522346,-0.6078425382912279,-0.46923559131524806,0.1168452100483046,Asset Management,Financial Services,CNS
2009Q4,2009,Q4,2010-03-16,2009-12-31,11645000.0,39871000.0,11188000.0,0.2733568075117371,35242000.0,0.8839005793684633,328711000.0,284869000.0,268716000.0,24258000.0,43842000.0,0.0,-5382000.0,972984000.0,836082000.0,6.6870657276995304,11.077417759089785,0.0,0.0,0.030898716446266225,6.6870657276995304,0.040878438861371366,24.403300644578767,20.88844997853156,3.4155489014248657,0.18136539287247747,0.0,0.0021706420660565847,0.12129499773357144,11.077417759089785,0.03542625589043263,66.96379903647626,0.8839005793684633,0.5186489306207616,0.09996992876556872,0.16856028337005866,0.8376771082194521,0.1751250416805602,0.5434062292909212,0.9239896818572657,-0.30790382042182746,-0.31728736587130585,0.16293543507495323,Asset Management,Financial Services,CNS
2009Q3,2009,Q3,2009-11-09,2009-09-30,7545000.0,33827000.0,5815000.0,0.18,29990000.0,0.8865698997841961,328015000.0,270704000.0,277677000.0,21883000.0,57311000.0,0.0,-14871000.0,1017504000.0,907753000.0,6.385130672704972,12.689165105332906,0.0,0.0,0.01705713961747103,6.385130672704972,0.02787177138128731,30.079640523841903,33.71451292246521,3.7587327856256283,0.27965540092776675,0.0,0.0020737019215649275,0.10312638141548405,12.689165105332906,0.0230019968598997,219.2896551724138,0.8865698997841961,2.1999999999999997,1.2944721595695143,-0.06657925244542601,0.559540860557589,0.2913921543297593,2.175050615168977,12.747044917257684,-0.5481045118227149,-0.4095082548837165,0.7598270979325128,Asset Management,Financial Services,CNS
2009Q2,2009,Q2,2009-08-10,2009-06-30,-6421000.0,26355000.0,423000.0,-0.15,23223000.0,0.8811610700056915,285331000.0,253345000.0,235225000.0,15636000.0,31986000.0,0.0,-20261000.0,633282000.0,517752000.0,5.9807601510859305,15.04380915835252,0.0,0.0,0.0019978461464951183,5.9807601510859305,-0.025344885432907693,24.028912919749573,-24.65667341535586,2.4996822514752606,-0.6618906712350101,0.0,0.00671107026569522,0.09236640953839576,15.04380915835252,-0.02250368869838889,80.90992717516289,0.8811610700056915,0.5588235294117647,-1.4706082416496475,-0.35180807685998544,6.322372341984334,0.1367107195301028,0.556530147109607,2.0875912408759123,0.8404582668638285,-0.41204237885283007,0.8145272282103939,Asset Management,Financial Services,CNS
2009Q1,2009,Q1,2009-05-11,2009-03-31,-14479000.0,23500000.0,137000.0,-0.34,20430000.0,0.8693617021276596,255676000.0,231069000.0,206974000.0,14853000.0,24607000.0,0.0,-11686000.0,470929680.0,364586680.0,5.475828238305133,13.934827980879284,0.0,0.0,0.0005269092492066114,5.475828238305133,-0.06266093677646072,20.03956085106383,-8.131253539609089,2.03804785583527,0.0,0.0,0.0,0.09191320264710023,13.934827980879284,-0.056630266430951676,-64.1418795968401,0.8693617021276596,-1.061396551724138,-1.981815247234652,-0.4575268838679052,6.621174622745364,-0.7402151522087435,-1.080316091954023,-0.9816033302000806,-2.5667346951636025,-0.4143045960666021,0.27357418292620617,Asset Management,Financial Services,CNS
2008Q4,2008,Q4,2009-03-16,2008-12-31,-6960000.0,27889000.0,7447000.0,-0.16493672685909286,78642000.0,2.8198214349743624,286122000.0,244942000.0,231370000.0,41180000.0,41180000.0,0.0,4981000.0,463756020.0,352599020.0,5.804587895160908,5.618504128217581,0.0,0.0,0.0016209153977921084,5.804587895160908,-0.028414890055605,16.628635662806126,-16.657903017241377,1.8933299311673786,-0.5977011494252874,0.0,0.00897023396052088,0.09747240687538881,5.618504128217581,-0.02432528781428901,25.533007763034743,2.8198214349743624,-3.1234181714773213,-1.607338381897363,-0.27682282416312354,6.46040708581863,2.4287582839204744,-3.4615384615384617,-0.4076048047092515,-1.786790093381169,-0.2968532796772245,0.40283561729918704,Asset Management,Financial Services,CNS
2008Q3,2008,Q3,2008-11-10,2008-09-30,-1560000.0,49053000.0,12571000.0,-0.04,22936000.0,0.46757588730556743,295727000.0,254495000.0,240133000.0,33855000.0,41232000.0,0.0,16208000.0,1186715370.0,1082891370.0,6.075461338298838,7.092984788066755,0.0,0.0,-0.029221670585847133,6.075461338298838,-0.006129786439812177,24.192513607730415,-190.1787451923077,4.663020373681212,-5.869871794871795,0.0,0.00771625634207468,0.16587257842537204,7.092984788066755,-0.005275135513497246,106.20327277608735,0.46757588730556743,-1.125,-1.3031531067298068,0.8008481331794629,0.0,0.0,-1.114866357411089,-0.38407643312101913,-1.1860435331093029,0.2851010483670564,0.5210719922923922,Asset Management,Financial Services,CNS
2008Q2,2008,Q2,2008-08-11,2008-06-30,13581000.0,55250000.0,20410000.0,0.32,0.0,0.0,315906000.0,277510000.0,252940000.0,38396000.0,38396000.0,0.0,27239000.0,1086844500.0,985790500.0,6.631063321385902,6.587665381810606,0.0,0.0,0.04560915242842045,6.631063321385902,0.04893877698100969,19.67139366515837,20.006709741550694,3.916415624662174,0.6730726750607466,0.0,0.0084105867950751,0.1748937975220477,6.587665381810606,0.04299063645514805,57.223424419522985,0.0,0.03225806451612906,4.299437703462562,1.0937988679924164,0.0,0.0,0.04469230769230769,0.10617310714866403,0.5249855371352533,0.3794596968696782,0.7192728532176776,Asset Management,Financial Services,CNS
2008Q1,2008,Q1,2008-05-09,2008-03-31,13000000.0,53638000.0,18451000.0,0.31,0.0,0.0,176888000.0,271940000.0,134777000.0,8778000.0,22869000.0,0.0,23117000.0,1110010470.0,1009157470.0,6.489750137221678,15.35395306447938,0.0,0.0,0.04271605565395417,6.489750137221678,0.04780466279326322,20.694479100637608,21.34635519230769,4.081821247333971,0.7026153846153846,0.0,0.008228751211689022,0.3032314232734838,27.023012075643656,0.07349283162226945,-52.39853049471299,0.0,-0.305239878055303,-0.11226916066568342,0.24689442982504278,8.032335731016412,0.0,-0.3047012889768412,-0.32418870412424,0.757459974075874,0.5020462709035328,0.7373104916850727,Asset Management,Financial Services,CNS
2007Q4,2007,Q4,2008-03-14,2007-12-31,18697000.0,66887000.0,27302000.0,0.4461971696537241,0.0,0.0,332245000.0,281915000.0,260786000.0,50330000.0,50330000.0,0.0,19567000.0,1255832910.0,1118861910.0,6.727799918860224,5.181521955096364,0.0,0.0,0.06004467126780857,6.727799918860224,0.06632140893531738,18.775440818096193,16.791903915066587,4.454650905414753,0.44493769053858906,0.0,0.006624288895248015,0.20131830426342007,5.181521955096364,0.05627473701635841,28.369505726613504,0.0,0.20593829636141645,0.6430098510211603,0.7466272721556918,7.646974960699335,0.0,0.1788033541390833,0.26980140458583324,0.7954682504050378,0.9929673917321952,0.8488712991644832,Asset Management,Financial Services,CNS
2007Q3,2007,Q3,2007-11-08,2007-09-30,15861000.0,69451000.0,21501000.0,0.37,0.0,0.0,204752000.0,275265000.0,164683000.0,14582000.0,41111000.0,0.0,9306000.0,1626078240.0,1502167240.0,6.58166559070368,11.293581127417363,0.0,0.0,0.04841744724166084,6.58166559070368,0.05762083810146586,23.413316438928167,25.630134291658788,5.9073192741539975,0.5243048988083979,0.0,0.00511414506106422,0.3391957099320153,17.18989164723632,0.07746444479174806,53.487656327094506,0.0,-0.15909090909090912,2.0871149495871975,1.5537291328643945,0.0,0.0,-0.1482654924283106,-0.21137764084507044,1.6275166650374016,0.9426840362330475,0.6075436737898315,Asset Management,Financial Services,CNS
2007Q2,2007,Q2,2007-08-08,2007-06-30,18622000.0,69287000.0,27264000.0,0.44,0.0,0.0,185918000.0,266259000.0,144684000.0,10328000.0,31701000.0,0.0,1932000.0,1816601050.0,1704113050.0,6.368461336075964,14.008907823392718,0.0,0.0,0.06351436759145397,6.368461336075964,0.06993941988815401,26.21849769798086,24.387834953281068,6.822684115842094,0.8920094511867683,0.0,0.009143999999339425,0.3726750502909885,22.644848954298993,0.10016243720349832,45.944537039378844,0.0,-0.15384615384615388,6.273610593917599,1.6283313675980329,0.0,0.0,-0.1655314572504033,-0.203412610296266,0.3828317815180552,0.7265474704820071,6.797043180173709,Asset Management,Financial Services,CNS
2007Q1,2007,Q1,2007-05-09,2007-03-31,22316000.0,76767000.0,34226000.0,0.52,0.0,0.0,173167000.0,254167000.0,130879000.0,7439000.0,31314000.0,0.0,-8216000.0,1808627640.0,1709135640.0,6.054045685158278,17.593628175830084,0.0,0.0,0.08346928787885913,6.054045685158278,0.08780054058945497,23.559962483879794,20.26155717870586,7.115902693898106,0.24560853199498117,0.0,0.003030474531507215,0.44331194742647273,30.063987095039657,0.12886981930737382,-659.842261948194,0.0,0.3165577131829695,0.5209885886187026,0.7811616093145464,7.425928888330173,0.0,0.3457966469665903,0.5285605823768479,0.5209885886187026,0.7811616093145464,7.425928888330173,Asset Management,Financial Services,CNS
