Quarters,Year,Quarter,FillingDate,Date,NetIncome,Revenue,OperatingIncome,EPSDiluted,GrossProfit,GrossProfitRatio,TotalAssets,CommonStockEquity,CurrentAssets,CurrentLiability,TotalLiability,Inventory,RetainedEarnings,MarketCap,EnterpriseValue,bookValuePerShare,currentRatio,debtToAssets,debtToEquity,roic,shareholdersEquityPerShare,roe,priceToSalesRatio,peRatio,pbRatio,payoutRatio,inventoryTurnover,dividendYield,assetTurnover,quickRatio,returnOnAssets,priceToFreeCashFlowsRatio,grossProfitMargin,epsdilutedGrowth,fiveYNetIncomeGrowthPerShare,fiveYRevenueGrowthPerShare,fiveYShareholdersEquityGrowthPerShare,grossProfitGrowth,netIncomeGrowth,operatingIncomeGrowth,threeYNetIncomeGrowthPerShare,threeYRevenueGrowthPerShare,threeYShareholdersEquityGrowthPerShare,Industry,Sector,Symbol
2023Q1,2023,Q1,2023-04-27,2023-03-31,23000000.0,708000000.0,62000000.0,0.16,133000000.0,0.1878531073,6359000000.0,2349000000.0,2024000000.0,915000000.0,3960000000.0,1359000000.0,1083000000.0,2231416500.0,4906416500.0,15.13774770420493,2.212021857923497,0.43874823085390785,1.1877394636015326,0.008648877877844366,15.13774770420493,0.009791400595998296,3.151718220338983,24.254527173913047,0.9499431673052363,0.08695652173913043,0.42310522442972776,0.0008962916604766523,0.11133826073281962,0.580327868852459,0.003616920899512502,-12.973351744186047,0.18785310734463276,2.766004415011037,1.4120744906776805,0.2627330841620212,1.2337216687723478,0.26666666666666666,2.642857142857143,2.1481481481481484,-0.33886579668116645,-0.09799731961992686,2.9072360873551446,Chemicals,Basic Materials,TROX
2022Q4,2022,Q4,2023-02-22,2022-12-31,-14000000.0,649000000.0,-54000000.0,-0.0906,105000000.0,0.1617873652,6306000000.0,2357000000.0,1960000000.0,850000000.0,3903000000.0,1278000000.0,1080000000.0,2118551460.0000002,4622551460.0,15.253096566273637,2.3058823529411763,0.4230891214716143,1.1319473907509545,-0.007718617591505438,15.253096566273637,-0.005939753924480272,3.264331987673344,-37.831276071428576,0.8988338820534578,-1.9285714285714286,0.42566510172143973,0.012744557075804993,0.10291785601014906,0.6435294117647059,-0.0022201078338090706,16.81390047619048,0.1617873651771957,-1.1176623376623376,0.0,0.09469094755619728,1.2252041563673914,-0.5474137931034483,-1.115702479338843,-1.3312883435582823,0.0,-0.1398727989269387,1.8940711550471303,Chemicals,Basic Materials,TROX
2022Q3,2022,Q3,2022-10-27,2022-09-30,121000000.0,895000000.0,163000000.0,0.77,232000000.0,0.2592178771,6159000000.0,2271000000.0,1967000000.0,838000000.0,3837000000.0,1132000000.0,1116000000.0,1893213000.0,4444213000.0,14.694463855889433,2.347255369928401,0.4289657411917519,1.1633641567591368,0.028518148688668702,14.694463855889433,0.05328049317481286,2.1153217877094974,3.9115971074380167,0.8336472919418758,0.15702479338842976,0.5856890459363958,0.010035849109424032,0.14531579801915895,0.8114558472553699,0.01964604643610976,75.72852,0.25921787709497207,-0.6751054852320675,1.3784840138236734,0.5896184766016971,1.3457118405247028,-0.11787072243346007,-0.6773333333333333,-0.14210526315789473,9.568728460762005,0.07284301438711598,2.134481152156277,Chemicals,Basic Materials,TROX
2022Q2,2022,Q2,2022-07-28,2022-06-30,375000000.0,945000000.0,190000000.0,2.37,263000000.0,0.2783068783,6220000000.0,2275000000.0,2004000000.0,885000000.0,3894000000.0,1106000000.0,1014000000.0,2618565600.0,5121565600.0,14.595777168996644,2.2644067796610168,0.4204180064308682,1.1494505494505494,0.09437286088182001,14.595777168996644,0.16483516483516483,2.770968888888889,1.7457104,1.1510178461538463,0.10666666666666667,0.6166365280289331,0.015275538638405698,0.15192926045016078,0.8508474576271187,0.06028938906752412,-39.08306865671642,0.2783068783068783,22.7,94.58469720980067,0.16176898859500494,0.7173163763261324,0.1336206896551724,22.4375,0.25,6.847339450072922,0.15497890730643915,1.8233366861199334,Chemicals,Basic Materials,TROX
2022Q1,2022,Q1,2022-04-28,2022-03-31,16000000.0,965000000.0,152000000.0,0.1,232000000.0,0.2404145078,6215000000.0,2073000000.0,2189000000.0,923000000.0,4086000000.0,1050000000.0,659000000.0,3060107910.0,5434107910.0,13.406282133364375,2.371614301191766,0.42896218825422366,1.286058851905451,0.014833971747139336,13.406282133364375,0.007718282682103232,3.171096279792746,47.814186093749996,1.4761736179450073,0.0625,0.6980952380952381,0.00032678586161361873,0.15526950925181013,1.0270855904658722,0.002574416733708769,35.58265011627907,0.24041450777202072,-0.8148148148148149,1.2948110733653755,0.2812170603801711,0.5802773435004637,0.06422018348623854,-0.8160919540229885,0.23577235772357724,1.378274678709153,0.9889731103280955,1.8929639653622543,Chemicals,Basic Materials,TROX
2021Q4,2021,Q4,2022-02-22,2021-12-31,87000000.0,884000000.0,123000000.0,0.54,218000000.0,0.2466063348,5987000000.0,1994000000.0,2049000000.0,822000000.0,3945000000.0,1048000000.0,663000000.0,3699058050.0,6128058050.0,12.95351934257966,2.4927007299270074,0.4437948889260063,1.3324974924774322,0.021744342935171336,12.95351934257966,0.043630892678034106,4.184454807692307,10.629477155172413,1.8550943079237714,0.21839080459770116,0.6354961832061069,0.005136442776290034,0.14765324870552865,1.0523114355231145,0.01453148488391515,73.981161,0.24660633484162897,-0.22857142857142848,-0.4611440212949152,0.21894747024469283,0.4815539984361096,-0.10655737704918032,-0.21621621621621623,-0.26785714285714285,14.912200604151101,0.6475612000736242,1.3342697030239563,Chemicals,Basic Materials,TROX
2021Q3,2021,Q3,2021-10-28,2021-09-30,111000000.0,870000000.0,168000000.0,0.7,244000000.0,0.28045977011494255,6043000000.0,1950000000.0,2102000000.0,779000000.0,4044000000.0,1011000000.0,596000000.0,3790233300.0,6224233300.0,12.681937019549693,2.6983311938382544,0.4539136190633791,1.4066666666666667,0.028321055505330334,12.681937019549693,0.05692307692307692,4.35659,8.536561486486486,1.9437093846153846,0.16216216216216217,0.619188921859545,0.004749048033533978,0.14396822770147277,1.2066752246469834,0.018368360086049976,19.844153403141362,0.28045977011494255,0.5217391304347825,3.0974475162914112,0.23373009426400143,0.7039098710694172,0.07488986784140969,0.5205479452054794,0.12,13.813403181540302,0.5276980521503157,1.2085046220424014,Chemicals,Basic Materials,TROX
2021Q2,2021,Q2,2021-07-29,2021-06-30,73000000.0,927000000.0,150000000.0,0.46,227000000.0,0.24487594390507011,6182000000.0,1922000000.0,2185000000.0,793000000.0,4206000000.0,1020000000.0,501000000.0,3439676800.0,6040676800.0,12.516524808377346,2.755359394703657,0.4697508896797153,1.510926118626431,0.024340180897067378,12.516524808377346,0.03798126951092612,3.710546709816613,11.77971506849315,1.7896341311134234,0.1917808219178082,0.6862745098039216,0.004070149846636754,0.14995147201552894,1.2484237074401008,0.01180847622128761,22.931178666666668,0.24487594390507011,2.8333333333333335,2.104662372929922,0.3061172160225984,0.6638671834513885,0.10194174757281553,2.8421052631578947,0.2,0.6250930707598263,0.5099845739335374,1.124580817232195,Chemicals,Basic Materials,TROX
2021Q1,2021,Q1,2021-04-29,2021-03-31,19000000.0,891000000.0,125000000.0,0.12,206000000.0,0.23120089786756454,6623000000.0,1812000000.0,2640000000.0,1254000000.0,4766000000.0,1052000000.0,440000000.0,2691399300.0,5423399300.0,12.320579855987924,2.1052631578947367,0.5271025215159293,1.9266004415011038,0.01888129763896635,12.320579855987924,0.010485651214128035,3.0206501683501683,35.413148684210526,1.485319701986755,0.7368421052631579,0.6511406844106464,0.00520175508702852,0.13453117922391666,1.1299840510366825,0.002868790578287785,34.95323766233766,0.23120089786756454,-0.6129032258064516,1.1645672969047394,0.4784798892335925,0.5490256148656402,0.15730337078651685,-0.5777777777777777,0.32978723404255317,1.3591668155331285,0.6766820476495318,0.8180211966748309,Chemicals,Basic Materials,TROX
2020Q4,2020,Q4,2021-02-23,2020-12-31,45000000.0,783000000.0,94000000.0,0.31,178000000.0,0.227330779054917,6568000000.0,1698000000.0,2529000000.0,805000000.0,4697000000.0,1137000000.0,434000000.0,2099739020.0,4881739020.0,11.822783576217963,3.1416149068322983,0.5178136419001218,2.002944640753828,0.019895435709299393,11.822783576217963,0.026501766784452298,2.681659029374202,11.665216777777776,1.2365954181389869,0.2222222222222222,0.5321020228671943,0.004762496626842702,0.11921437271619975,1.4447204968944098,0.006851400730816078,15.78751142857143,0.227330779054917,-0.9498381877022655,1.4027022510635632,0.1787508881598875,0.3703174795710026,0.2805755395683453,-0.9497767857142857,0.9183673469387755,0.0,0.4209938832064947,0.7247715596190885,Chemicals,Basic Materials,TROX
2020Q3,2020,Q3,2020-10-29,2020-09-30,896000000.0,675000000.0,49000000.0,6.18,139000000.0,0.20592592592592593,6476000000.0,1551000000.0,2586000000.0,764000000.0,4788000000.0,1176000000.0,400000000.0,1129966730.0,3923966730.0,10.80241539500902,3.384816753926702,0.5429277331686226,2.266924564796905,0.9533855346318947,10.80241539500902,0.5776918117343649,1.6740247851851853,0.3152808956473214,0.7285407672469375,0.011160714285714286,0.4557823129251701,0.008849818082697001,0.10423100679431747,1.5824607329842932,0.13835701050030882,30.539641351351353,0.20592592592592593,207.0,13.027667927296703,-0.0545020359947273,0.061353373924921795,0.07751937984496124,225.0,0.0,4.01677308769315,0.2904646270670167,0.7244149869532779,Chemicals,Basic Materials,TROX
2020Q2,2020,Q2,2020-07-30,2020-06-30,-4000000.0,578000000.0,49000000.0,-0.03,129000000.0,0.2231833910034602,5482000000.0,602000000.0,2507000000.0,727000000.0,4754000000.0,1174000000.0,-485000000.0,1035817300.0,3836817300.0,4.196145401317395,3.4484181568088035,0.6426486683692083,5.852159468438538,-0.0077593032462391145,4.196145401317395,-0.006644518272425249,1.7920714532871973,-64.73858125,1.7206267441860463,-2.5,0.38245315161839866,0.009654212185874865,0.1054359722728931,1.610729023383769,-0.0007296607077708865,18.4967375,0.2231833910034602,-1.1363636363636365,0.9729225088425221,-0.24536304830079306,-0.6436852844343498,-0.26285714285714284,-1.125,-0.379746835443038,-2.1077080356416777,-0.22798804911468268,-0.5062880769079786,Chemicals,Basic Materials,TROX
2020Q1,2020,Q1,2020-05-07,2020-03-31,32000000.0,722000000.0,79000000.0,0.22,175000000.0,0.24238227146814403,5130000000.0,553000000.0,2158000000.0,911000000.0,4451000000.0,1054000000.0,-471000000.0,710825280.0000001,3523825280.0,3.874285394014124,2.3688254665203075,0.630214424951267,5.84629294755877,0.017350720658888125,3.874285394014124,0.05786618444846293,0.9845225484764545,5.5533225,1.2853983363471972,0.3125,0.5189753320683111,0.014068154694779565,0.14074074074074075,1.0757409440175631,0.006237816764132553,-10.770080000000002,0.24238227146814403,0.0,1.5278716351466042,0.515831388653942,-0.7004076387071142,0.18243243243243243,0.0,0.7954545454545454,1.6387504408616556,0.03846059701157322,-0.5433151883937841,Chemicals,Basic Materials,TROX
2019Q4,2019,Q4,2020-03-16,2019-12-31,0.0,693000000.0,44000000.0,0.0,148000000.0,0.21356421356421357,5268000000.0,748000000.0,2073000000.0,702000000.0,4352000000.0,1131000000.0,-493000000.0,1620760660.0,4382760660.0,5.270463561226863,2.952991452991453,0.5816249050873197,4.096256684491979,0.05623721881390593,5.270463561226863,0.0,2.338759971139971,0.0,2.1667923262032085,0.0,0.4818744473916888,0.0037019654709536205,0.1315489749430524,1.1253561253561253,0.0,13.852655213675213,0.21356421356421357,1.0,1.0,0.4042816879575545,-0.6234204681805632,0.11278195488721804,1.0,-0.08333333333333333,-1.0,0.03645524397906519,-0.3971926735709465,Chemicals,Basic Materials,TROX
2019Q3,2019,Q3,2019-11-12,2019-09-30,-13000000.0,768000000.0,48000000.0,-0.09,133000000.0,0.17317708333333334,5157000000.0,667000000.0,2053000000.0,629000000.0,4333000000.0,1035000000.0,-486000000.0,1180907400.0,4032907400.0,4.688005172971225,3.2639109697933226,0.6121776226488268,4.733133433283358,,4.688005172971225,-0.019490254872563718,1.53763984375,-22.709757692307694,1.7704758620689658,-0.5384615384615384,0.6135265700483091,0.005927645131193182,0.1489237929028505,1.4006359300476947,-0.0025208454527826255,13.268622471910112,0.17317708333333334,0.7804878048780487,0.8874768418696276,0.44107119352765195,-0.729103313592132,0.33,0.7903225806451613,4.6923076923076925,0.7345255415454252,0.1769916818768277,-0.37013263214156894,Chemicals,Basic Materials,TROX
2019Q2,2019,Q2,2019-08-09,2019-06-30,-62000000.0,791000000.0,-13000000.0,-0.41,100000000.0,0.1264222503160556,5416000000.0,779000000.0,2262000000.0,718000000.0,4487000000.0,1097000000.0,-466000000.0,1945356260.0,4772356260.0,5.169690614921095,3.15041782729805,0.5952732644017725,4.138639281129653,-0.0029615454711135413,5.169690614921095,-0.07958921694480103,2.459363160556258,-7.844178467741935,2.497248087291399,-0.11290322580645161,0.6298997265268915,0.003598312629893303,0.14604874446085672,1.392757660167131,-0.011447562776957163,84.58070695652174,0.1264222503160556,-0.5185185185185184,0.0,0.22086476893293722,-0.722623219464389,0.20481927710843373,-0.8235294117647058,-1.8125,0.04391808130815074,0.1357313595321271,-0.3127742169290704,Chemicals,Basic Materials,TROX
2019Q1,2019,Q1,2019-05-10,2019-03-31,-34000000.0,390000000.0,16000000.0,-0.27,83000000.0,0.2128205128205128,4726000000.0,576000000.0,2571000000.0,442000000.0,4046000000.0,486000000.0,-397000000.0,1685453760.0,4011453760.0,4.634099246958872,5.816742081447964,0.7181548878544224,5.892361111111111,0.004250646452481315,4.634099246958872,-0.059027777777777776,4.321676307692307,-12.393042352941176,2.9261350000000004,-0.20588235294117646,0.6316872427983539,0.004153184243986616,0.08252221752010157,3.0995475113122173,-0.007194244604316547,120.38955428571428,0.2128205128205128,-4.4,0.4643462324639958,-0.1474466491933286,-0.7557646913355694,-0.2966101694915254,-5.8,-0.7647058823529411,0.6515513835459771,-0.23427607443013793,-0.4173700816621774,Chemicals,Basic Materials,TROX
2018Q4,2018,Q4,2019-02-28,2018-12-31,-5000000.0,429000000.0,68000000.0,-0.05,118000000.0,0.27505827505827507,4642000000.0,683000000.0,2544000000.0,300000000.0,3780000000.0,479000000.0,-357000000.0,957554620.0,3084554620.0,5.5492813558771195,8.48,0.6809564842740198,4.6281112737920935,0.003032555373866507,5.5492813558771195,-0.007320644216691069,2.2320620512820515,-47.877731,1.401983338213763,-1.2,0.6492693110647182,0.006265961099952711,0.0924170616113744,4.51,-0.001077121930202499,-136.79351714285716,0.27505827505827507,-2.0,0.341323168742956,-0.09265755767664996,-0.7185760562788268,-0.024793388429752067,-1.8333333333333333,0.2830188679245283,0.9477873741436169,-0.2463815011906721,-0.35681160092347286,Chemicals,Basic Materials,TROX
2018Q3,2018,Q3,2018-11-06,2018-09-30,6000000.0,456000000.0,53000000.0,0.05,121000000.0,0.26535087719298245,4714000000.0,707000000.0,2604000000.0,346000000.0,3835000000.0,475000000.0,-346000000.0,1527931610.0,3615931610.0,5.7423185321756645,7.526011560693641,0.6714043275350021,4.476661951909477,0.009736919459141681,5.7423185321756645,0.008486562942008486,3.350727214912281,63.663817083333335,2.1611479632248938,0.8333333333333334,0.7052631578947368,0.003272397774400387,0.09673313534153585,4.078034682080925,0.0012728044123886295,18.189662023809525,0.26535087719298245,-0.8275862068965517,1.1128397168274315,-0.14416475465304446,-0.718323511309071,-0.1597222222222222,-0.8333333333333334,-0.18461538461538463,1.0939254879346334,-0.2551300435096899,-0.4358086663569599,Chemicals,Basic Materials,TROX
2018Q2,2018,Q2,2018-08-02,2018-06-30,36000000.0,492000000.0,65000000.0,0.29,144000000.0,0.2926829268292683,4733000000.0,725000000.0,2605000000.0,335000000.0,3836000000.0,451000000.0,-347000000.0,2421879840.0,4554879840.0,5.891291452345547,7.776119402985074,0.669554193957321,4.3710344827586205,0.03628771130613429,5.891291452345547,0.0496551724137931,4.92252,16.81861,3.3405239172413794,0.16666666666666666,0.7716186252771619,0.002477414403845899,0.10395098246355378,4.134328358208955,0.007606169448552715,302.73498,0.2926829268292683,1.8055555555555554,3.5515636456374127,-0.13651846150810087,-0.7197929791185145,0.25217391304347825,1.8181818181818181,3.642857142857143,1.284098798340428,-0.25115178978771086,-0.49974234984855076,Chemicals,Basic Materials,TROX
2018Q1,2018,Q1,2018-05-10,2018-03-31,-44000000.0,442000000.0,14000000.0,-0.36,115000000.0,0.26018099547511314,4858000000.0,829000000.0,2623000000.0,320000000.0,3825000000.0,470000000.0,-377000000.0,2255709880.0,4327709880.0,6.776917606088599,8.196875,0.6475916014820914,3.7949336550060315,0.004011180992313067,6.776917606088599,-0.05307599517490953,5.103416018099548,-12.81653340909091,2.7210010615199036,-0.13636363636363635,0.6957446808510638,0.0026599165314645868,0.09098394400988061,4.4125,-0.009057225195553726,-70.49093375,0.26018099547511314,0.0,0.2849266970511453,-0.12884154765505582,-0.6902218748006689,-0.08,0.0,-0.7666666666666667,0.153080326852266,0.08279730112359038,-0.475951681042315,Chemicals,Basic Materials,TROX
2017Q4,2017,Q4,2018-03-01,2017-12-31,0.0,464000000.0,60000000.0,0.0,125000000.0,0.26939655172413796,4864000000.0,829000000.0,2639000000.0,348000000.0,3849000000.0,473000000.0,-327000000.0,2480458890.0,4511458890.0,6.854695342279992,7.583333333333333,0.6469983552631579,3.796139927623643,-0.015090543259557344,6.854695342279992,0.0,5.3458165732758625,0.0,2.992109638118215,0.0,0.7167019027484144,0.002418907253084932,0.09539473684210527,4.195402298850575,0.0,56.37406568181818,0.26939655172413796,1.0,1.0,-0.09838844376090419,-0.7067748161188593,0.1792452830188679,1.0,0.17647058823529413,1.0,0.10338071259064499,-0.5102256314319744,Chemicals,Basic Materials,TROX
2017Q3,2017,Q3,2017-11-09,2017-09-30,-247000000.0,435000000.0,51000000.0,-2.07,106000000.0,0.24367816091954023,4691000000.0,748000000.0,2524000000.0,299000000.0,3785000000.0,459000000.0,-321000000.0,2519445500.0,4601445500.0,6.264394288346384,8.441471571906355,0.6693668727350245,4.197860962566845,0.027327674897119337,6.264394288346384,-0.3302139037433155,5.791828735632184,-2.550046052631579,3.368242647058824,-0.020242914979757085,0.7167755991285403,0.0019845636668862254,0.09273076103176295,4.575250836120401,-0.052654018332978045,44.20079824561404,0.24367816091954023,-104.49999999999999,-14.155457185791729,-0.08529425774025431,-0.7301002993282073,-0.14516129032258066,-83.33333333333333,-0.07272727272727272,-1.5474798204178157,-0.027412435142429723,-0.6380115651643232,Chemicals,Basic Materials,TROX
2017Q2,2017,Q2,2017-08-09,2017-06-30,3000000.0,622000000.0,55000000.0,0.02,124000000.0,0.19935691318327975,4994000000.0,1013000000.0,1322000000.0,550000000.0,3819000000.0,506000000.0,-69000000.0,1802122560.0,4551122560.0,8.499177769574118,2.403636363636364,0.6111333600320384,3.0128331688055283,0.008456334563345633,8.499177769574118,0.0029615004935834156,2.897303151125402,150.17687999999998,1.7789956169792696,2.0,0.9841897233201581,0.003329407296249596,0.12454945935122147,1.3818181818181818,0.0006007208650380457,34.00231245283019,0.19935691318327975,1.0571428571428572,-0.9981837145826133,0.028495508658092954,-0.7752905763014729,0.37777777777777777,1.0731707317073171,2.4375,0.0,0.21372929612829122,-0.5439814985987732,Chemicals,Basic Materials,TROX
2017Q1,2017,Q1,2017-05-04,2017-03-31,-41000000.0,569000000.0,16000000.0,-0.35,90000000.0,0.15817223198594024,4922000000.0,991000000.0,1245000000.0,510000000.0,3778000000.0,510000000.0,-66000000.0,2155236750.0,4943236750.0,8.483499550571416,2.4411764705882355,0.6202763104429094,3.080726538849647,0.0041762831080338495,8.483499550571416,-0.04137235116044399,3.78776230228471,-13.1416875,2.1748100403632695,-0.14634146341463414,0.9392156862745098,0.0027839168945128652,0.1156034132466477,1.3588235294117648,-0.008329947175944739,76.97274107142857,0.15817223198594024,-1.35,-1.3066113243504487,-0.15308831907391962,-0.2457888783990813,0.0,-1.3360655737704918,-0.5,0.3126979441409716,0.3235116377325044,-0.552886112085731,Chemicals,Basic Materials,TROX
2016Q4,2016,Q4,2017-02-24,2016-12-31,122000000.0,548000000.0,32000000.0,1.0,90000000.0,0.16423357664233576,4950000000.0,1017000000.0,1253000000.0,522000000.0,3789000000.0,532000000.0,-13000000.0,1199248890.0,4005248890.0,8.743197585948986,2.400383141762452,0.616969696969697,3.0029498525073746,-0.04873495455662,8.743197585948986,0.119960668633235,2.188410383211679,2.4574772336065576,1.1792024483775811,0.04918032786885246,0.8609022556390977,0.005003131585137426,0.11070707070707071,1.2816091954022988,0.024646464646464646,21.41515875,0.16423357664233576,3.8571428571428577,0.0,0.0,0.0,0.125,4.05,0.28,18.005739143463845,0.22638771533928648,-0.5566011186718266,Chemicals,Basic Materials,TROX
2016Q3,2016,Q3,2016-11-03,2016-09-30,-40000000.0,533000000.0,25000000.0,-0.35,80000000.0,0.150093808630394,4925000000.0,865000000.0,1202000000.0,533000000.0,3918000000.0,558000000.0,-129000000.0,1088972030.0,3941972030.0,7.44284497371342,2.25515947467167,0.6203045685279188,3.531791907514451,0.007653061224489796,7.44284497371342,-0.046242774566473986,2.0430994934333957,-6.806075187499999,1.2589272023121387,-0.125,0.8118279569892473,0.004591486155985109,0.10822335025380711,1.1181988742964353,-0.008121827411167513,49.49872863636364,0.150093808630394,0.16666666666666669,-1.2606911948103696,-0.26181792888507877,-0.242056121559445,0.40350877192982454,0.2,2.125,0.2030598109023938,0.05976002640846126,-0.634908020807371,Chemicals,Basic Materials,TROX
2016Q2,2016,Q2,2016-08-04,2016-06-30,-50000000.0,537000000.0,8000000.0,-0.42,57000000.0,0.10614525139664804,4893000000.0,874000000.0,1204000000.0,535000000.0,3893000000.0,566000000.0,-84000000.0,512371440.0,3379371440.0,7.522550437237485,2.250467289719626,0.6243613325158389,3.495423340961098,0.002571968225475881,7.522550437237485,-0.057208237986270026,0.9541367597765363,-2.5618572,0.5862373455377575,-0.1,0.8480565371024735,0.009758545480208655,0.10974862047823421,1.108411214953271,-0.010218679746576743,11.138509565217392,0.10614525139664804,0.46153846153846156,-1.4863561039651034,-0.19263751191701858,-0.12144924920087037,1.85,0.45054945054945056,1.2758620689655173,-2.753661301172146,-0.0017405888197046292,-0.6422055393966618,Chemicals,Basic Materials,TROX
2016Q1,2016,Q1,2016-05-05,2016-03-31,-91000000.0,475000000.0,-29000000.0,-0.78,20000000.0,0.042105263157894736,4907000000.0,922000000.0,1174000000.0,497000000.0,3861000000.0,616000000.0,-28000000.0,740728800.0,3645728800.0,7.95376121463078,2.3621730382293764,0.6229875687792948,3.3156182212581347,-0.00838150289017341,7.95376121463078,-0.09869848156182212,1.559429052631579,-2.0349692307692306,0.8033934924078091,-0.32967032967032966,0.7386363636363636,0.040500652870524276,0.09680048909720806,1.0442655935613683,-0.018544935805991442,-23.147775,0.042105263157894736,0.0,-6.742990432888131,0.1447656615970064,0.0,-0.09090909090909091,-0.011111111111111112,0.23684210526315788,-0.5606417916772607,-0.01205572808833682,-0.6364274467291988,Chemicals,Basic Materials,TROX
2015Q4,2015,Q4,2016-02-25,2015-12-31,-90000000.0,535000000.0,-38000000.0,-0.78,22000000.0,0.041121495327102804,5072000000.0,998000000.0,1301000000.0,548000000.0,3962000000.0,630000000.0,93000000.0,452281430.0,3344281430.0,8.627769661027205,2.374087591240876,0.6153391167192429,3.127254509018036,-0.010663286701159971,8.627769661027205,-0.09018036072144289,0.8453858504672898,-1.2563373055555558,0.4531878056112225,-0.32222222222222224,0.8142857142857143,0.06411936921664017,0.10548107255520504,1.1313868613138687,-0.01774447949526814,3.7378630578512397,0.041121495327102804,-0.5,-0.4698352525183661,0.05931701363632665,2.0219113842950005,-0.4358974358974359,-0.5,-0.8095238095238095,0.03642730574727826,0.08690014091447446,-0.6309275293776445,Chemicals,Basic Materials,TROX
2015Q3,2015,Q3,2015-11-06,2015-09-30,-60000000.0,575000000.0,-21000000.0,-0.52,39000000.0,0.06782608695652174,5296000000.0,1177000000.0,1385000000.0,521000000.0,3980000000.0,715000000.0,212000000.0,505355540.0,3487355540.0,10.177963023814877,2.658349328214971,0.5904456193353474,2.6567544604927784,-0.006127345033284343,10.177963023814877,-0.05097706032285471,0.8788792,-2.105648083333333,0.429358997451147,-0.48333333333333334,0.7496503496503496,0.05738534102149152,0.1085725075528701,1.1477927063339732,-0.011329305135951661,-31.58472125,0.06782608695652174,0.49514563106796117,-3.1949953049828226,2.2825871842945156,0.0,0.625,0.4957983193277311,0.58,-2.80128347790678,0.2484378068472486,-0.5614852694239743,Chemicals,Basic Materials,TROX
2015Q2,2015,Q2,2015-08-05,2015-06-30,-119000000.0,617000000.0,-50000000.0,-1.03,24000000.0,0.03889789303079417,5592000000.0,1361000000.0,1532000000.0,560000000.0,4063000000.0,780000000.0,302000000.0,1690774470.0,4619774470.0,11.776514463221107,2.7357142857142858,0.5604434907010014,2.302718589272594,-0.012267004875614648,11.776514463221107,-0.08743570903747244,2.7403151863857373,-3.552047205882353,1.2423030639235857,-0.25210084033613445,0.7602564102564102,0.017743348111945407,0.11033619456366238,1.2089285714285714,-0.021280400572246064,99.45732176470588,0.03889789303079417,-1.4523809523809528,-18.991178063556134,2.6593334025100233,0.0,-0.3142857142857143,-1.4285714285714286,-4.555555555555555,-1.0743020813914028,0.05217591363377646,-0.6886412015429128,Chemicals,Basic Materials,TROX
2015Q1,2015,Q1,2015-05-08,2015-03-31,-49000000.0,385000000.0,-9000000.0,-0.42,35000000.0,0.09090909090909091,5436000000.0,1492000000.0,2840000000.0,284000000.0,3778000000.0,754000000.0,451000000.0,2345553420.0,4194553420.0,12.931856397455233,10.0,0.5496688741721855,2.002680965147453,-0.0023695054945054948,12.931856397455233,-0.03284182305630027,6.092346545454546,-11.967109285714285,1.5720867426273457,-0.5918367346938775,0.46419098143236076,0.012363819878380772,0.07082413539367181,5.059859154929577,-0.009013980868285504,-24.180963092783504,0.09090909090909091,0.8250000000000001,-4.107013949858549,-0.0677462556182024,0.0,-0.35185185185185186,0.822463768115942,-0.8,-1.37101466637364,-0.4198006345735099,0.14968473325961082,Chemicals,Basic Materials,TROX
2014Q4,2014,Q4,2015-02-26,2014-12-31,-276000000.0,400000000.0,-5000000.0,-2.4,54000000.0,0.135,5065000000.0,1610000000.0,2381000000.0,366000000.0,3277000000.0,770000000.0,529000000.0,2747059680.0,3861059680.0,13.995618762822073,6.505464480874317,0.47245804540967423,1.486335403726708,-0.015613290032475644,13.995618762822073,-0.17142857142857143,6.8676492,-2.488278695652174,1.706248248447205,-0.10507246376811594,0.44935064935064933,0.010556741890660346,0.07897334649555775,4.251366120218579,-0.054491609081934844,-94.72619586206896,0.135,-1.926829268292683,-3.532454562380253,-0.20360159067081282,2.657703289018704,-0.20588235294117646,-1.967741935483871,-1.4545454545454546,0.0,0.0,0.0,Chemicals,Basic Materials,TROX
2014Q3,2014,Q3,2014-11-06,2014-09-30,-93000000.0,429000000.0,11000000.0,-0.82,68000000.0,0.1585081585081585,5347000000.0,1982000000.0,2508000000.0,330000000.0,3181000000.0,778000000.0,835000000.0,2983506500.0,4036506500.0,17.305509473500393,7.6,0.4484757808116701,1.2098890010090817,0.004612804025719877,17.305509473500393,-0.046922300706357216,6.954560606060606,-8.02017876344086,1.505300958627649,-0.3118279569892473,0.4640102827763496,0.00972010619048425,0.08023190574153731,4.996969696969697,-0.0173929306152983,198.90043333333332,0.1585081585081585,0.0,-5.565374600027734,1.472874353547678,0.0,0.13333333333333333,0.0,-0.26666666666666666,-1.6150454263465837,-0.3970914405095979,0.7623106507067895,Chemicals,Basic Materials,TROX
2014Q2,2014,Q2,2014-08-07,2014-06-30,0.0,490000000.0,15000000.0,0.0,60000000.0,0.12244897959183673,5566000000.0,2124000000.0,2580000000.0,352000000.0,3243000000.0,754000000.0,957000000.0,3065577800.0,4095577800.0,18.637791544549938,7.329545454545454,0.43208767517067914,1.1322975517890772,-0.0002879990784029489,18.637791544549938,0.0,6.256281224489796,0.0,1.4433040489642184,0.0,0.5702917771883289,0.009459880613697033,0.08803449514911965,4.957386363636363,0.0,278.6888909090909,0.12244897959183673,1.0,-1.0,1.947095362041173,0.0,1.4,1.0,1.7142857142857142,-1.0,-0.24893655746397114,1.1766880649477107,Chemicals,Basic Materials,TROX
2014Q1,2014,Q1,2014-05-08,2014-03-31,-58000000.0,418000000.0,-21000000.0,-0.51,25000000.0,0.05980861244019139,5606000000.0,2155000000.0,2567000000.0,330000000.0,3251000000.0,754000000.0,986000000.0,2699725290.0,3705725290.0,18.973911971613973,7.778787878787878,0.4297181591152337,1.1178654292343388,-0.004517568321249303,18.973911971613973,-0.02691415313225058,6.458672942583732,-11.636746939655172,1.2527727563805102,-0.5,0.5212201591511937,0.010741833662639061,0.07456296824830538,5.242424242424242,-0.010346057795219408,-62.78430906976744,0.05980861244019139,-7.500000000000001,-4.7358778971232605,0.028175486526726207,0.0,-0.5370370370370371,-7.285714285714286,-6.25,-4.7358778971232605,0.028175486526726207,0.0,Chemicals,Basic Materials,TROX
2013Q4,2013,Q4,2014-02-27,2013-12-31,-7000000.0,436000000.0,4000000.0,-0.06,54000000.0,0.12385321100917432,5699000000.0,2238000000.0,2653000000.0,363000000.0,3262000000.0,759000000.0,1073000000.0,2618375790.0,3553375790.0,19.718582870031806,7.308539944903581,0.42340761537111776,1.078194816800715,-0.00016125564394753816,19.718582870031806,-0.003127792672028597,6.005449059633028,-93.51342107142857,1.1699623726541555,-4.142857142857143,0.5032938076416338,0.011075568339256605,0.07650464993858572,4.920110192837465,-0.0012282856641516056,44.3792506779661,0.12385321100917432,0.8604651162790697,0.9518159070283796,9.556431662482558,0.0,0.0,0.8571428571428571,-0.5555555555555556,0.8834876915834389,-0.12015479454967362,3.3355565932726567,Chemicals,Basic Materials,TROX
2013Q3,2013,Q3,2013-11-07,2013-09-30,-49000000.0,491000000.0,9000000.0,-0.43,54000000.0,0.109979633401222,5785000000.0,2313000000.0,2704000000.0,323000000.0,3264000000.0,734000000.0,1109000000.0,2776341730.0,3723341730.0,20.386218810319146,8.371517027863778,0.4155574762316335,1.0393428447903157,0.002370535972401565,20.386218810319146,-0.021184608733246867,5.654463808553971,-14.165008826530611,1.2003206787721572,-0.5918367346938775,0.5953678474114441,0.010445400033662282,0.08487467588591184,5.6656346749226,-0.00847018150388937,26.191903113207548,0.109979633401222,-2.909090909090909,-1.3359943048714655,1.1208430830291032,10.079466744738665,0.08,-2.769230769230769,0.0,-2.4918288700297544,1.8569757864434082,0.0,Chemicals,Basic Materials,TROX
2013Q2,2013,Q2,2013-08-08,2013-06-30,-13000000.0,525000000.0,9000000.0,-0.11,50000000.0,0.09523809523809523,5847000000.0,2384000000.0,2654000000.0,336000000.0,3257000000.0,749000000.0,1187000000.0,2309754300.0,3328754300.0,21.02478172678367,7.898809523809524,0.41183512912604753,1.0100671140939597,,21.02478172678367,-0.005453020134228188,4.399532,-44.418351923076926,0.9688566694630872,-2.1538461538461537,0.6341789052069426,0.012122501514555031,0.08978963571062083,5.398809523809524,-0.002223362408072516,50.21205,0.09523809523809523,0.78,0.3167745812456289,1.3505640764094833,8.883238371911606,0.5625,0.7719298245614035,1.4736842105263157,-3.003192072956543,2.1735308132072886,0.0,Chemicals,Basic Materials,TROX
2013Q1,2013,Q1,2013-05-09,2013-03-31,-57000000.0,470000000.0,-19000000.0,-0.5,32000000.0,0.06808510638297872,6015000000.0,2479000000.0,2710000000.0,380000000.0,3319000000.0,850000000.0,1228000000.0,2278804870.0,3314804870.0,21.87668222773282,7.131578947368421,0.40083125519534496,0.9725695845098831,-0.0039737869492470716,21.87668222773282,-0.022993142396127472,4.848521,-9.994758201754385,0.919243594191206,-0.5087719298245614,0.5152941176470588,0.012725968941781312,0.07813798836242726,4.713157894736842,-0.009476309226932668,-49.539236304347824,0.06808510638297872,0.3807819485553643,-513.3314771834765,1.429664191894284,8.899936967407307,1.851063829787234,0.3770491803278688,0.7301136363636364,-4.679890198708568,0.1587350563629417,0.0,Chemicals,Basic Materials,TROX
2012Q4,2012,Q4,2013-02-28,2012-12-31,-91500000.0,482200000.0,-70400000.0,-0.80747,-37600000.0,-0.07797594359187059,5511000000.0,2649000000.0,2173000000.0,467000000.0,2629000000.0,914000000.0,1314000000.0,2068035250.0,2997035250.0,23.376898435362744,4.653104925053533,0.2984939212484123,0.6209890524726311,-0.016854469997765156,23.376898435362744,-0.03454133635334088,4.28875,-5.650369535519126,0.7806852585881464,-0.3224043715846995,0.5687089715536106,0.014264747179720464,0.08749773180910905,2.3704496788008567,-0.016603157321720196,-83.38851814516129,-0.07797594359187059,-4.767642857142857,-1.9123011332212068,1.4334808891427484,10.127969576423839,-2.7488372093023257,-4.479041916167665,-0.847769028871391,-0.5254015200775958,-0.025377793451144878,3.768863748010743,Chemicals,Basic Materials,TROX
2012Q3,2012,Q3,2012-11-14,2012-09-30,-16700000.0,487300000.0,-38100000.0,-0.14,21500000.0,0.044120664888159244,5665900000.0,2839800000.0,2222300000.0,435100000.0,2522700000.0,1033100000.0,1434500000.0,2801860800.0,3676560800.0,23.210082385249116,5.107561480119513,0.2910570253622549,0.5807099091485316,-0.002728158027897385,23.210082385249116,-0.005880695823649553,5.7497656474451055,-41.94402395209581,0.9866401859285865,0.0,0.45087600425902624,0.0,0.0860057537196209,2.6173293495748102,-0.0029474575972043278,39.57430508474576,0.044120664888159244,-1.0102414045354793,-0.45424120056662537,1.2321506550198682,9.223488669693063,-0.8249185667752443,-1.0142564452791532,-2.8585365853658535,-0.10357339287225277,1.6293557967330556,0.0,Chemicals,Basic Materials,TROX
2012Q2,2012,Q2,2012-08-10,2012-06-30,1171400000.0,428900000.0,20500000.0,13.67,122800000.0,0.2863138260666822,5182100000.0,3197100000.0,1835600000.0,514000000.0,1683100000.0,1124000000.0,1466500000.0,2040844031.9999998,2599744032.0,37.82296990346394,3.571206225680934,0.14372551668242603,0.23296112101592067,0.005722544846524882,37.82296990346394,0.3663945450564574,4.758321361622755,0.43555660577087246,0.6383422576710143,0.0,0.27233096085409253,0.0,0.08276567414754636,1.1912451361867704,0.22604735531927211,-42.96513751578947,0.2863138260666822,11.472627737226276,134.02497285704592,1.817382985245216,17.78227031565376,-0.2193261284170375,12.573580533024334,-0.8185840707964602,241.13558660333592,2.4778722408425153,0.0,Chemicals,Basic Materials,TROX
2012Q1,2012,Q1,2012-03-31,2012-03-31,86300000.0,433600000.0,113000000.0,1.096,157300000.0,0.3627767527675277,1903000000.0,848000000.0,999500000.0,295400000.0,1055000000.0,404400000.0,327800000.0,1740001199.9999998,2073601199.9999998,11.248176150683115,3.383547731888964,0.29232790331056224,0.6560141509433962,0.06696541844785725,11.248176150683115,0.1017688679245283,4.0129178966789665,5.040559675550405,2.0518882075471696,0.0,0.6832344213649851,0.0,0.2278507619548082,1.93906567366283,0.04534944823962165,-37.41938064516128,0.3627767527675277,0.0,25.720954582271478,2.4430535578503045,4.372658255502758,0.0,0.0,0.0,7.374369617856427,0.6067817373369947,0.0,Chemicals,Basic Materials,TROX
2011Q3,2011,Q3,2011-09-30,2011-09-30,98900000.0,465400000.0,99200000.0,1.25,143000000.0,0.30726256983240224,1587900000.0,735600000.0,684400000.0,280400000.0,852300000.0,217900000.0,175300000.0,773820300.0,1071620300.0,9.819783740488587,2.440798858773181,0.269790289061024,0.5823817292006526,0.09375518426353832,9.819783740488587,0.13444806960304514,1.6626993983669962,1.9560674924165824,1.0519579934747145,,1.4795777879761358,,0.29309150450280247,1.5485021398002854,0.062283519113294286,0.0,0.30726256983240224,0.4952153110047848,20.03707591967504,2.3338002413103056,2.880054303567099,0.20777027027027026,0.49395770392749244,0.16981132075471697,8.141199166352305,2.0447565846247944,4.336838989395971,Chemicals,Basic Materials,TROX
2011Q2,2011,Q2,2011-06-30,2011-06-30,66200000.0,428300000.0,84800000.0,0.836,118400000.0,0.2764417464394116,1554200000.0,640600000.0,646300000.0,320000000.0,913600000.0,214300000.0,76400000.0,1387818250.0,1770318250.0,8.562454053331551,2.0196875,0.3021490155707116,0.7330627536684359,0.06724109514482728,8.562454053331551,0.10334061817046519,3.240294770021013,5.241005475830816,2.1664349828285983,,1.4461035930937938,,0.27557585896281045,1.191875,0.042594260712906964,0.0,0.2764417464394116,5.43076923076923,13.403252095910654,2.098815820419966,2.304017110810502,2.1742627345844503,5.490196078431373,3.764044943820225,6.273084461050435,1.9063434894400408,3.0250013321095346,Chemicals,Basic Materials,TROX
2011Q1,2011,Q1,2011-03-31,2011-03-31,10200000.0,267100000.0,17800000.0,0.13,37300000.0,0.1396480718831898,,,,,,,,1378977600.0,,,0.0,0.0,0.0,0.0,,0.0,5.1627764882066645,33.79847058823529,0.0,0.0,0.0,0.0,0.0,0.0,0.0,-110.318208,0.1396480718831898,1.259885650313862,0.33935499735878627,1.1490124423392223,0.0,-0.38651315789473684,1.2582278481012659,-0.660952380952381,140.7681586705977,1.0968246179765697,0.0,Chemicals,Basic Materials,TROX
2010Q4,2010,Q4,2010-12-31,2010-12-31,-39500000.0,325800000.0,52500000.0,-0.50022,60800000.0,0.18661755678330263,1097900000.0,-630000000.0,735700000.0,252300000.0,1727900000.0,198400000.0,-1128200000.0,938719600.0,1222019600.0,-8.442776735459661,2.9159730479587793,0.38710265051461884,-0.6746031746031746,-0.2500288983932493,-8.442776735459661,0.0626984126984127,2.8812756292203807,-5.941263291139241,-1.4900311111111113,,1.3356854838709677,,0.2967483377356772,1.5386444708680143,-0.03597777575371163,0.0,0.18661755678330263,-3.0340322580645163,-18.233288446408036,1.5433761360590632,-4.48493306782997,-0.030303030303030304,-0.5490196078431373,0.12660944206008584,-0.9092029835351554,1.496845313795715,-5.018966113597535,Chemicals,Basic Materials,TROX
2010Q3,2010,Q3,2010-09-30,2010-09-30,-25500000.0,312300000.0,46600000.0,-0.124,62700000.0,0.20076849183477424,,,,,,,,2197825500.0,,,0.0,0.0,0.0,0.0,,0.0,7.03754562920269,-21.547308823529413,0.0,,0.0,,0.0,0.0,0.0,0.0,0.20076849183477424,-3.1379310344827585,-4.371788875608447,-0.48863867610818656,0.0,0.1589648798521257,-3.1610169491525424,0.2198952879581152,-0.31775667115505124,-0.151065573630891,0.0,Chemicals,Basic Materials,TROX
2010Q2,2010,Q2,2010-06-30,2010-06-30,11800000.0,300800000.0,38200000.0,0.058,54100000.0,0.17985372340425532,,,,,,,,2197825500.0,,,0.0,0.0,0.0,0.0,,0.0,7.306600731382979,46.56409957627119,0.0,,0.0,,0.0,0.0,0.0,0.0,0.17985372340425532,0.0,1.8022546919418507,-0.21027079481481242,0.0,0.0,0.0,0.0,1.5493821652699324,-0.18991187998248488,0.0,Chemicals,Basic Materials,TROX
2008Q4,2008,Q4,2008-12-31,2008-12-31,-262400000.0,74600000.0,-50500000.0,-1.28,67600000.0,0.9061662198391421,,,,,,,,2185300000.0,,,0.0,0.0,0.0,0.0,,0.0,29.29356568364611,-2.08203125,0.0,0.0,0.0,0.0,0.0,0.0,0.0,-122.76966292134831,0.9061662198391421,-5.9565217391304355,-42.67122580645161,-0.7880176398127618,0.0,2.5392670157068062,-5.923482849604222,-12.289473684210526,-42.67122580645161,-0.7880176398127618,0.0,Chemicals,Basic Materials,TROX
2008Q3,2008,Q3,2008-09-30,2008-09-30,-37900000.0,418300000.0,-3800000.0,-0.184,19100000.0,0.04566100884532632,1614700000.0,377200000.0,646900000.0,881600000.0,1237500000.0,313700000.0,-209300000.0,2185300000.0,2679000000.0,1.84,0.7337794918330308,0.34024896265560167,1.4565217391304348,-0.005382581480682064,1.84,-0.10047720042417815,5.224240975376524,-14.41490765171504,5.793478260869565,0.0,1.2725533949633407,0.0,0.25905741004520966,0.3502722323049002,-0.023471852356474886,445.9795918367347,0.04566100884532632,-0.09523809523809515,-6.040127758420442,-0.3111480372249169,-0.7929638364779874,94.5,-0.10174418604651163,0.8801261829652997,-6.040127758420442,-0.3111480372249169,-0.7929638364779874,Chemicals,Basic Materials,TROX
2008Q2,2008,Q2,2008-06-30,2008-06-30,-34400000.0,403800000.0,-31700000.0,-0.168,200000.0,0.0004952947003467063,1710800000.0,436100000.0,703500000.0,937800000.0,1274700000.0,344800000.0,-171400000.0,2185300000.0,2702100000.0,2.127317073170732,0.7501599488163787,0.3157002571896189,1.2384774134372851,-0.021672730631896273,2.127317073170732,-0.07888099059848659,5.411837543338287,-15.881540697674417,5.011006649850952,-0.061046511627906974,1.1705336426914152,0.0009609664576945957,0.23602992751928922,0.3423970995947963,-0.02010755202244564,-116.86096256684492,0.0004952947003467063,-170.78000000000003,-1.3521815718157184,0.06622490826678179,-0.17912645532496235,-0.9921568627450981,-171.0,-14.095238095238095,-1.3521815718157184,0.06622490826678179,-0.17912645532496235,Chemicals,Basic Materials,TROX
2008Q1,2008,Q1,2008-03-31,2008-03-31,-200000.0,349100000.0,-2100000.0,-0.0009779951100244498,25500000.0,0.073044972787167,1746500000.0,451900000.0,704600000.0,397400000.0,1294600000.0,391600000.0,-137000000.0,2179970000.0,2688370000.0,2.2097799511002445,1.7730246602918973,0.29636415688519896,1.1453861473777385,-0.0010108303249097472,2.2097799511002445,-0.0004425757911042266,6.244543110856488,-2724.9625,4.824009736667405,-10.5,0.8263534218590398,0.0009633160089359028,0.19988548525622674,0.7154001006542526,-0.0001145147437732608,-61.40760563380282,0.073044972787167,0.9964726426097366,-1.0095826904360623,0.024888979228512575,-0.13458860258085212,0.43258426966292135,0.9964726631393298,0.7586206896551724,-1.0095826904360623,0.024888979228512575,-0.13458860258085212,Chemicals,Basic Materials,TROX
2007Q4,2007,Q4,2007-12-31,2007-12-31,-56700000.0,357600000.0,-8700000.0,-0.27726,17800000.0,0.049776286353467564,1723400000.0,429600000.0,693100000.0,448200000.0,1293800000.0,350000000.0,-136800000.0,2179970000.0,2643770000.0,2.100733496332518,1.5464078536367694,0.2813043982824649,1.1284916201117319,-0.024711701761261744,2.100733496332518,-0.1319832402234637,6.096112975391499,-9.611860670194003,5.074418063314712,-0.037037037037037035,0.9708571428571429,0.0009633160089359028,0.2074968086340954,0.7045961624274877,-0.03290008123476848,-106.34,0.049776286353467564,-1.9495744680851064,-10.026430712201277,0.01863584500259321,-0.13287821560892196,-0.42765273311897106,-1.968586387434555,-0.5,-10.026430712201277,0.01863584500259321,-0.13287821560892196,Chemicals,Basic Materials,TROX
2007Q3,2007,Q3,2007-09-30,2007-09-30,-19100000.0,363100000.0,-5800000.0,-0.094,31100000.0,0.08565133572018728,1748300000.0,462000000.0,736100000.0,408700000.0,1286300000.0,325100000.0,-76000000.0,2169310000.0,2609710000.0,2.27027027027027,1.8010765842916565,0.28902362294800665,1.0937229437229437,-0.006160798779427953,2.27027027027027,-0.04134199134199134,5.974414761773616,-28.39410994764398,4.695476190476191,-0.1099476439790576,1.021224238695786,0.0009680497485375534,0.207687467825888,0.8732566674822608,-0.01092489847280215,33.58065015479876,0.08565133572018728,0.0961538461538461,-3.5587340587340592,-0.3976433184846739,-0.7445499745028047,0.05782312925170068,0.09905660377358491,0.0,-3.5587340587340592,-0.3976433184846739,-0.7445499745028047,Chemicals,Basic Materials,TROX
2007Q2,2007,Q2,2007-06-30,2007-06-30,-21200000.0,366500000.0,0.0,-0.104,29400000.0,0.08021828103683493,1786300000.0,409800000.0,777100000.0,413300000.0,1376500000.0,334800000.0,-54800000.0,2169310000.0,2667110000.0,2.0137592137592137,1.8802322767965158,0.30090130437216595,1.3116154221571499,0.0,2.0137592137592137,-0.05173255246461689,5.918990450204639,-25.581485849056605,5.293582235236701,-0.09433962264150944,1.0068697729988052,0.0009219521414643365,0.20517270335330012,0.9390273409145898,-0.011868107260818451,228.34842105263158,0.08021828103683493,-1.2608695652173911,-0.46028528528528534,-0.025131728671551622,-0.22294533110820633,-0.2222222222222222,-1.2553191489361701,-1.0,-0.46028528528528534,-0.025131728671551622,-0.22294533110820633,Chemicals,Basic Materials,TROX
2007Q1,2007,Q1,2007-03-31,2007-03-31,-9400000.0,339100000.0,2200000.0,-0.046,37800000.0,0.11147154231790032,1813000000.0,425000000.0,791300000.0,417700000.0,1388000000.0,351300000.0,-33600000.0,2163980000.0,2668080000.0,2.0935960591133007,1.8944218338520469,0.302592388306674,1.2908235294117647,0.0023647551164701613,2.0935960591133007,-0.02211764705882353,6.381539368917723,-57.55265957446809,5.0917176470588235,-0.22340425531914893,0.8576715058354683,0.000970434107524099,0.1870380584666299,0.9214747426382571,-0.005184776613348042,-74.10890410958905,0.11147154231790032,-2.243243243243243,-1.4537144291931703,0.002887084863279304,-0.18008945178167607,0.125,-2.236842105263158,-0.8053097345132744,-1.4537144291931703,0.002887084863279304,-0.18008945178167607,Chemicals,Basic Materials,TROX
2011Q4,2011,Q4,2011-12-31,2011-12-31,,,,,,,1657400000.0,752300000.0,769000000.0,280900000.0,905100000.0,311200000.0,241500000.0,0.0,273300000.0,0.0,2.737629049483802,0.25781344274164353,0.5679914927555496,,0.0,,0.0,0.0,0.0,0.0,,,,1.5372018511925953,,0.0,0.0,0.0,-1.0,-1.0,-1.0,0.0,0.0,0.0,1.0,-1.0,0.0,Chemicals,Basic Materials,TROX
