Quarters,Year,Quarter,FillingDate,Date,NetIncome,Revenue,OperatingIncome,EPSDiluted,GrossProfit,GrossProfitRatio,TotalAssets,CommonStockEquity,CurrentAssets,CurrentLiability,TotalLiability,Inventory,RetainedEarnings,MarketCap,EnterpriseValue,bookValuePerShare,currentRatio,debtToAssets,debtToEquity,roic,shareholdersEquityPerShare,roe,priceToSalesRatio,peRatio,pbRatio,payoutRatio,inventoryTurnover,dividendYield,assetTurnover,quickRatio,returnOnAssets,priceToFreeCashFlowsRatio,grossProfitMargin,epsdilutedGrowth,fiveYNetIncomeGrowthPerShare,fiveYRevenueGrowthPerShare,fiveYShareholdersEquityGrowthPerShare,grossProfitGrowth,netIncomeGrowth,operatingIncomeGrowth,threeYNetIncomeGrowthPerShare,threeYRevenueGrowthPerShare,threeYShareholdersEquityGrowthPerShare,Industry,Sector,Symbol
2023Q1,2023,Q1,2023-05-03,2023-03-31,86568000.0,146362000.0,104952000.0,11.24,137299000.0,0.9380781897,955251000.0,829051000.0,820710000.0,76648000.0,126200000.0,109704000.0,927543000.0,13086089745.68,12495470745.68,107.76575428007806,10.70752009184845,0.0,0.0,0.09931845156798126,107.76575428007806,0.104418184164786,89.40906618985802,37.7913598144811,15.784420675784721,0.2894949634969042,0.08261321373878801,0.0019150869730412156,0.15321836878474873,9.089121699196326,0.09062330214781246,115.7794644212836,0.9380781896940462,-0.13137557959814525,1.0089866245187815,1.4787398238475125,6.62181588544055,-0.05363247863247863,-0.1319850397569462,-0.155186708631501,0.5204914647910461,0.5276513409632043,0.8768634550311851,Oil & Gas E&P,Energy,TPL
2022Q4,2022,Q4,2023-02-22,2022-12-31,99731000.0,152706000.0,124231000.0,12.94,145080000.0,0.9500609013,877427000.0,772887000.0,743105000.0,56815000.0,104540000.0,109704000.0,866139000.0,18047024180.01,17538145180.01,100.39466196409762,13.079380445304936,0.002228105585991769,0.002529477142195431,0.124458292356068,100.39466196409762,0.12903697435718287,118.18150026855525,45.23925404340175,23.350145855746053,0.2321344416480332,0.06951432946838766,0.001282815369951323,0.1740384100329714,10.821385197571065,0.11366301698032999,142.8731677157107,0.9500609013398295,-0.2306777645659929,4.516593710577984,3.051706499359752,8.911258994336938,-0.19777047874987558,-0.2318753514021427,-0.2334022399802536,0.4536338673373477,0.35751520650619145,0.5204460130020044,Oil & Gas E&P,Energy,TPL
2022Q3,2022,Q3,2022-11-02,2022-09-30,129837000.0,191111000.0,162055000.0,16.82,180846000.0,0.9462877595,828974000.0,721170000.0,698270000.0,60422000.0,107804000.0,109083000.0,789524000.0,13710966895.08,13264378895.08,93.47881654939418,11.556552249180761,0.0,0.0,0.1779285401832887,93.47881654939418,0.18003660717999917,71.74347313906578,26.40034600129393,19.012114889804067,0.17816184908770227,0.09410265577587708,0.0016871166108861815,0.23053919664549188,9.702492469630267,0.15662373005667246,121.44131100494234,0.9462877594696276,0.09433962264150951,4.004586907920766,3.5791896363606335,9.819548650543341,0.07534413557306377,0.09203996837519135,0.06820339072428613,1.1747538007263312,0.9500210120164263,0.6350784208695092,Oil & Gas E&P,Energy,TPL
2022Q2,2022,Q2,2022-08-03,2022-06-30,118894000.0,176270000.0,151708000.0,15.37,168175000.0,0.9540761332,764708000.0,645281000.0,633019000.0,73130000.0,119427000.0,109083000.0,682849000.0,11507944914.6,11118150914.6,83.43722886627798,8.656078216874059,0.0,0.0,0.1834895325034457,83.43722886627798,0.18425151213192392,65.28589615135871,24.197909302824364,17.834005517906153,1.4952310461419416,0.07420954685881392,0.015447936301333886,0.23050628475182683,7.140763024750444,0.15547633868090827,136.0534488153788,0.9540761332047427,0.21598101265822772,6.251090330546341,5.569035343215769,12.542951090715647,0.1975973281491451,0.21444330949948928,0.22037115989478173,1.4046860941892376,1.0247525092918575,0.6879558973133516,Oil & Gas E&P,Energy,TPL
2022Q1,2022,Q1,2022-05-04,2022-03-31,97900000.0,147335000.0,124313000.0,12.64,140427000.0,0.9531136526,856569000.0,727876000.0,727923000.0,82924000.0,128693000.0,109083000.0,741909000.0,10467177030.15,9959821030.15,94.02424507822587,8.77819449134147,0.0,0.0,0.13441875322369753,94.02424507822587,0.13450093147733955,71.04338432924966,26.72925697178243,14.380439841607634,0.23722165474974463,0.0633279246078674,0.0022187453152941647,0.1720059913445385,7.432178862572958,0.11429318595466331,102.14471017184846,0.9531136525604914,0.23800195886385891,5.727891830229878,5.220596847224767,16.24614404621383,0.004851555288409935,0.23853501170219496,-0.00993939200866511,-0.2990382962170477,-0.22808424258558296,1.18577673735385,Oil & Gas E&P,Energy,TPL
2021Q4,2021,Q4,2022-02-23,2021-12-31,79045000.0,147178000.0,125561000.0,10.21,139749000.0,0.949523706,764064000.0,651711000.0,635584000.0,67540000.0,112353000.0,109071000.0,668029000.0,9672333299.16,9245536299.16,84.14746384315394,9.410482676932189,0.001891202831176446,0.002217240463947977,0.12075294721517382,84.14746384315394,0.12128842385658674,65.71860807430458,30.59122429995572,14.84144551673978,0.2693908533114049,0.0681115970331252,0.0022015370377951402,0.1926252251120325,7.750355344980752,0.10345337563345479,112.25883287287752,0.9495237059886668,-0.05637707948243987,6.410222860611426,7.568401608311616,12.99218072379525,0.2028973032527953,-0.057158533821582355,0.21620495931809378,0.26352072961264067,0.5821923499256959,1.6685418062365054,Oil & Gas E&P,Energy,TPL
2021Q3,2021,Q3,2021-11-04,2021-09-30,83837000.0,123693000.0,103240000.0,10.82,116177000.0,0.9392366585012895,695617000.0,601042000.0,566654000.0,45844000.0,94575000.0,108546000.0,614764000.0,9374147239.439999,9003679239.439999,77.54050950488619,12.36048337841375,0.003296354171907817,0.0038150412117622396,0.13774540373672264,77.54050950488619,0.13948609248604923,75.7855920661638,27.953490819805094,15.596492823197048,0.25420756945024275,0.06924253311959906,0.002273486798920086,0.17781767840636442,9.939315941017362,0.12052178138257115,131.2427860924593,0.9392366585012895,0.4701086956521739,8.671818467874116,7.931938455659609,13.471878462080408,0.31239338928865945,0.46963853732075866,0.44857583836116177,0.659104840972389,0.6982466433245628,2.0956935245981403,Oil & Gas E&P,Energy,TPL
2021Q2,2021,Q2,2021-08-05,2021-06-30,57046000.0,95932000.0,71270000.0,7.36,88523000.0,0.9227682108159947,633843000.0,547177000.0,506776000.0,37833000.0,86666000.0,108546000.0,552239000.0,12407401069.64,12080732069.64,70.54990235802848,13.395078370734543,0.003888975661165304,0.004504940814398266,0.10273890723864955,70.54990235802848,0.1042551130621353,129.33537369845305,54.37454453265786,22.675297151817418,0.3738912456613961,0.06825677592909918,0.0017190546094452044,0.1513497822015862,10.4715988687125,0.0900002050981079,301.9567064891701,0.9227682108159947,0.14108527131782947,4.847826415040304,5.148837929357234,11.513877631618533,0.1493657409210714,0.1397346759370255,0.14910838089710102,0.09315132221212681,0.30703582508390026,2.604433368147331,Oil & Gas E&P,Energy,TPL
2021Q1,2021,Q1,2021-05-06,2021-03-31,50052000.0,84155000.0,62022000.0,6.45,77019000.0,0.9152040876953241,613802000.0,513935000.0,484383000.0,33848000.0,99867000.0,108536000.0,516522000.0,12327867031.08,12019866031.08,66.2615604946574,14.310535334436304,0.004323869912447337,0.005164077169291836,0.09638640348628967,66.2615604946574,0.09738974773074416,146.4900128462955,61.57529684667946,23.987210505375195,0.42613681770958206,0.06574777032505344,0.0017301452024285372,0.13710447342954243,10.991698180099267,0.08154421132547629,242.0170998288115,0.9152040876953241,0.11785095320623928,6.178338530618459,6.388496395864519,11.3204738242757,0.15898215306828783,0.11745663191266102,0.12293597914252608,0.15211289149210505,0.4136323404903229,3.6863998470209935,Oil & Gas E&P,Energy,TPL
2020Q4,2020,Q4,2021-02-25,2020-12-31,44791000.0,74304000.0,55232000.0,5.77,66454000.0,0.8943529285099052,571635000.0,485184000.0,439776000.0,18734000.0,86451000.0,108536000.0,0.0,5638725412.0,5360500412.0,62.55469848724033,23.47475178819259,0.004934967243083436,0.0058142890120036934,0.09108321617425338,62.55469848724033,0.09231755375280307,75.88723907192076,31.472424214685983,11.621828856681176,1.7316425174700274,0.0723262327706936,0.013755236216137988,0.1299850429032512,17.5756378776556,0.07835594391526061,115.56422872133298,0.8943529285099052,-0.033500837520938055,4.199047203399875,4.27221304537736,10.087529563892883,-0.0269708328452618,-0.032069151809832525,-0.02671459787129062,1.4591806337515383,0.9568291792110072,5.17558549319499,Oil & Gas E&P,Energy,TPL
2020Q3,2020,Q3,2020-11-05,2020-09-30,46275000.0,74383000.0,56748000.0,5.97,68296000.0,0.9181667854214001,601181000.0,519227000.0,466664000.0,18562000.0,81954000.0,109733000.0,0.0,3502369803.36,3189592803.36,66.9438572406228,25.140825342096758,0.004960236600957116,0.0057431528021462674,0.08615683240908475,66.9438572406228,0.08912286918823559,47.085621759810714,18.921500828525122,6.745353772742943,0.0,0.05547100689856287,0.0,0.12372812846713385,19.229124016808534,0.07697349051284055,58.170203845936655,0.9181667854214001,0.6769662921348314,3.26371528601163,3.3208607000345856,11.290622537934492,0.40166239096972806,0.6776637784142406,0.6339763892887993,0.7741653858516734,0.7727787840887483,6.748304343232944,Oil & Gas E&P,Energy,TPL
2020Q2,2020,Q2,2020-08-06,2020-06-30,27583000.0,54568000.0,34730000.0,3.56,48725000.0,0.8929225919953087,553600000.0,472939000.0,416224000.0,17357000.0,80661000.0,108296000.0,0.0,4612508411.64,4357285411.64,60.975952520810566,23.98018090683874,0.005673771676300578,0.006641448474327556,0.05723990413224548,60.975952520810566,0.058322532081304355,84.52771609074917,41.805717395134685,9.752861175838746,0.0,0.05395397798625988,0.0,0.0985693641618497,17.740853834187934,0.04982478323699422,145.0155126745685,0.8929225919953087,-0.518918918918919,2.9534904805405566,3.920532860741179,12.085849072327662,-0.4365684154534627,-0.5194683019459592,-0.5076691899861075,0.6773641118047065,1.0276999989484974,8.897192822913732,Oil & Gas E&P,Energy,TPL
2020Q1,2020,Q1,2020-05-07,2020-03-31,57401000.0,96594000.0,70542000.0,7.4,86479000.0,0.8952833509327701,544649000.0,445343000.0,403387000.0,35836000.0,99306000.0,110965000.0,0.0,2947416841.56,2726923841.56,57.41800448572721,11.256473936823307,0.005967145813175091,0.007297745782464303,0.12556718034460032,57.41800448572721,0.12889166327976415,30.513456752593328,12.836957725300953,6.618307330664229,2.161948398111531,0.09115486865227775,0.04210398687086207,0.17735091774702608,8.160006697176025,0.10539081132986566,66.68967421395601,0.8952833509327701,-0.19565217391304338,1.7703545327591623,1.9752062035809594,10.956573094377939,-0.17107747754656033,-0.16956974624576834,-0.19984119782214155,2.937193651111217,3.0704955883524745,9.531742907195355,Oil & Gas E&P,Energy,TPL
2019Q4,2019,Q4,2020-02-27,2019-12-31,69122000.0,113332000.0,88160000.0,9.2,104327000.0,0.9205431828609748,598176000.0,512137000.0,473715000.0,24464000.0,86039000.0,107075000.0,0.0,6059264190.320001,5758986190.320001,66.02974463123228,19.363758992805757,0.005628778152249505,0.006574412705975159,0.13185364820635762,66.02974463123228,0.13496779182132906,53.46472479370346,21.91510731142039,11.831334565399493,0.0,0.08409992995563857,0.0,0.18946263307120312,14.98691955526488,0.1155546193762371,47.21001807849035,0.9205431828609748,0.18863049095607223,7.979731538480047,8.122193324972995,19.504899209712587,0.14926688478359057,0.15161107593882242,0.19428865588338887,5.470541785185075,5.588354431935117,9.979536136090186,Oil & Gas E&P,Energy,TPL
2019Q3,2019,Q3,2019-11-07,2019-09-30,60022000.0,98530000.0,73818000.0,7.74,90777000.0,0.9213133055922054,521994000.0,443426000.0,397586000.0,23917000.0,78568000.0,84902000.0,0.0,5038166252.92,4791756252.92,57.17084597060709,16.623573190617552,0.006649501718410556,0.007827687145092981,0.13159570903810294,57.17084597060709,0.1353596766991561,51.13332236800974,20.984665009996334,11.361909885572791,0.0,0.09131704789050905,0.0,0.1887569588922478,13.0737132583518,0.11498599600761694,84.99934629460294,0.9213133055922054,0.21126760563380292,5.9457314191921,6.23869174811137,16.01391541172882,0.13278676250374363,0.21046263058121245,0.1821850677428654,5.92010214525195,6.110476690090862,9.670158601534709,Oil & Gas E&P,Energy,TPL
2019Q2,2019,Q2,2019-08-07,2019-06-30,49586000.0,87310000.0,62442000.0,6.39,80136000.0,0.9178330088191502,463612000.0,383394000.0,343434000.0,30228000.0,80218000.0,84902000.0,0.0,6300325518.799999,6148415518.799999,49.4309294449467,11.361452957522827,0.007530003537440791,0.009105515474942226,0.12613834978783375,49.4309294449467,0.12933431404768983,72.16041139388385,31.764638803291252,16.43303108238522,0.0,0.08449742055546394,0.0,0.18832558259924248,7.390895858144766,0.10695581650172989,398.83050698233836,0.9178330088191502,-0.6457871396895787,4.442448545318635,5.098053837213984,14.977505851227544,-0.5680977891798084,-0.6458092258460835,-0.6435002540635901,4.082919511313741,4.596009163991239,7.767873258733712,Oil & Gas E&P,Energy,TPL
2019Q1,2019,Q1,2019-05-07,2019-03-31,139998000.0,191324000.0,175153000.0,18.04,185542000.0,0.9697790136104201,404906000.0,333799000.0,298134000.0,16416000.0,71107000.0,57682000.0,0.0,6193257960.96,6082959960.96,43.016399374829895,18.161184210526315,0.0073177478229515,0.00887659939065126,0.4111695705481863,43.016399374829895,0.41940808690259707,32.37052309673643,11.059547209531566,18.553854148634358,0.3324761782311176,0.10023924274470372,0.007515592002369143,0.4725146083288467,10.903326023391813,0.34575432322563754,60.63083556991395,0.9697790136104201,1.2326732673267327,20.030650094047143,16.99604309261257,17.060800589024932,1.0948628203680704,1.233535417996171,1.2487514283146528,19.068730047935684,15.789631075401644,6.9983389850124835,Oil & Gas E&P,Energy,TPL
2018Q4,2018,Q4,2019-02-28,2018-12-31,62680000.0,93201000.0,77889000.0,8.08,88570000.0,0.9503116919346359,285075000.0,244691000.0,188287000.0,12112000.0,40384000.0,10492000.0,0.0,4202944807.04,4083297807.04,31.53312556186957,15.545492073976222,0.0,0.0,0.2548835756616528,31.53312556186957,0.2561598097191969,45.09549046726966,16.76350034716018,17.17654023662497,0.0,0.4413839115516584,0.0,0.32693501710076295,13.903319022457067,0.21987196351837235,134.26651781107242,0.9503116919346359,0.23926380368098168,8.078764301164426,7.119955319999204,13.8631122313745,0.2881972220202167,0.23478192348607227,0.23713845518512047,6.272061608146773,5.609930446256029,4.589099945553895,Oil & Gas E&P,Energy,TPL
2018Q3,2018,Q3,2018-11-07,2018-09-30,50762000.0,73168000.0,62959000.0,6.52,68755000.0,0.9396867483052701,219701000.0,195040000.0,154010000.0,11943000.0,24661000.0,3778000.0,0.0,6749738226.360001,6639121226.360001,25.047863714142025,12.895419911245082,0.0,0.0,0.25929261022678024,25.047863714142025,0.2602645611156686,92.24986642193309,33.24208180509042,34.60694332629205,0.0,1.168078348332451,0.0,0.3330344422647143,12.579083982249017,0.23105038211023163,203.53219631396436,0.9396867483052701,-0.03120356612184262,4.94634023634756,4.412814486496592,11.459983292708543,-0.028513698726915632,-0.03316000990419595,-0.03886726204106557,3.6587996340776257,3.233614382953679,3.5986868845276807,Oil & Gas E&P,Energy,TPL
2018Q2,2018,Q2,2018-08-07,2018-06-30,52503000.0,73844000.0,65505000.0,6.73,70773000.0,0.9584123286929203,176671000.0,152732000.0,125337000.0,12512000.0,23939000.0,3778000.0,0.0,5425928696.7,5340033696.7,19.573091011054238,10.017343350383632,0.0,0.0,0.34292139605120026,19.573091011054238,0.34375900269753557,73.47826088375494,25.836279339752014,35.52581447699238,0.0,0.81286394917946,0.0,0.41797465345189644,9.715393222506394,0.2971795031442625,217.73389633627608,0.9584123286929203,0.20178571428571443,8.5340225145312,7.261137839942959,9.648535165285367,0.21246852032687466,0.19894498869630747,0.20234577192048603,6.479959212086307,5.618586143822435,3.2005168309945446,Oil & Gas E&P,Energy,TPL
2018Q1,2018,Q1,2018-05-07,2018-03-31,43791000.0,60007000.0,54481000.0,5.6,58371000.0,0.9727365140733581,134916000.0,110542000.0,100811000.0,15328000.0,24374000.0,1866000.0,0.0,3951458470.56,3880157470.56,14.139118013324861,6.576918058455115,0.0,0.0,0.39520505071086093,14.139118013324861,0.3961480704166742,65.84995868082056,22.558622037404945,35.746218365508135,0.7227969217419105,0.8767416934619507,0.00801020692380307,0.4447730439680987,6.45518006263048,0.324579738503958,131.35624195731666,0.9727365140733581,1.382978723404255,10.851622895284487,8.994367190402397,6.797839367998028,0.0,1.3852069780226635,0.6085950783149685,1.0967289528443116,0.8336243694538318,1.9442924659351015,Oil & Gas E&P,Energy,TPL
2017Q4,2017,Q4,2018-02-28,2017-12-31,18359413.0,38275224.0,33868685.0,2.35,0.0,0.0,127460000.0,79193000.0,100102000.0,6892000.0,48267000.0,1115000.0,0.0,3491828373.84,3412248373.84,10.12935511234857,14.524376088218224,0.0,0.0,0.23152454505616918,10.12935511234857,0.2318312603386663,91.22946932564001,47.548202846136746,44.092639170633774,1.089359447385382e-06,0.0,5.7276583665553395e-09,0.3002920445630002,14.188189204875219,0.144040585281657,203.10044542605436,0.0,-0.300595238095238,3.9978476038021133,4.483992798492513,4.686389523283017,0.0,-0.30469179137420627,-0.13315841068878934,1.3661778569812946,2.0563704842137382,2.1455733593712996,Oil & Gas E&P,Energy,TPL
2017Q3,2017,Q3,2017-11-07,2017-09-30,26404712.0,42476454.0,39071366.0,3.36,0.0,0.0,115686411.0,67839042.0,94033879.0,10411177.0,47847369.0,1114601.0,0.0,3172959255.6000004,3103462962.6000004,8.639807404969691,9.032012326752296,0.0,0.0,0.3890260344035709,8.639807404969691,0.38922589738221836,74.69924997976527,30.041600677182164,46.77187592949795,0.0,0.0,0.0,0.3671689149385056,8.924954210268446,0.22824385138890685,119.5626421369559,0.0,0.5849056603773584,5.97372020886902,6.052525144312901,2.946817951481221,0.0,0.5800369710543405,0.5797973983704597,2.018282243996044,2.0825543664414896,1.571187287264514,Oil & Gas E&P,Energy,TPL
2017Q2,2017,Q2,2017-08-04,2017-06-30,16711452.0,27348554.0,24731884.0,2.12,0.0,0.0,77158592.0,48561616.0,63692953.0,2688436.0,28596976.0,1114601.0,0.0,2315628015.52,2265525014.52,6.160934076139304,23.691452204925096,0.0,0.0,0.3439957884123995,6.160934076139304,0.3441288280027584,84.67094880116879,34.64133480920748,47.684327793374905,4.416133319833609e-05,0.0,3.1870403840932713e-07,0.3544459961114894,23.276861342431065,0.21658575625641277,260.7547377231621,0.0,0.12765957446808524,2.620937049519787,2.6749912313802984,1.8204835069050946,0.0,0.12267237032312554,0.11888396998470643,0.8048844709788747,0.879583403588684,0.9913920566712304,Oil & Gas E&P,Energy,TPL
2017Q1,2017,Q1,2017-05-04,2017-03-31,14885422.0,24228768.0,22104065.0,1.88,0.0,0.0,71290425.0,43174056.0,64077307.0,8831835.0,28116369.0,1114601.0,0.0,2215364028.75,2162800147.75,5.451899556577559,7.255265412001017,0.0,0.0,0.3446289885617603,5.451899556577559,0.34477701145335987,91.43527350420788,37.206940265952824,51.312390680875566,0.7175986008324118,0.0,0.004821671680760787,0.33986005834584376,7.129062759890782,0.20879973713159938,98.583962991476,0.0,0.3623188405797102,1.887575948444226,1.9715309922328432,1.5398340405569642,0.0,0.3647623492133929,0.37535142788734593,1.1911292115828647,1.2331344685187227,1.2890263284182681,Oil & Gas E&P,Energy,TPL
2016Q4,2016,Q4,2017-02-28,2016-12-31,10906970.0,17563217.0,16071576.0,1.38,0.0,0.0,62453929.0,47624522.0,57177890.0,3054358.0,14829407.0,1114601.0,0.0,2350146855.45,2300728966.45,6.013892008988412,18.72010091809801,0.0,0.0,0.2288807041724777,6.013892008988412,0.2290200413980008,133.81072815134038,53.86800494202331,49.34741088739956,0.0,0.0,0.0,0.2812187684781209,18.355179386306386,0.17464025361799096,230.2186103021582,0.0,0.23214285714285693,0.9151782861206559,0.8320526744826455,1.6699822266879971,0.0,0.22146564633819113,0.22757103173681748,0.5480245479205424,0.49938480668073343,1.8346429440235121,Oil & Gas E&P,Energy,TPL
2016Q3,2016,Q3,2016-11-03,2016-09-30,8929412.0,14265752.0,13092176.0,1.12,0.0,0.0,54562798.0,42783389.0,53909625.0,1667330.0,11779409.0,1114601.0,0.0,1911034732.88,1865538556.88,5.358012763032791,32.332906503211724,0.0,0.0,0.20859262960158784,5.358012763032791,0.20871212423120572,133.95962111776512,53.50393544614136,44.66768008677386,0.0,0.0,0.0,0.2614556533556069,31.542963900367653,0.16365385074277167,167.27511625059162,0.0,-0.11111111111111104,0.9861871784457051,0.9998226115323104,1.6485040354135672,0.0,-0.1179187200938209,-0.13283214195397341,0.02003588104581287,0.029148832391117183,1.6653270822379391,Oil & Gas E&P,Energy,TPL
2016Q2,2016,Q2,2016-08-04,2016-06-30,10123117.0,16190266.0,15097626.0,1.26,0.0,0.0,53579672.0,45375295.0,52973544.0,1886475.0,8204377.0,1114601.0,0.0,1357379525.0,1311763677.0,5.637733117972293,28.080702898262633,0.0,0.0,0.22301122345803248,5.637733117972293,0.22309754680382793,83.83923556289933,33.521778050179606,29.914505789989907,0.0,0.0,0.0,0.30217180127567783,27.48986495977948,0.18893577773301784,188.01267781933583,0.0,0.39999999999999997,1.190481435051912,1.2149294606978178,2.0109772234503955,0.0,0.39052830811212724,0.3983851391454542,0.7822227573230963,0.7560396349380437,2.0671496558881204,Oil & Gas E&P,Energy,TPL
2016Q1,2016,Q1,2016-05-05,2016-03-31,7280051.0,11892161.0,10796472.0,0.9,0.0,0.0,52718119.0,43552963.0,52198432.0,5343015.0,9165156.0,1114601.0,0.0,1178355404.06,1131635532.06,5.378166573764285,9.769471356528102,0.0,0.0,0.16706203246994003,5.378166573764285,0.1671539775606082,99.08673487182018,40.46521803418685,27.055688589086348,0.34439085660251556,0.0,0.002127696780921572,0.2255801463629611,9.560862359547933,0.13809390657508094,105.88603647473496,0.0,-0.18918918918918923,1.5469073426669027,1.445391939965629,2.1426079956440716,0.0,-0.19066093744597729,-0.19060701370285302,0.9021682335708723,0.9122105400222086,1.9661029066330238,Oil & Gas E&P,Energy,TPL
2015Q4,2015,Q4,2016-02-29,2015-12-31,8995057.0,14714861.0,13338974.0,1.11,0.0,0.0,50435545.0,45688679.0,50053218.0,1671008.0,4746866.0,1114601.0,0.0,1060204037.5199999,1015192068.5199999,5.6418968830489495,29.95390686340221,0.0,0.0,0.1967857295852328,5.6418968830489495,0.1968771519964497,72.04988463839379,29.466295697737095,23.204961507422876,0.0,0.0,0.0,0.2917557647091947,29.28688372527241,0.17834757213389882,156.08301687506852,0.0,-0.20714285714285702,2.7324262094073153,2.167308281679527,1.9340463927588252,0.0,-0.21518339595103508,-0.22564510059783172,1.3640120115998065,1.0354331348734571,2.167232560353409,Oil & Gas E&P,Energy,TPL
2015Q3,2015,Q3,2015-11-05,2015-09-30,11461349.0,18179458.0,17225918.0,1.4,0.0,0.0,51729669.0,44612945.0,51499122.0,3948003.0,7116724.0,1114601.0,0.0,1148753669.25,1102582978.25,5.446742590458977,13.044347230739186,0.0,0.0,0.2567976764275802,5.446742590458977,0.25690635307756526,63.189654457795164,25.05712175002262,25.749335069675404,0.0,0.0,0.0,0.3514319413101213,12.762027029868012,0.22156238811425605,90.79583125758326,0.0,0.5555555555555555,5.079971772853019,4.529853845356677,1.8117066788093188,0.0,0.5454868465692881,0.5743258817080301,1.9018196983699747,1.8935362230007267,1.4881690558004095,Oil & Gas E&P,Energy,TPL
2015Q2,2015,Q2,2015-08-06,2015-06-30,7416012.0,11787875.0,10941774.0,0.9,0.0,0.0,45135752.0,38416062.0,44920241.0,3415169.0,6719690.0,1114601.0,0.0,1240609035.6,1201801956.6,4.659686366836905,13.153153182170486,0.0,0.0,0.19291658071361328,4.659686366836905,0.19304456557780442,105.24450213460865,41.821973710398524,32.29401898612096,0.0,0.0,0.0,0.2611649186658062,12.826785438729386,0.16430460713272263,-644.9312162941937,0.0,-0.6629213483146068,1.3086775065866871,1.1569330628697372,1.3781271600273857,0.0,-0.665434348837993,-0.6757888949210165,0.536270262408238,0.5144253532905192,1.1332103837815595,Oil & Gas E&P,Energy,TPL
2015Q1,2015,Q1,2015-05-06,2015-03-31,22166089.0,34732660.0,33748918.0,2.67,0.0,0.0,55153197.0,39846747.0,54917726.0,12194752.0,15306450.0,1114601.0,0.0,1201904607.85,1152303227.85,4.802212476142143,4.503390146843494,0.0,0.0,0.5561732291207309,4.802212476142143,0.5562835279878681,34.60445033147475,13.55566838888448,30.16318014240911,0.10838447865115042,0.0,0.0019988774352879693,0.6297488067645471,4.411990092131435,0.4019003467740954,37.7663428312331,0.0,1.696969696969697,9.78440688746611,8.722492752061104,1.668668584574757,0.0,1.6917279546592718,1.7670992744884044,3.103787279526655,3.0654673884378716,1.2371693737787317,Oil & Gas E&P,Energy,TPL
2014Q4,2014,Q4,2015-02-27,2014-12-31,8234892.0,13291018.0,12196497.0,0.99,0.0,0.0,33102488.0,26719817.0,32898890.0,1394918.0,6382671.0,1125059.0,0.0,979114558.0,952299799.0,3.2201935720784167,23.584820039600896,0.0,0.0,0.3080918708543532,3.2201935720784167,0.30819417662927856,73.66738635069187,29.72457191909742,36.64375987305601,1.214345009017726e-07,0.0,1.0213309482831731e-09,0.4015111492525879,22.193343264622005,0.24876957889086765,100.96944675526395,0.0,-0.1081081081081082,4.530724405066448,3.3452457236775937,0.611443354704294,0.0,-0.12077149336171103,-0.12096039163957559,0.3800235645486135,0.32316997979233847,0.4296664441419758,Oil & Gas E&P,Energy,TPL
2014Q3,2014,Q3,2014-11-06,2014-09-30,9366043.0,14752719.0,13874798.0,1.11,0.0,0.0,33082966.0,28247535.0,32766408.0,2417813.0,4835431.0,1125059.0,0.0,1617728193.32,1591603967.32,3.3602404024646453,13.552085293610382,0.0,0.0,0.33148071004553015,3.3602404024646453,0.33157027684008533,109.6562737567224,43.180673880100706,57.26971197026572,0.0,0.0,0.0,0.4459309664073046,13.086764361015513,0.2831077177300246,175.36818528582825,0.0,-0.05128205128205114,4.714071722088076,4.236060462828784,0.6584905484013122,0.0,-0.05528694443012711,-0.056747828550901554,0.9788582835863182,0.9644008279986717,0.6609908672277749,Oil & Gas E&P,Energy,TPL
2014Q2,2014,Q2,2014-08-06,2014-06-30,9914167.0,15579884.0,14709532.0,1.17,0.0,0.0,31388380.0,26111259.0,31010844.0,2877257.0,5277121.0,1125059.0,0.0,1351314630.5400002,1327176982.5400002,3.093782590675687,10.777919386415604,0.0,0.0,0.37960212552669476,3.093782590675687,0.3796893516317999,86.73457585050056,34.07534466940087,51.752182096619705,0.0,0.0,0.0,0.49635833388024486,10.38690148290542,0.31585468890079704,138.04935709517795,0.0,0.3604651162790697,3.881217936712124,3.3911845238116323,0.5023414702687256,0.0,0.36748677709182365,0.3829682093348341,1.0457778760210636,1.0325772599806948,0.6523146307043107,Oil & Gas E&P,Energy,TPL
2014Q1,2014,Q1,2014-05-07,2014-03-31,7249918.0,11578609.0,10636204.0,0.86,0.0,0.0,27965208.0,20128527.0,27580603.0,4788978.0,7836681.0,1125059.0,0.0,1094421723.5,1076153866.5,2.381754848728567,5.7591834834071065,0.0,0.0,0.3600680445987619,2.381754848728567,0.3601812492290171,94.52100191827878,37.73910696300289,54.371674762887515,0.3145276953477267,0.0,0.002083566098000612,0.4140362195768399,5.524256741208667,0.2592477767374375,108.48628881066038,0.0,-0.03370786516853935,10.455982839082724,6.541634801343777,0.18332948492237813,0.0,-0.03580053266970834,-0.04541197590097389,1.4304144516937785,1.2814586681912175,0.3917236903355311,Oil & Gas E&P,Energy,TPL
2013Q4,2013,Q4,2014-02-28,2013-12-31,7519106.0,12500601.0,11142193.0,0.89,0.0,0.0,22356948.0,17929666.0,21977711.0,1375830.0,4427282.0,1125059.0,0.0,845028788.67,831789577.67,2.121569498432932,15.97414724202845,0.0,0.0,0.41925079605896864,2.121569498432932,0.4193667634411037,67.59905293113506,28.09605253171055,47.130202462778726,0.0,0.0,0.0,0.5591371863458287,15.156416126992434,0.3363207715113888,176.87803297187253,0.0,-0.19090909090909097,6.559511758043018,4.025865152748624,-0.08211245664940092,0.0,-0.2027343947981565,-0.20983922471125094,1.989661637012703,1.578300818009233,0.10331391425579294,Oil & Gas E&P,Energy,TPL
2013Q3,2013,Q3,2013-11-06,2013-09-30,9431118.0,14933866.0,14101172.0,1.1,0.0,0.0,24464973.0,17293402.0,24382545.0,4320726.0,7171571.0,1125059.0,0.0,727173551.5,711551462.5,2.0102646308362053,5.643159274621904,0.0,0.0,0.545253258378818,2.0102646308362053,0.5453593225901995,48.69292060743012,19.27591064760297,42.04919029234387,0.0,0.0,0.0,0.6104182497973736,5.382772709956614,0.38549472341539065,50.31821975385801,0.0,0.5492957746478875,2.1627906241381636,2.0030333662471476,-0.19086543964365668,0.0,0.5384080098655235,0.5587314925691718,3.763496393534374,3.325156318166471,0.03773482862901585,Oil & Gas E&P,Energy,TPL
2013Q2,2013,Q2,2013-08-06,2013-06-30,6130440.0,9950824.0,9046569.0,0.71,0.0,0.0,21326446.0,15967020.0,21204799.0,1660639.0,5359426.0,1125059.0,0.0,699626012.6,690332533.6,1.8381017395578754,12.769059982332102,0.0,0.0,0.3838120011605649,1.8381017395578754,0.3839439043728886,70.30834959999292,28.530823750008157,43.81694346221148,0.0,0.0,0.0,0.4665955124449709,12.091574387931393,0.2874571787535532,129.89369435605406,0.0,0.5106382978723404,1.2881278457428982,1.2324845715921908,-0.2338796358721813,0.0,0.4815541620225412,0.5489005569424852,0.8112830714223108,0.7280727618461698,-0.06190259910057876,Oil & Gas E&P,Energy,TPL
2013Q1,2013,Q1,2013-05-07,2013-03-31,4137844.0,6723783.0,5840639.0,0.47,0.0,0.0,22450132.0,15875233.0,22299167.0,2760726.0,6574899.0,1125059.0,0.0,634147024.4979,624203385.4979,1.8132097041330637,8.077283656545417,0.0,0.0,0.26051078876431244,1.8132097041330637,0.26064776498083525,94.31402299834781,38.313855264837194,39.94568297031609,0.0,0.0,0.0,0.29949859537574214,7.669760780316482,0.1843126802105217,117.52955016039806,0.0,0.0,0.6893922092060509,0.6237219018908663,-0.2351472647654751,-1.0,0.005845451294752755,-0.060095035881452326,0.9079225149157111,0.7837447136360134,0.0076305033785783955,Oil & Gas E&P,Energy,TPL
2012Q4,2012,Q4,2013-03-11,2012-12-31,4113797.0,7816061.0,6214074.0,0.47,7799557.0,0.9978884504611722,21186872.0,15596145.0,21038687.0,1424959.0,5590727.0,1125059.0,0.0,467796801.03,459371894.03,1.7813333171907688,14.764415677924768,0.0,0.0,0.2635820408132666,1.7813333171907688,0.26377011755148466,59.85071009937102,28.42852971537001,29.994386499356093,0.5356613367164204,0.014669452890915055,0.0047105965563425944,0.36891056877107675,13.682320684314426,0.19416726546514276,92.72945017284309,0.9978884504611722,-0.020833333333333353,1.2673648975931726,1.2714444453374614,-0.25021526185952303,0.13735476211967723,-0.04576450699729906,-0.02373993017954079,1.618462717906521,1.4217173990736953,-0.10858845213839241,Oil & Gas E&P,Energy,TPL
2012Q3,2012,Q3,2012-11-06,2012-09-30,4311092.0,6857629.0,6365183.0,0.48,6857629.0,1.0,25215070.0,19570548.0,24021774.0,2297624.0,5644522.0,0.0,0.0,487060734.0,475746106.0,2.18905647820093,10.455050086524166,0.0,0.0,0.22011869288322314,2.18905647820093,0.22028468492553197,71.02465502289493,28.244626535457837,24.8874346288106,0.0,0.0,0.0,0.27196549523757024,10.240605512477238,0.17097283489595705,116.07799993231613,1.0,-0.18644067796610167,1.003125042728469,0.6127421270531876,-0.03159279589602981,-0.1952315653405107,-0.18422744714243489,-0.19945932043407802,1.473096238900494,1.2886045370089938,0.08043742237906852,Oil & Gas E&P,Energy,TPL
2012Q2,2012,Q2,2012-08-03,2012-06-30,5284674.0,8521245.0,7951105.0,0.59,8521245.0,1.0,25362911.0,19714899.0,24166594.0,2154123.0,5648012.0,0.0,0.0,515175882.47999996,503590428.47999996,2.1843538744531332,11.218762345511376,0.0,0.0,0.267886241811545,2.1843538744531332,0.268054835076761,60.45781836809057,24.371223394290734,26.131297070302008,0.0,0.0,0.0,0.3359726728528914,11.154615126434285,0.20836228144316715,248.11933522867105,1.0,-0.09230769230769238,2.138726759810068,1.8660951191540442,-0.02534641064690785,-0.0927627417601728,-0.11006280464547245,-0.09369379473980032,1.4330813634563608,1.2458822439017994,0.06072269629534334,Oil & Gas E&P,Energy,TPL
2012Q1,2012,Q1,2012-05-07,2012-03-31,5938255.0,9392521.0,8773089.0,0.65,9392521.0,1.0,28107400.0,19581620.0,26912493.0,5109781.0,8525780.0,0.0,0.0,430026966.18,415368582.18,2.1465574008063943,5.2668584035206205,0.0,0.0,0.3030770375868279,2.1465574008063943,0.303256574277307,45.78397707921015,18.1040964972033,21.960745136510667,0.352276384223985,0.0,0.004864594931296409,0.3341654155133524,5.255617217254517,0.21127016372912472,50.33066533318274,1.0,-0.09722222222222215,3.3964103477629766,2.8253800501361552,-0.02818139085504832,-0.14947916638368858,-0.0948244258867878,-0.12308991870497298,7.69294491098335,4.667611971028526,0.06647611730842173,Oil & Gas E&P,Energy,TPL
2011Q4,2011,Q4,2012-03-12,2011-12-31,6560335.0,11043258.0,10004548.0,0.72,11043258.0,1.0,27432257.0,20547234.0,26259026.0,3391349.0,6885023.0,0.0,0.0,371187892.53,358158314.53,2.252409004403148,7.742944179440099,0.0,0.0,0.31911444077235734,2.252409004403148,0.3192806876098262,33.61217247029816,14.145157698882755,18.06510270579485,0.0,0.0,0.0,0.4025646887166448,7.7187482031486585,0.2391467461098808,51.11464299553696,1.0,0.28571428571428553,1.0073616148509912,0.4038073016992956,-0.02237711828765005,0.3234234485790158,0.24746431597570306,0.27551616115654065,5.110297854017819,3.113258289686154,-0.02550533027578218,Oil & Gas E&P,Energy,TPL
2011Q3,2011,Q3,2011-11-07,2011-09-30,5258936.0,8344463.0,7843529.0,0.56,8344463.0,1.0,25053696.0,18895994.0,23845247.0,2519925.0,6157702.0,0.0,0.0,339431044.50000006,329119316.50000006,2.023033641402827,9.46268123059218,0.0,0.0,0.27814697873370653,2.023033641402827,0.2783095718595169,40.67739823401459,16.13591820189483,17.963121945318147,0.0,0.0,0.0,0.33306315363609423,9.459774001210354,0.20990659422066907,54.27433575184347,1.0,-0.034482758620689495,1.1083057839840642,0.990582338107832,-0.20810580697775166,-0.025894431212981316,-0.02898727069723403,-0.020557905935945336,0.6242980298467371,0.5454212112027041,-0.1857258935398627,Oil & Gas E&P,Energy,TPL
2011Q2,2011,Q2,2011-08-05,2011-06-30,5415929.0,8566282.0,8008160.0,0.58,8566282.0,1.0,24284031.0,17660796.0,23043158.0,2453552.0,6623235.0,0.0,0.0,426429988.05,418338765.05,1.8723931466714305,9.391754484926343,0.0,0.0,0.3064958673668678,1.8723931466714305,0.30666392386843716,49.78005487678318,19.6840647306307,24.145570111902092,0.0,0.0,0.0,0.35275370880559326,9.391754484926343,0.2230242993842332,106.10825766020872,1.0,0.6571428571428571,1.0863273370885036,0.94823417142141,-0.2367618611094557,0.4987105844743873,0.6120904199318424,0.6406287612783291,0.8616699749619297,0.7699576720914887,-0.21958698561300072,Oil & Gas E&P,Energy,TPL
2011Q1,2011,Q1,2011-05-05,2011-03-31,3359569.0,5715768.0,4881153.0,0.35,5715768.0,1.0,24672013.0,16288826.0,23474217.0,4123271.0,8383187.0,0.0,0.0,425073924.65999997,416947817.65999997,1.7113704863027437,5.693105546543023,0.0,0.0,0.20606669541019088,1.7113704863027437,0.2062499163537016,74.36864558883426,31.631581659730752,26.096044285818998,0.5953838126259648,0.0,0.004705612092296436,0.2316701113930185,5.6806685759922155,0.1361692294828152,66.84320550994147,1.0,0.16666666666666663,0.9488921830383843,0.8504664107027684,-0.24364237624783874,0.04675845159900858,0.18606526384688193,0.18461591106995057,0.26172952606472033,0.2696934524550129,-0.2781053429922331,Oil & Gas E&P,Energy,TPL
2010Q4,2010,Q4,2011-03-11,2010-12-31,2832533.0,5460446.0,4120452.0,0.3,5460446.0,1.0,24989360.0,18302226.0,9445546.0,6250791.0,6687134.0,0.0,0.0,347216676.47999996,340067124.47999996,1.9229065010604642,1.5110961156756002,0.0,0.0,0.15458199685057614,1.9229065010604642,0.15476439860375454,63.58760373786316,30.645422002144368,18.971281224480563,0.0,0.0,0.0,0.21851083821274334,1.4901144511150668,0.11334956157340564,112.07678326675865,1.0,0.30434782608695643,0.471090798482811,0.11402882754361304,-0.1577339422240533,0.40522324625864137,0.27123338944796577,0.28638501463414634,0.43608407825460277,0.45971685636249354,-0.19062539646428367,Oil & Gas E&P,Energy,TPL
2010Q3,2010,Q3,2010-11-04,2010-09-30,2228177.0,3885821.0,3203125.0,0.23,3885821.0,1.0,25343706.0,18754539.0,24136861.0,1499244.0,6589167.0,0.0,0.0,387547682.93,380277622.93,1.937166003662062,16.09935474145636,0.0,0.0,0.11849091377614439,1.937166003662062,0.11880734578439918,99.733797035427,43.48259619074248,20.66420736494776,0.0,0.0,0.0,0.15332489257885173,15.955073356971914,0.08791835732311604,236.79528186475184,1.0,-0.41025641025641024,-0.037685644148787174,0.06421537435196435,-0.1193252203479567,-0.39982834238111387,-0.41449031857289936,-0.42678015129693314,-0.04395810960154154,-0.15612095843978926,-0.1430255307832917,Oil & Gas E&P,Energy,TPL
2010Q2,2010,Q2,2010-08-04,2010-06-30,3805534.0,6474516.0,5587952.0,0.39,6474516.0,1.0,26470837.0,19137545.0,25231694.0,2170830.0,7333292.0,0.0,0.0,256971795.86999997,248714209.86999997,1.9593932760026362,11.623063068043098,0.0,0.0,0.198635784640469,1.9593932760026362,0.19885173359487854,39.68973060997918,16.88145447327497,13.427625950454981,0.0,0.0,0.0,0.24459052805923742,11.623063068043098,0.14376326672254452,75.01374065983723,1.0,0.56,0.7871955926359815,0.7788062874290267,-0.061295622371929474,0.5251445049941321,0.5580697712599597,0.6025351704715732,1.0886124498394147,1.0123420555361153,-0.1257233034695918,Oil & Gas E&P,Energy,TPL
2010Q1,2010,Q1,2010-05-05,2010-03-31,2442467.0,4245182.0,3486945.0,0.25,4245182.0,1.0,25921014.0,17743289.0,24656898.0,2925986.0,8177725.0,0.0,0.0,276086664.0,268830483.0,1.7994787752587715,8.426868071139097,0.0,0.0,0.13741086480134931,1.7994787752587715,0.13765582018080189,65.03529507097693,28.25899633444382,15.560061271616554,0.8057676930742564,0.0,0.0071284174740146086,0.16377376286282627,8.426868071139097,0.09422729373164182,78.6879942997613,1.0,0.38888888888888895,1.0048141748383308,0.8272886477195893,-0.08937912312382336,0.1679291866334103,0.3804380385476635,0.3899587350737523,0.6729647767368472,0.5995854395378654,-0.18531553831223732,Oil & Gas E&P,Energy,TPL
2009Q4,2009,Q4,2010-03-12,2009-12-31,1769342.0,3634794.0,2508668.0,0.18,3634794.0,1.0,26787620.0,19703997.0,9854674.0,6511928.0,7083623.0,0.0,0.0,296300151.90000004,288148942.90000004,1.998328742166264,1.5133266215474126,0.0,0.0,0.08953164082007954,1.998328742166264,0.08979609568556066,81.51772890017978,41.86586763610427,15.037565824842543,0.0,0.0,0.0,0.13568932215702628,1.5020788006255597,0.06605073537701371,96.28841400422137,1.0,-0.05263157894736847,0.47550720901923266,0.509971923326134,-0.03653929658567628,0.08234313919334513,-0.09436351538107181,-0.10229951237212158,-0.49912414212375794,-0.5725268955676639,-0.13265668015615392,Oil & Gas E&P,Energy,TPL
2009Q3,2009,Q3,2009-11-05,2009-09-30,1953700.0,3358264.0,2794549.0,0.19,3358264.0,1.0,27103079.0,20300885.0,9182638.0,647544.0,6802194.0,0.0,0.0,315622660.5,308091165.5,2.026083540665167,14.180716677167883,0.0,0.0,0.09583065218225478,2.026083540665167,0.09623718374839324,93.98387395987928,40.3878103726263,15.547236512102797,0.0,0.0,0.0,0.1239071029531368,14.086094535660898,0.07208406100281078,204.9905114262964,1.0,-0.2083333333333333,-0.8400698787687116,-0.8291059694380922,-0.12452500704142831,-0.20848378344234877,-0.19562722919374567,-0.19965672763431325,-0.2698659436068057,-0.25319777704285434,-0.2069119575697531,Oil & Gas E&P,Energy,TPL
2009Q2,2009,Q2,2009-08-06,2009-06-30,2428849.0,4242824.0,3491688.0,0.24,4242824.0,1.0,28301255.0,20784120.0,27020965.0,1273543.0,7517135.0,0.0,0.0,333061509.0,324619288.0,2.0593071894116712,21.217159530538034,0.0,0.0,0.1162925130414895,2.0593071894116712,0.11686080526863779,78.49995875388656,34.28182536254827,16.024806871784804,0.0,0.0,0.0,0.14991646130180447,21.217159530538034,0.08582124714964054,106.44778981051319,1.0,2.428571428571428,0.832148803034805,0.79423580645159,0.7349994539033878,1.29468603736767,2.186830186104609,1.918419867088031,-0.12559480775231752,-0.09820768121327128,-0.16057063686406858,Oil & Gas E&P,Energy,TPL
2009Q1,2009,Q1,2009-05-07,2009-03-31,762152.0,1848978.0,1196431.0,0.07,1848978.0,1.0,27730412.0,20485528.0,26420125.0,1356134.0,7244884.0,0.0,0.0,264522165.55999997,257065074.55999997,2.012757122235318,19.48194278736467,0.0,0.0,0.03668018958452679,2.012757122235318,0.03720441084066762,143.06398754338883,86.76817930019209,12.912635962324233,2.5328858285486358,0.0,0.007297853455543894,0.06667690332188357,19.070012255426086,0.027484337412657267,163.5382669487491,1.0,-0.4166666666666666,-0.2876938626452836,-0.090505104049496,0.7222534729739549,0.0,-0.3637492904130631,-0.3754989380520811,-0.5865378123393921,-0.44020590440917634,-0.1104414816378718,Oil & Gas E&P,Energy,TPL
2008Q4,2008,Q4,2009-03-16,2008-12-31,1197880.0,2995442.0,1915819.0,0.12,0.0,0.0,30785034.0,23524672.0,29545223.0,6568360.0,7260362.0,0.0,0.0,235108196.4,225453817.4,2.3113610308823755,4.498112618674981,0.0,0.0,0.05028582935473165,2.3113610308823755,0.050920157356497894,78.48864922104985,49.06756027314923,9.994111560832815,0.0,0.0,0.0,0.09730189026265165,4.3363772692117974,0.03891111505675128,135.24354863018192,0.0,-0.6571428571428571,-0.1368418987911224,0.1373323748366875,0.850812164014021,0.0,-0.6666549789426172,-0.6236418838149739,-0.4182079655994871,-0.42849611956446637,0.01241581039151718,Oil & Gas E&P,Energy,TPL
2008Q3,2008,Q3,2008-11-06,2008-09-30,3593514.0,5992923.0,5090415.0,0.35,0.0,0.0,32984142.0,25756467.0,0.0,0.0,7227675.0,0.0,0.0,386803771.287,375839469.287,2.4844626954889724,0.0,0.0,0.0,0.13839726881604442,2.4844626954889724,0.1395189021848377,64.54342418332423,26.909855595873566,15.017734042755166,0.0,0.0,0.0,0.18169103807520595,0.0,0.1089467174862393,87.1155139296754,0.0,0.12903225806451607,1.614784351142944,1.475212991776285,1.1279386500218669,0.0,0.11682292077813988,0.1383840066732042,0.4493469559948206,0.5327494865701333,0.12948690652593597,Oil & Gas E&P,Energy,TPL
2008Q2,2008,Q2,2008-08-08,2008-06-30,3217622.0,5352963.0,4471615.0,0.31,0.0,0.0,32252472.0,25029405.0,0.0,0.0,7223067.0,0.0,0.0,555517312.5,546123312.5,2.399233626494764,0.0,0.0,0.0,0.12621834996938844,2.399233626494764,0.12855367516726826,103.77753638498902,43.1621017400428,22.194587226504186,0.0,0.0,0.0,0.16597062699566098,0.0,0.0997635778119581,348.12389471758036,0.0,0.10714285714285703,1.491548482889189,1.2763603763943339,1.052601049880918,0.0,0.09788085467338302,0.09107130613602331,0.4147448658888665,0.3768994119921389,0.1494226992233874,Oil & Gas E&P,Energy,TPL
2008Q1,2008,Q1,2008-05-09,2008-03-31,2930757.0,4954938.0,4098371.0,0.28,0.0,0.0,33885565.0,24835818.0,0.0,0.0,9049747.0,0.0,0.0,432147705.0,421322045.0,2.3706651236294314,0.0,0.0,0.0,0.11572958558158974,2.3706651236294314,0.11800525354147788,87.21556253579762,36.863147046991614,17.400180054468105,0.643065255836632,0.0,0.004361166282255277,0.14622562734308842,0.0,0.08648983719173636,118.06324032383075,0.0,0.33333333333333354,2.691656170459287,2.0134790294117706,1.1084375027907651,0.0,0.349964002581312,0.3216518443081563,1.264145697815092,1.0073735914144177,0.19966802795368485,Oil & Gas E&P,Energy,TPL
2007Q4,2007,Q4,2008-03-14,2007-12-31,2170989.0,4117390.0,3100946.0,0.21,0.0,0.0,32656735.0,24889539.0,0.0,0.0,7767196.0,0.0,0.0,468814783.0,458661581.0,2.375792979740573,0.0,0.0,0.0,0.0848447759550115,2.375792979740573,0.08722495824450585,113.86212697849851,53.98631487768939,18.835816243924807,0.0,0.0,0.0,0.1260808834686015,0.0,0.06647905860766547,173.59819912359373,0.0,-0.125,0.05259262462479928,0.1348362167325829,0.9650179105710186,0.0,-0.14363968782727546,-0.13441359058529287,0.7039871354277241,0.6098678029910621,0.14544875781865596,Oil & Gas E&P,Energy,TPL
2007Q3,2007,Q3,2007-11-08,2007-09-30,2535135.0,5008768.0,3582480.0,0.24,0.0,0.0,31596955.0,23804926.0,0.0,0.0,7792029.0,0.0,0.0,552875295.0,544272703.0,2.260471079649164,0.0,0.0,0.0,0.10428209499407066,2.260471079649164,0.10649623527500149,110.38149401210038,54.52128732789378,23.22524737106933,0.0,0.0,0.0,0.15852059162030013,0.0,0.08023352250240569,178.76431285831657,0.0,0.26315789473684204,1.8276947744269456,2.0150616630360756,1.1380339925775458,0.0,0.28494574877936657,0.3188842453105258,-0.802547233514062,-0.7574882883437959,-0.023245654574933314,Oil & Gas E&P,Energy,TPL
2007Q2,2007,Q2,2007-08-07,2007-06-30,1972951.0,3483887.0,2716296.0,0.19,0.0,0.0,31876583.0,23702594.0,0.0,0.0,8173989.0,0.0,0.0,650426583.0,642478830.0,2.241159216273914,0.0,0.0,0.0,0.08034569642294694,2.241159216273914,0.08323776714059229,186.6956600486755,82.41798491194156,27.441156145188163,0.0,0.0,0.0,0.10929298789647561,0.0,0.0618934281632382,394.96799699778296,0.0,0.2837837837837839,1.4194006732471325,1.2397824229206587,1.1273534557237805,0.0,0.2561662229970082,0.288570355105712,0.42024695007621904,0.40596950608946963,0.8882127136440849,Oil & Gas E&P,Energy,TPL
2007Q1,2007,Q1,2007-05-04,2007-03-31,1570613.0,2855066.0,2107992.0,0.148,0.0,0.0,32032327.0,23429983.0,0.0,0.0,8602344.0,0.0,0.0,514465690.0,506459260.0,2.208804586171723,0.0,0.0,0.0,0.0637336433978603,2.208804586171723,0.06703432093826103,180.1939745000641,81.88931487260069,21.95757845833691,1.0803297820659832,0.0,0.0032981402511020707,0.08913077092401062,0.0,0.049032123079912365,248.84622937751885,0.0,-0.5888888888888889,1.4895972925162377,1.113500053472486,1.1273217198143655,0.0,-0.5867049346064519,-0.579526115357089,0.4084304061677456,0.34749073093925725,0.8900051713295077,Oil & Gas E&P,Energy,TPL
