Quarters,Year,Quarter,FillingDate,Date,NetIncome,Revenue,OperatingIncome,EPSDiluted,GrossProfit,GrossProfitRatio,TotalAssets,CommonStockEquity,CurrentAssets,CurrentLiability,TotalLiability,Inventory,RetainedEarnings,MarketCap,EnterpriseValue,bookValuePerShare,currentRatio,debtToAssets,debtToEquity,roic,shareholdersEquityPerShare,roe,priceToSalesRatio,peRatio,pbRatio,payoutRatio,inventoryTurnover,dividendYield,assetTurnover,quickRatio,returnOnAssets,priceToFreeCashFlowsRatio,grossProfitMargin,epsdilutedGrowth,fiveYNetIncomeGrowthPerShare,fiveYRevenueGrowthPerShare,fiveYShareholdersEquityGrowthPerShare,grossProfitGrowth,netIncomeGrowth,operatingIncomeGrowth,threeYNetIncomeGrowthPerShare,threeYRevenueGrowthPerShare,threeYShareholdersEquityGrowthPerShare,Industry,Sector,Symbol
2023Q1,2023,Q1,2023-05-22,2023-03-31,-9119000.0,7590000.0,-8475000.0,-2.85,3152000.0,0.4152832675,24338000.0,-4357000.0,23694000.0,27998000.0,28695000.0,9027000.0,-661561000.0,5592691.615499999,4336691.615499999,-1.3609266920610528,0.846274733909565,0.022269701701043636,-0.12439752123020427,2.328483300944548,-1.3609266920610528,2.092953867339913,0.7368500152173912,-0.15332524442098913,-1.2836106530869864,0.0,0.4916362025036003,0.0,0.31185799983564794,0.43960282877348383,-0.3746815679184814,-0.9949638170254402,0.4152832674571805,0.6643109540636043,0.9684793519989979,-0.9461485654478491,-1.0022719452565076,1.5333333333333334,0.5996575643164457,0.6204827370023733,0.953662492453346,1.980243662015481,-1.0258586322521217,Biotechnology,Healthcare,NBRV
2022Q4,2022,Q4,2023-04-17,2022-12-31,-22778000.0,10439000.0,-22331000.0,-8.49,-5910000.0,-0.5661461826,31765000.0,3293000.0,31104000.0,27605000.0,28472000.0,9676000.0,-652861000.0,5068919.52,-2124080.4800000004,1.2278297131061966,1.1267523999275493,0.16436329293247284,1.5854843607652596,-2.6589267307062467,1.2278297131061966,-6.917096872153052,0.4855752006897212,-0.0556339397664413,1.5393014029760097,0.0,1.6896444811905746,0.0,0.3286321422949787,0.6939322586487955,-0.7170785455690225,-3.102153929008568,-0.5661461825845387,-1.0166270783847982,0.4367247348674317,0.0,-0.9779104356200757,-2.353021978021978,-0.9782873024144519,-0.9934833065524014,0.8816675247436717,3.959334818951712,-0.990448309453821,Biotechnology,Healthcare,NBRV
2022Q3,2022,Q3,2022-11-10,2022-09-30,-11514000.0,8784000.0,-11202000.0,-4.21,4368000.0,0.4972677596,48240000.0,25623000.0,47563000.0,21640000.0,22617000.0,17333000.0,-630083000.0,5684117.92,-2830882.08,9.376272756846678,2.197920517560074,0.12711442786069652,0.23931623931623933,-0.369448530735492,9.376272756846678,-0.44936190141669596,0.6470990346083788,-0.12341753343755428,0.22183654997463215,0.0,0.254774130271736,0.0,0.18208955223880596,1.2493068391866913,-0.238681592039801,-0.9051143184713376,0.4972677595628415,0.03881278538812784,0.978697933917658,0.0,-0.9897645370918516,0.01087711177968063,-0.039732707242188914,-0.07721896336186172,0.9288159859282423,-0.8512350733881899,-0.9281160391946406,Biotechnology,Healthcare,NBRV
2022Q2,2022,Q2,2022-08-03,2022-06-30,-11074000.0,8776000.0,-10399000.0,-4.38,4321000.0,0.4923655424,54893000.0,34605000.0,54296000.0,19332000.0,20288000.0,15535000.0,-618569000.0,11509329.65,-1395670.3499999996,13.680444890202619,2.808607490171736,0.1299983604466872,0.2062129750036122,-0.2581048533188893,13.680444890202619,-0.32001155902326256,1.3114550649498633,-0.2598277417825537,0.33259152290131483,0.0,0.2867718056002575,0.0,0.1598746652578653,1.676081109042003,-0.20173792651157707,-0.8783736281767535,0.4923655423883318,0.12922465208747522,0.9673963041025055,0.0,-0.9699728800074684,0.0030176415970287838,0.0630340976393942,0.1002768645094307,0.9414909843961882,0.0,-0.9085640100145809,Biotechnology,Healthcare,NBRV
2022Q1,2022,Q1,2022-05-05,2022-03-31,-11819000.0,7669000.0,-11558000.0,-5.03,4308000.0,0.5617420785,65780000.0,44625000.0,65199000.0,16270000.0,21155000.0,15632000.0,-607495000.0,24693532.5,-977467.5,18.97511018320283,4.0073140749846345,0.12333536029188204,0.18180392156862746,-0.22592573707807556,18.97511018320283,-0.2648515406162465,3.219915569174599,-0.5223270263981724,0.5533564705882352,0.0,0.21500767656090072,0.0,0.11658558832471876,2.752980946527351,-0.17967467315293403,-1.5525641307764855,0.5617420784978485,0.15177065767284983,0.9640761138687759,0.0,-0.9670793742956015,0.0783479349186483,0.10264976083820515,0.09604254653527296,0.9316881086921602,-0.10386998105678072,-0.9132468077094975,Biotechnology,Healthcare,NBRV
2021Q4,2021,Q4,2022-03-29,2021-12-31,-13171000.0,9261000.0,-12786000.0,-5.93,3995000.0,0.4313789008,80909000.0,53350000.0,80265000.0,22340000.0,27559000.0,14509000.0,-595676000.0,33230146.17,-2633853.829999998,24.037898326223342,3.592882721575649,0.14578106267535132,0.22108716026241798,-0.19707786232029137,24.037898326223342,-0.24687910028116214,3.5881812082928413,-0.63074455565257,0.6228705936269916,0.0,0.36294713626025227,0.0,0.11446192636171501,2.704834377797672,-0.1627878233571049,-5.4315374583197125,0.43137890076665586,-0.12513604322193003,0.9670786975313463,0.0,-0.9735012476577508,-0.05354181473584459,-0.23648141194141944,-0.18235620491954874,0.9608830393631115,0.0,-0.9288344412703331,Biotechnology,Healthcare,NBRV
2021Q3,2021,Q3,2021-11-09,2021-09-30,-10652000.0,8420000.0,-10814000.0,-5.27047376690458,4221000.0,0.5013064133016627,89122000.0,63290000.0,88412000.0,19725000.0,25832000.0,15581000.0,-582613000.0,60126862.25,16080862.25,31.315079974924185,4.482230671736375,0.08919234308027199,0.12559646073629324,-0.14829068306198812,31.315079974924185,-0.1683046294833307,7.1409575118764845,-1.4111636840499437,0.9500215239374309,0.0,0.26949489763173096,0.0,0.09447723345526357,3.3988846641318124,-0.11952155472273962,-4.541989896510047,0.5013064133016627,0.27227020076102143,0.9678628318687198,0.0,-0.9624780338778449,0.021539206195546952,0.09375531733877829,0.04990335617641891,0.9766760246406474,0.0,-0.9240807575145917,Biotechnology,Healthcare,NBRV
2021Q2,2021,Q2,2021-08-05,2021-06-30,-11754000.0,7753000.0,-11382000.0,-7.242349801280865,4132000.0,0.5329549851670321,95409000.0,69201000.0,94620000.0,19211000.0,26208000.0,10113000.0,-571961000.0,54774697.5,1503697.5,42.63891644495161,4.925303211701629,0.0824764959280571,0.11371222959205791,-0.1557119518511892,42.63891644495161,-0.1698530368058265,7.064968076873468,-1.1650224923430321,0.7915304330862271,0.0,0.35805398991397214,0.0,0.08126067771384252,3.785955962729686,-0.12319592491274409,-2.9651219347155306,0.5329549851670321,0.45269592078502463,0.9486360423264109,0.0,-0.9570570465557844,0.996135265700483,0.15928760460625135,0.15362879238548482,0.9340159590544979,0.0,-0.9074538844654384,Biotechnology,Healthcare,NBRV
2021Q1,2021,Q1,2021-05-06,2021-03-31,-13981000.0,2132000.0,-13448000.0,-13.2327714634777,2070000.0,0.9709193245778611,79408000.0,54991000.0,78439000.0,18299000.0,24417000.0,8974000.0,-560207000.0,43846576.0,-3143424.0,52.047998001029775,4.286518388983005,0.09820169252468265,0.14180502264006836,-0.21712838959617592,52.047998001029775,-0.2542416031714281,20.565936210131333,-0.784038623846649,0.7973409467003691,0.0,0.006908847782482728,0.0,0.026848680233729598,3.22476638067654,-0.17606538384041912,-2.0163980685214993,0.9709193245778611,0.5215309735705248,0.9174240686120338,0.0,-0.9537580901290568,0.23952095808383234,0.21600403745864408,0.2638493540617473,0.8535628064896655,-0.9541638701275101,-0.9131105276581257,Biotechnology,Healthcare,NBRV
2020Q4,2020,Q4,2021-03-11,2020-12-31,-17833000.0,2035000.0,-18268000.0,-27.656485023128592,1670000.0,0.8206388206388207,58436000.0,33135000.0,57218000.0,18524000.0,25301000.0,5823000.0,-546226000.0,39010642.0,5378642.0,51.387708512974484,3.0888576981213562,0.13223013211034293,0.23319752527538856,-0.4455666028341682,51.387708512974484,-0.5381922438509129,19.16984864864865,-0.5468883810912354,1.1773243398219406,0.0,0.0626824660827752,0.0,0.034824423300705044,2.4446123947311595,-0.3051714696420015,-2.9151578239426095,0.8206388206388207,-0.23593288821959585,0.6780667975577,0.0,-0.9603374552764747,2.0698529411764706,-0.37695930816153195,-0.38215934024362563,-0.8342366651290419,0.0,-0.07549712845566647,Biotechnology,Healthcare,NBRV
2020Q3,2020,Q3,2020-11-05,2020-09-30,-12951000.0,569000.0,-13217000.0,-22.37701196136039,544000.0,0.9560632688927944,56770000.0,36229000.0,54310000.0,10975000.0,20541000.0,5803000.0,-528393000.0,77120303.0,43608303.0,62.59718987359269,4.948519362186788,0.13404967412365687,0.21005272019652765,-0.2998227020706366,62.59718987359269,-0.3574760550939855,135.53656063268892,-1.4886939811597562,2.128689806508598,0.0,0.00430811649146993,0.0,0.010022899418707064,4.056765375854214,-0.22813105513475426,-6.1182310987703294,0.9560632688927944,0.34624953066995845,0.7712467735533817,0.0,-0.9554626777398474,2.3300733496332517,0.16125898581698075,0.0855185774579672,0.8868649845755976,0.0,-0.9316667473610315,Biotechnology,Healthcare,NBRV
2020Q2,2020,Q2,2020-08-06,2020-06-30,-15441000.0,-41000.0,-14453000.0,-34.22867441195443,-409000.0,-9.975609756097562,65050000.0,44461000.0,62409000.0,10996000.0,20589000.0,5196000.0,-515442000.0,76080207.45,33897207.45,98.55845431189081,5.675609312477264,0.1149423520368947,0.16816985672836868,-0.2804353424433053,98.55845431189081,-0.34729313330784284,-1855.6148158536587,-1.2317888648727415,1.7111672578214616,0.0,0.07082371054657428,0.0,-0.0006302843966179861,4.825663877773736,-0.23737125288239816,-4.403554288939052,9.975609756097562,0.4431632331054661,0.9611161794326466,0.0,-0.9753006532911318,-2.3959044368600684,0.3361279504707855,0.2840796512779869,0.7450875614571705,0.0,-0.7836746861923327,Biotechnology,Healthcare,NBRV
2020Q1,2020,Q1,2020-05-11,2020-03-31,-23259000.0,301000.0,-20188000.0,-61.469853369860935,293000.0,0.973421926910299,41002000.0,19914000.0,38173000.0,11962000.0,21088000.0,4224000.0,-500001000.0,54392268.75,34828268.75,52.629492495659136,3.1911887644206653,0.17984488561533585,0.37029225670382643,-0.7446789264839923,52.629492495659136,-1.1679722808074722,180.70521179401993,-0.5846367938217465,2.731358278095812,0.0,0.001893939393939394,0.0,0.007341105311936003,2.5564286908543723,-0.5672650114628555,-1.930172773243435,0.973421926910299,0.14354582775402785,0.29593246873606444,0.0,1.1337126332952743,0.4873096446700508,-0.00928617921458017,0.08527412777526054,0.560601854890262,0.0,-0.9086911323974404,Biotechnology,Healthcare,NBRV
2019Q4,2019,Q4,2020-03-12,2019-12-31,-23045000.0,252000.0,-22070000.0,-71.77249567091478,197000.0,0.7817460317460317,94113000.0,41274000.0,91170000.0,16639000.0,52839000.0,682000.0,-476742000.0,105957720.0,54440720.0,128.5458010987779,5.47929563074704,0.3666018509663915,0.8359257644037409,-0.2915188168350035,128.5458010987779,-0.5583418132480497,420.46714285714285,-1.1494653937947494,2.567178368948975,0.0,0.08064516129032258,0.0,0.0026776322080902743,5.345152953903479,-0.2448652152200015,-6.857660992815999,0.7817460317460317,-0.21258919559332465,-0.2708306541831002,0.0,1.3814166824102252,-0.9696034562567505,-0.2950266928912616,-0.2832141403569975,0.6018431087927659,0.0,-0.8582944606169434,Biotechnology,Healthcare,NBRV
2019Q3,2019,Q3,2019-11-12,2019-09-30,-17795000.0,6496000.0,-17199000.0,-59.18945668635635,6481000.0,0.9976908866995073,90122000.0,39215000.0,86408000.0,14884000.0,50907000.0,162000.0,-453697000.0,150322500.0,106637500.0,130.43622877480084,5.805428648212846,0.3799405250660216,0.8731607803136555,-0.23375921486798773,130.43622877480084,-0.45378044115772026,23.1407789408867,-2.11186428772127,3.8332908325895705,0.0,0.09259259259259259,0.0,0.07208006923947538,5.698468153722118,-0.19745456159428332,-10.228107777097367,0.9976908866995073,0.20895552973775786,-0.4296777696553094,0.0,0.0,0.0,0.18021836274012992,0.1800629290617849,0.6390874164352279,0.0,-0.8437103222757585,Biotechnology,Healthcare,NBRV
2019Q2,2019,Q2,2019-08-08,2019-06-30,-21707000.0,0.0,-20976000.0,-74.82443644000726,0.0,0.0,83645000.0,43405000.0,80088000.0,14116000.0,40240000.0,0.0,-435902000.0,175514130.0,156407130.0,149.61772593465835,5.673561915556815,0.2905852113097017,0.5599815689436701,-0.3091463036969057,149.61772593465835,-0.5001036746918558,0.0,-2.0214001243838395,4.04363852090773,0.0,0.0,0.0,0.0,5.574171153301219,-0.25951341980991094,-8.30325149020721,0.0,-0.01707627329127719,-2.7305148881206476,0.0,0.0,0.0,-0.07370035118959292,-0.09000207856994388,0.4693329787055777,0.0,-0.849315424149289,Biotechnology,Healthcare,NBRV
2019Q1,2019,Q1,2019-05-10,2019-03-31,-20217000.0,1000000.0,-19244000.0,-73.56816632628154,0.0,0.0,103987000.0,60107000.0,100478000.0,18095000.0,43880000.0,0.0,-414195000.0,172440765.0,105568765.0,218.72520978435696,5.552804642166344,0.2302691682614173,0.39837290165870864,-0.23071091113200431,218.72520978435696,-0.3363501755203221,172.440765,-2.1323733120641046,2.8688965511504483,0.0,0.0,0.0,0.009616586688720705,5.499032882011606,-0.1944185330858665,-8.343773406880533,0.0,-5.558638328776639,-1.32924481544489,0.0,0.0,0.0,0.3441362530413625,0.37679328993814565,0.5409147562252166,0.0,-0.8056741502881385,Biotechnology,Healthcare,NBRV
2018Q4,2018,Q4,2019-03-12,2018-12-31,-30825000.0,0.0,-30879000.0,-11.2169878316806,0.0,0.0,110418000.0,68630000.0,108753000.0,17806000.0,41788000.0,0.0,-393978000.0,74161795.0,-3898205.0,337.7743216706122,6.107660339211502,0.21480193446720644,0.3455923065714702,-0.3316010446663719,337.7743216706122,-0.4491476030890281,0.0,-0.6014744120032441,1.0806031618825587,0.0,0.0,0.0,0.0,6.042850724474896,-0.27916644025430637,-3.3329645858613097,0.0,0.950360307013183,-1.6862433363239215,0.0,2.002232356667727,0.0,0.41646947468054896,0.416551724137931,-0.7659760116475937,0.0,-0.7392958447186541,Biotechnology,Healthcare,NBRV
2018Q3,2018,Q3,2018-11-06,2018-09-30,-52825000.0,0.0,-52925000.0,-225.9681145622622,0.0,0.0,112445000.0,96426000.0,110682000.0,15065000.0,16019000.0,0.0,-363153000.0,160718250.0,61423250.0,412.4788255223038,7.346963159641553,0.0063141980523811645,0.007363159313877999,-0.5433016118402413,412.4788255223038,-0.5478294235994441,0.0,-0.7606164221486039,1.6667522245037645,0.0,0.0,0.0,0.0,7.269764354463989,-0.4697852283338521,-9.358775403249286,0.0,-1.0587600746920285,-4.458096010093069,0.0,0.0,0.0,-1.9696986732628738,-1.988930931270119,-1.3100024884979469,0.0,-0.7065251265292659,Biotechnology,Healthcare,NBRV
2018Q2,2018,Q2,2018-08-09,2018-06-30,-17788000.0,0.0,-17707000.0,-109.75932423600402,0.0,0.0,86788000.0,74668000.0,84948000.0,11292000.0,12120000.0,0.0,-310326000.0,140995680.0,66559680.0,460.7315628393721,7.522848034006376,0.00682121952343642,0.007928429849466973,-0.23464452781080308,460.7315628393721,-0.2382278887877002,0.0,-1.9816123229143243,1.8883012803342798,0.0,0.0,0.0,0.0,7.421006021962452,-0.2049592109508227,-8.279739268307006,0.0,-0.2146281734281774,-4.472254024270882,0.0,0.0,0.0,-0.33323339829111076,-0.37647699004975127,0.8753135049635185,0.0,-0.884537874607116,Biotechnology,Healthcare,NBRV
2018Q1,2018,Q1,2018-05-08,2018-03-31,-13342000.0,6500000.0,-12864000.0,-90.36454664658265,0.0,0.0,100462000.0,88442000.0,98503000.0,11384000.0,12020000.0,0.0,-292540000.0,185664845.0,96744845.0,599.0138574698942,8.652758257203091,0.0040910991220561,0.0046471133624296146,-0.15048567601144655,599.0138574698942,-0.15085592817891952,28.56382230769231,-3.4789545233098487,2.0992836548246308,0.0,0.0,0.0,0.06470108100575342,8.563510189739986,-0.1328064342736557,-11.25309685435481,0.0,-4.9931728711853145,-1.8610397239088636,0.0,0.0,0.0,0.40068277782768846,0.42264709842466675,-0.03502740623414347,0.0,2.521879016204953,Biotechnology,Healthcare,NBRV
2017Q4,2017,Q4,2018-03-16,2017-12-31,-22262000.0,0.0,-22281000.0,-15.077914251572487,0.0,0.0,95763000.0,82068000.0,93839000.0,13260000.0,13695000.0,0.0,-279198000.0,2207313680.0,2120886680.0,55.58415240737329,7.0768476621417795,0.0024226475778745447,0.0028269240142321,-0.2719629028764038,55.58415240737329,-0.2712628551932544,0.0,-24.787908543706763,26.896155383340645,0.0,0.0,0.0,0.0,6.959351432880845,-0.2324697430113927,-91.53660446213817,0.0,0.9237682213695907,0.7330247815768856,0.0,1.1649273863835774,0.0,0.0003143383178409448,-0.07507840772014475,0.7330247815768856,0.0,1.1649273863835774,Biotechnology,Healthcare,NBRV
2017Q3,2017,Q3,2017-11-09,2017-09-30,-22269000.0,0.0,-20725000.0,-197.79040345725082,0.0,0.0,119896000.0,103138000.0,117872000.0,16333000.0,16758000.0,0.0,-256936000.0,230525977.5,119125977.5,916.0575189405714,7.21680034286414,0.001893307533195436,0.0022009346700537146,-0.2189048831855852,916.0575189405714,-0.21591459985650294,0.0,-2.587969570928196,2.2351216573910686,0.0,0.0,0.0,0.0,7.124349476519929,-0.18573597117501836,-14.45122727557673,0.0,-0.47301483934111965,-3.777480366450646,0.0,0.0,0.0,-0.5250650595808793,-0.33176969541190077,-3.777480366450646,0.0,0.0,Biotechnology,Healthcare,NBRV
2017Q2,2017,Q2,2017-08-07,2017-06-30,-14602000.0,0.0,-15562000.0,-134.27590691871276,0.0,0.0,67374000.0,49545000.0,63225000.0,16755000.0,17119000.0,0.0,-234667000.0,284914520.0,298127520.0,455.60296470674785,3.773500447627574,0.003235669546115712,0.004400040367342819,-0.2932989324243081,455.60296470674785,-0.2947219699263296,0.0,-4.878005067798932,5.75062105156928,0.0,0.0,0.0,0.0,3.6927484333034917,-0.21673048950633775,-18.094406198399593,0.0,0.04017009649208349,-5.694601571721698,0.0,0.0,0.0,0.04079353609669579,-0.02381578947368421,-5.694601571721698,0.0,0.0,Biotechnology,Healthcare,NBRV
2017Q1,2017,Q1,2017-05-10,2017-03-31,-15223000.0,0.0,-15200000.0,-139.8955236005577,0.0,0.0,78948000.0,62721000.0,76578000.0,15890000.0,16227000.0,0.0,-220066000.0,32645100.0,46743100.0,576.3897185182462,4.819257394587791,0.0025713127628312306,0.0032365555396119323,-0.247229184198397,576.3897185182462,-0.24270977822419923,0.0,-0.5361147605596794,0.5204811785526379,0.0,0.0,0.0,0.0,4.762429200755192,-0.192823124081674,-2.219396287986947,0.0,0.22393486809190977,-3.429229011605246,0.0,0.0,0.0,0.008402813965607088,0.007184846505551927,-3.429229011605246,0.0,0.0,Biotechnology,Healthcare,NBRV
2016Q4,2016,Q4,2017-03-24,2016-12-31,-15352000.0,0.0,-15310000.0,-180.26260664050244,0.0,0.0,93240000.0,77256000.0,90621000.0,15877000.0,15984000.0,0.0,-204842000.0,12689585.0,-20088415.0,907.1332120002348,5.707690369717201,0.0,0.0,-0.18986153936745293,907.1332120002348,-0.198715957336647,0.0,-0.20664384119332987,0.16425371492181837,0.0,0.0,0.0,0.0,5.633620961138754,-0.16465036465036464,-1.0549160362457395,0.0,-0.09916231116202477,-2.191783646717429,0.0,3.6916144850144814,0.0,-0.09916231116202477,-0.09388396684767077,-2.191783646717429,0.0,3.6916144850144814,Biotechnology,Healthcare,NBRV
2016Q3,2016,Q3,2016-09-30,2016-09-30,-13967000.0,0.0,-13996000.0,-163.9999887277161,0.0,0.0,85336000.0,71077000.0,83146000.0,14162000.0,14259000.0,0.0,-176360000.0,15010544.1625,-9773455.8375,834.5799330710972,5.871063409123005,0.0,0.0,-0.1973087566848349,834.5799330710972,-0.19650519858744742,0.0,-0.26867874565941147,0.2111870810881157,0.0,0.0,0.0,0.0,5.871063409123005,-0.16367066654167056,-1.1530606976878168,0.0,-0.16312036713121922,-2.9612854601361627,0.0,0.0,0.0,-0.16498456918842272,-0.1610120282040647,-2.9612854601361627,0.0,0.0,Biotechnology,Healthcare,NBRV
2016Q2,2016,Q2,2016-06-30,2016-06-30,-11989000.0,0.0,-12055000.0,-141.0000145833696,0.0,0.0,96522000.0,84426000.0,94435000.0,12003000.0,12096000.0,0.0,-162392000.0,15942750.0,-11556250.0,992.9199793009361,7.867616429226027,0.0,0.0,-0.14264499093288355,992.9199793009361,-0.1420060171037358,0.0,-0.33244536658603724,0.1888369696538981,0.0,0.0,0.0,0.0,7.867616429226027,-0.12421002465759101,-1.06840570969039,0.0,0.12012460968090312,-6.029860041087611,0.0,0.0,0.0,0.11722259038362418,0.1191728773929563,-6.029860041087611,0.0,0.0,Biotechnology,Healthcare,NBRV
2016Q1,2016,Q1,2016-03-31,2016-03-31,-13581000.0,0.0,-13686000.0,-160.24998100268985,0.0,0.0,109494000.0,95390000.0,107976000.0,14013000.0,14104000.0,0.0,-150403000.0,18983776.0,-10469224.0,1125.5590036460608,7.705416399058017,0.0,0.0,-0.14329478964064524,1125.5590036460608,-0.14237341440402557,0.0,-0.34945467933141894,0.1990122235035119,0.0,0.0,0.0,0.0,7.705416399058017,-0.12403419365444682,-1.906958915118031,0.0,-0.8653762761387334,-4.073665178808412,0.0,0.0,0.0,-0.8829273992968618,-0.9642485241189964,-4.073665178808412,0.0,0.0,Biotechnology,Healthcare,NBRV
2015Q4,2015,Q4,2015-12-31,2015-12-31,-7212705.070345,0.0,-6967550.099669,-85.90759036262752,0.0,0.0,118208951.960291,108779218.507424,116737366.890429,9345549.16581,9429733.452868,0.0,-137332998.053922,20192139.5,-16408345.926279001,1295.6230839746065,12.491226017782243,0.0,0.0,-0.06236298816518706,1295.6230839746065,-0.06630590998273025,0.0,-0.699880949763906,0.18562497301469327,0.0,0.0,0.0,0.0,12.425713617220822,-0.06101657235543301,-5.923240236824376,0.0,0.12179409833860942,-0.5211097538169563,0.0,4.8443282792563895,0.0,0.12179409833860948,0.14770029361847092,-0.5211097538169563,0.0,4.8443282792563895,Biotechnology,Healthcare,NBRV
2015Q3,2015,Q3,2015-09-30,2015-09-30,-8213000.0,0.0,-8175000.0,-97.82169557288043,0.0,0.0,131117437.241907,118004343.276361,130116008.236472,11469175.115052,13113093.965546,0.0,-133211436.544282,19940262.5,-102630146.960691,1405.4996281084934,11.34484450112802,0.011894137031443994,0.013215859030837974,-0.06632237246663993,1405.4996281084934,-0.06959913315025629,0.0,-0.6069725587483259,0.16897905573950595,0.0,0.0,0.0,0.0,11.344844501128021,-0.06263850310654949,-2.404508381934764,0.0,0.8888777387987771,-1.3628095801931943,0.0,0.0,0.0,-0.3927420722401221,-0.4844743054294534,-1.3628095801931943,0.0,0.0,Biotechnology,Healthcare,NBRV
2015Q2,2015,Q2,2015-06-30,2015-06-30,-5897000.0,0.0,-5507000.0,-880.3069206425031,0.0,0.0,42717423.001862,26731196.303192,41986136.970322,13827138.33868,15986226.69867,0.0,-124486866.013145,2217369.0,-33057087.582696,3990.326362620093,3.036502271252331,0.04836422832535909,0.07728779423486921,-0.19129880643041935,3990.326362620093,-0.22060366970167486,0.0,-0.09400411226047142,0.08295060852683281,0.0,0.0,0.0,0.0,3.036502271252331,-0.13804671690384876,-0.28595952304294897,0.0,-9.082921724073765,-42.88810530498735,0.0,0.0,0.0,0.3792925213723625,-0.8213929118911789,-42.88810530498735,0.0,0.0,Biotechnology,Healthcare,NBRV
2015Q1,2015,Q1,2015-03-31,2015-03-31,-9500449.411433,0.0,-3023510.174025,-87.30672960999999,0.0,0.0,6032942.399532,-42830533.987416,5312801.186879,46315367.705186,48863476.386949,0.0,-114440726.422144,36018427.0,56656699.527425,-393.6014959741217,0.11470925202833092,0.4078262430443332,-0.0574448180829799,0.07498873724653377,-393.6014959741217,0.22181487193749017,0.0,-0.9478085046338656,-0.8409520883064998,0.0,0.0,0.0,0.0,0.11470925202833092,-1.5747621611918572,-14.626427460248504,0.0,-0.5458844742411237,-1.764216393378902,0.0,0.0,0.0,-0.5458844742411239,0.014663880986918211,-1.764216393378902,0.0,0.0,Biotechnology,Healthcare,NBRV
2014Q4,2014,Q4,2014-12-31,2014-12-31,-6145639.968405,0.0,-3068506.386484,-56.47687848916327,0.0,0.0,4819057.347147,-36673719.538888,4028649.253368,35108711.513206,41492776.886035,0.0,-117837686.657911,36018427.0,60679159.525902,-337.0219684322119,0.11474785259073493,0.7151148120111545,-0.09396863291223427,0.09364369640620589,-337.0219684322119,0.1675761293284773,0.0,-1.465202451867189,-0.9821318222659923,0.0,0.0,0.0,0.0,0.11055694098087265,-1.2752784467367606,-15.646459418691645,0.0,-0.36415752553082126,0.0,0.0,0.0,0.0,-0.3641575255308213,-0.6239619918043592,0.0,0.0,0.0,Biotechnology,Healthcare,NBRV
2014Q3,2014,Q3,2014-09-30,2014-09-30,-4505080.867412,0.0,-1889518.598323,-41.4005548715402,0.0,0.0,,,,,,,,36018427.0,,,0.0,0.0,0.0,0.0,,0.0,0.0,-1.998766951140837,0.0,0.0,0.0,0.0,0.0,0.0,0.0,-14.529515433159036,0.0,-1.064103759387565,0.0,0.0,0.0,0.0,-1.0641037593875649,0.15179152517251188,0.0,0.0,0.0,Biotechnology,Healthcare,NBRV
2014Q2,2014,Q2,2014-06-30,2014-06-30,-2182584.497956,0.0,-2227658.24016,-20.057400062012412,0.0,0.0,,,,,,,,36018427.0,,,0.0,0.0,0.0,0.0,,0.0,0.0,-4.125662377989423,0.0,0.0,0.0,0.0,0.0,0.0,0.0,-11.019032659488479,0.0,0.36496310985833386,0.0,0.0,0.0,0.0,0.3649631098583338,0.13660431427471145,0.0,0.0,0.0,Biotechnology,Healthcare,NBRV
2014Q1,2014,Q1,2014-03-31,2014-03-31,-3436941.273552,0.0,-2580112.776784,-31.58462189108091,0.0,0.0,,,,,,,,36018427.0,,,0.0,0.0,0.0,0.0,,0.0,0.0,-2.619947806292874,0.0,0.0,0.0,0.0,0.0,0.0,0.0,-14.04989177666069,0.0,0.0,0.0,0.0,0.0,0.0,0.0,0.0,0.0,0.0,0.0,Biotechnology,Healthcare,NBRV
