Quarters,Year,Quarter,FillingDate,Date,NetIncome,Revenue,OperatingIncome,EPSDiluted,GrossProfit,GrossProfitRatio,TotalAssets,CommonStockEquity,CurrentAssets,CurrentLiability,TotalLiability,Inventory,RetainedEarnings,MarketCap,EnterpriseValue,bookValuePerShare,currentRatio,debtToAssets,debtToEquity,roic,shareholdersEquityPerShare,roe,priceToSalesRatio,peRatio,pbRatio,payoutRatio,inventoryTurnover,dividendYield,assetTurnover,quickRatio,returnOnAssets,priceToFreeCashFlowsRatio,grossProfitMargin,epsdilutedGrowth,fiveYNetIncomeGrowthPerShare,fiveYRevenueGrowthPerShare,fiveYShareholdersEquityGrowthPerShare,grossProfitGrowth,netIncomeGrowth,operatingIncomeGrowth,threeYNetIncomeGrowthPerShare,threeYRevenueGrowthPerShare,threeYShareholdersEquityGrowthPerShare,Industry,Sector,Symbol
2023Q1,2023,Q1,2023-05-12,2023-03-31,951204.0,0.0,-262326.0,0.0323,-262326.0,0.0,228107933.0,217155338.0,581960.0,635559.0,10952595.0,0.0,-10371383.0,77144575.0,77008363.0,29.021762512529236,0.9156663661438198,0.0,0.0,-0.0033360471175373626,29.021762512529236,0.004380292967976684,0.0,20.27550740955673,0.355250650112962,0.0,0.0,0.0,0.0,0.21431841890367379,0.00416997334327693,-507.9678867971739,0.0,-0.8886206896551724,0.0,0.0,0.0,0.7328631321468323,-0.8394856271728496,-0.16402055359821088,0.0,0.0,0.0,Shell Companies,Financial Services,GAQ
2022Q4,2022,Q4,2023-03-24,2022-12-31,5925974.0,0.0,-225362.0,0.29,-981991.0,0.0,225869764.0,216810899.0,762074.0,576229.0,9058865.0,0.0,-8274657.0,207518776.95999998,207230695.95999998,10.573145861894346,1.3225193456073887,0.0,0.0,-0.0021610650146841994,10.573145861894346,0.02733245435230634,0.0,8.75462738108537,0.9571418130598683,0.0,0.0,0.0,0.0,0.49994186339111707,0.026236242935110163,-5274.604807970922,0.0,0.5263157894736841,0.0,0.0,5106.053408023192,-2.999474605954466,0.06262713566397453,0.08214067527389729,0.0,0.0,5106.053408023192,Shell Companies,Financial Services,GAQ
2022Q3,2022,Q3,2022-11-14,2022-09-30,5576720.0,0.0,-245530.0,0.19,-245530.0,0.0,224010568.0,213960593.0,834328.0,540075.0,10049975.0,0.0,-9076559.0,74600525.0,74273101.0,28.594800267290346,1.5448372911169745,0.0,0.0,-0.002400797031933206,28.594800267290346,0.02606423884794524,0.0,3.344283243555352,0.3486647889408308,0.0,0.0,0.0,0.0,0.6062565384437346,0.024894896922898743,-1650.5271250940307,0.0,0.0,681.3807184640259,0.0,67964.19699892342,0.06930993309705664,-0.011458405161449515,0.06930993309705664,681.3807184640259,0.0,67964.19699892342,Shell Companies,Financial Services,GAQ
2022Q2,2022,Q2,2022-08-12,2022-06-30,5641361.0,0.0,-263815.0,0.19,-263815.0,0.0,223044066.0,211294998.0,919318.0,496488.0,11749068.0,0.0,-10573709.0,288242500.0,287869878.0,7.183850335741607,1.8516419329369491,0.0,0.0,-0.002783965539695605,7.183850335741607,0.02669898035163142,0.0,12.7736241307727,1.364170958746501,0.0,0.0,0.0,0.0,0.7505156217270105,0.025292585008739932,-306.5023792434272,0.0,0.1875,7026.356164383562,0.0,10677.475665841208,0.0,0.48962832441664356,-0.06685026123809061,7026.356164383562,0.0,10677.475665841208,Shell Companies,Financial Services,GAQ
2022Q1,2022,Q1,2022-05-16,2022-03-31,3787093.0,0.0,-247284.0,0.16,0.0,0.0,223749503.0,208764941.0,1826505.0,1255542.0,14984562.0,0.0,-12786334.0,71626635.74,70313588.74,28.534200319122792,1.454754201771028,0.0,0.0,-0.0025763833154053757,28.534200319122792,0.018140464494946017,0.0,4.72833884327636,0.3430970516261157,0.0,0.0,0.0,0.0,1.045800936965868,0.016925592902881217,-65.41018278817721,0.0,0.0,0.0,0.0,0.0,0.0,0.0,0.0,0.0,0.0,0.0,Shell Companies,Financial Services,GAQ
2021Q4,2021,Q4,2022-03-30,2021-12-31,0.0,0.0,0.0,0.0,0.0,0.0,1477517.0,-33457.0,131912.0,1510974.0,1510974.0,0.0,-58457.0,156048712.26,156191800.26,-0.002071113662645998,0.08730262731191933,0.1861230699883656,-8.219505634097498,,-0.002071113662645998,0.0,0.0,0.0,-4664.157344053561,0.0,0.0,,0.0,0.08730262731191933,0.0,0.0,0.0,1.0,0.0,0.0,0.0,0.0,1.0,1.0,0.0,0.0,0.0,Shell Companies,Financial Services,GAQ
2021Q3,2021,Q3,2021-09-30,2021-09-30,-32219.0,0.0,-32219.0,-0.0011,0.0,0.0,863643.0,-12375.0,15035.0,876018.0,876018.0,0.0,-37375.0,284124750.0,284203440.0,-0.00042073948151296215,0.01716288934702255,0.1085228502980977,-7.573737373737374,-0.3960540872771973,-0.00042073948151296215,2.6035555555555554,0.0,-2204.636627455849,-22959.57575757576,,0.0,,0.0,0.01716288934702255,-0.03730592385974297,0.0,0.0,0.0,0.0,0.0,0.0,0.0,-39.12328767123287,-39.12328767123287,0.0,0.0,0.0,Shell Companies,Financial Services,GAQ
2021Q2,2021,Q2,2021-06-30,2021-06-30,-803.0,0.0,-803.0,0.0,0.0,0.0,555943.0,19787.0,9137.0,536156.0,536156.0,0.0,-5213.0,284124750.0,284209338.0,0.0006727411814704633,0.017041681898551913,0.1685874271283207,4.736695810380553,-0.007074141940940165,0.0006727411814704633,-0.0405822004346288,0.0,-88457.26961394769,14359.1625814929,,0.0,,0.0,0.017041681898551913,-0.0014443926805445882,0.0,0.0,0.0,0.0,0.0,0.0,0.0,0.0,0.0,0.0,0.0,0.0,Shell Companies,Financial Services,GAQ
2021Q1,2021,Q1,2021-03-31,2021-03-31,,,,,,,93630.0,20590.0,0.0,73040.0,73040.0,0.0,-4410.0,0.0,0.0,0.0,0.0,0.0,0.0,,0.0,,0.0,0.0,0.0,0.0,0.0,,,0.0,,0.0,0.0,0.0,0.0,0.0,0.0,0.0,0.0,0.0,0.0,0.0,0.0,Shell Companies,Financial Services,GAQ
