Quarters,Year,Quarter,FillingDate,Date,NetIncome,Revenue,OperatingIncome,EPSDiluted,GrossProfit,GrossProfitRatio,TotalAssets,CommonStockEquity,CurrentAssets,CurrentLiability,TotalLiability,Inventory,RetainedEarnings,MarketCap,EnterpriseValue,bookValuePerShare,currentRatio,debtToAssets,debtToEquity,roic,shareholdersEquityPerShare,roe,priceToSalesRatio,peRatio,pbRatio,payoutRatio,inventoryTurnover,dividendYield,assetTurnover,quickRatio,returnOnAssets,priceToFreeCashFlowsRatio,grossProfitMargin,epsdilutedGrowth,fiveYNetIncomeGrowthPerShare,fiveYRevenueGrowthPerShare,fiveYShareholdersEquityGrowthPerShare,grossProfitGrowth,netIncomeGrowth,operatingIncomeGrowth,threeYNetIncomeGrowthPerShare,threeYRevenueGrowthPerShare,threeYShareholdersEquityGrowthPerShare,Industry,Sector,Symbol
2023Q2,2023,Q2,2023-05-08,2023-03-31,1271103.0,7340454.0,1427318.0,0.07,4740151.0,0.645757197,38122386.0,34145126.0,31063912.0,3553103.0,3977260.0,5899835.0,1610712.0,127366175.6,108012273.6,1.9677533981007749,8.742755839051105,0.011474727736086614,0.012811316027944955,0.032757334873564865,1.9677533981007749,0.03722648438901646,17.35126677450741,25.05032550469946,3.7301422053619016,0.0,0.44074164785964354,0.0,0.19254970032568267,6.732350286496057,0.03334269266357043,365.8738508826106,0.6457571970344068,0.7500000000000001,1.9345338799609295,0.9067655578058343,-0.07164156188872407,0.27293246368498447,0.8193676098652976,0.8033167571282736,1.830939804750188,0.48131938255274076,-0.1030255184105412,Aerospace & Defense,Industrials,ISSC
2023Q1,2023,Q1,2023-02-14,2022-12-31,698651.0,6516256.0,791496.0,0.04,3723804.0,0.5714637362,35955527.0,32090577.0,29223993.0,3443012.0,3864950.0,5252295.0,339609.0,142343816.52,123335973.52000001,1.853150697999846,8.487914941917134,0.012109070185510004,0.013567471846953703,0.01812542257349481,1.853150697999846,0.021771219632479653,21.844417487587965,50.93523680635969,4.4356889101744725,0.0,0.5316632062745904,0.0,0.1812309968367311,6.657685770482357,0.019430976494934978,79.79633617159396,0.5714637362313574,-0.6,1.768042916502551,1.045169185918117,-0.1531606279962598,-0.16647476371762868,-0.5769279679491527,-0.6554867976563408,1.0804646123137307,0.41038008686609373,-0.14235437904622114,Aerospace & Defense,Industrials,ISSC
2022Q4,2022,Q4,2022-12-16,2022-09-30,1651376.0,7263121.0,2297433.0,0.1,4467536.0,0.6150986608,34705323.0,30749955.0,28202319.0,3940303.0,3955368.0,5349104.0,-359042.0,148925752.5,131703886.5,1.781908818288496,7.157398555390284,0.0008263862001803009,0.0009326842917331098,0.05106198633842602,1.781908818288496,0.05370336314313306,20.50437442801793,22.545706201979442,4.843120989933156,0.0,0.5226267801112111,0.0,0.20927974074755046,5.509917638313602,0.047582787228345344,-109.79130174190752,0.6150986607547912,0.25000000000000006,9.62233150713042,0.6697290591642722,-0.20574685512562532,0.10132394464804016,0.21498498352675963,0.3627338513553592,0.6208277213807608,0.4802641353633789,-0.16885818408632478,Aerospace & Defense,Industrials,ISSC
2022Q3,2022,Q3,2022-08-12,2022-06-30,1359174.0,6935976.0,1685900.0,0.08,4056514.0,0.5848512163,31616068.0,28832636.0,24787622.0,2765025.0,2783432.0,4905034.0,-1961018.0,124281712.8,109772000.8,1.6703582089673292,8.964700861655862,0.001018121545032102,0.0011164085031975571,0.04617999130549766,1.6703582089673292,0.04714012274146561,17.91841736476597,22.85978704713304,4.310452668982468,0.0,0.5870422101049656,0.0,0.21938136013624465,6.345426533213986,0.042989975856580265,42.76864772341303,0.5848512163248546,-0.03498190591073582,67.6425642736566,0.48247590030179627,-0.25949425713922786,-0.03014768290612799,-0.04924277929727121,-0.0736945516162956,1.5998037992574488,0.47780806138573045,-0.19922217113135768,Aerospace & Defense,Industrials,ISSC
2022Q2,2022,Q2,2022-05-13,2022-03-31,1429570.0,6845820.0,1820026.0,0.0829,4182610.0,0.6109728272,29999260.0,27397889.0,21241824.0,2579581.0,2601371.0,4689261.0,-3320192.0,139065192.76000002,127482093.76000002,1.5879385844673963,8.23460244124918,0.0011913960544360095,0.001304516563301647,0.052078672378302444,1.5879385844673963,0.05217810759069796,20.313883911642435,24.31940946578342,5.075763054591541,0.0,0.5679381036798762,0.0,0.22819962892418014,6.076386824061737,0.047653508786550065,72.70063562846376,0.6109728272142709,0.2617960426179606,-0.7661835956811838,0.4268016788989689,-0.29649750559474486,0.054159302027536715,0.2616918110105573,0.26334194985020587,5.898764877786337,0.5916287083890281,-0.22842307445338328,Aerospace & Defense,Industrials,ISSC
2022Q1,2022,Q1,2022-02-11,2021-12-31,1133058.0,6695778.0,1440644.0,0.0657,3967721.0,0.5925705721,28060790.0,25763730.0,18915162.0,2271846.0,2297060.0,4606475.0,-4749762.0,113136200.32,103469543.32,1.4938637529098873,8.325899730879646,0.0014018137051736604,0.0015267975560992139,0.043847840013665686,1.4938637529098873,0.04397880275876203,16.89664745754713,24.962579214832775,4.391297390556414,0.0,0.5922222523730184,0.0,0.2386168742932754,5.910263723861565,0.04037869211807651,78.54569662181066,0.5925705720828857,-0.27,1.9190278283423257,0.9281428253682266,-0.2110882462837139,0.00237651687056661,-0.2595645573723141,-0.2262173572096121,6.935672443548162,0.6437443202921668,-0.2664127723683937,Aerospace & Defense,Industrials,ISSC
2021Q4,2021,Q4,2021-12-22,2021-09-30,1530259.0,6873116.0,1861820.0,0.09,3958314.0,0.5759125846268272,27086000.0,24585081.0,17690411.0,2472239.0,2500919.0,4545392.0,-5882820.0,120987994.13999999,112765364.13999999,1.4264826014083054,7.15562330341039,0.0015866499298530605,0.001748051999503276,0.0612369031787054,1.4264826014083054,0.06224339875064882,17.60307757645877,19.765934090242236,4.921195669031962,0.0,0.64126526381003,0.0,0.25375160599571733,4.980077977897768,0.056496308055822196,154.5692444902094,0.5759125846268272,-0.43750000000000006,2.785426228627085,0.08544110842497994,-0.2647346409319166,0.180000488895222,-0.43026656405754304,0.5572668746011313,4.604840032785096,0.8403982612511204,-0.2973454903158098,Aerospace & Defense,Industrials,ISSC
2021Q3,2021,Q3,2021-08-13,2021-06-30,2685921.0,6180183.0,1195569.0,0.16,3354502.0,0.5427836036570438,27016964.0,23008741.0,17312730.0,4008223.0,4008223.0,4838811.0,-7413079.0,108034526.49,100553904.49,1.3353583410517709,4.3193030926672495,8.294788415160194e-05,9.739776722246559e-05,0.115043724160368,1.3353583410517709,0.11673480960996518,17.48079733075865,10.055631428660783,4.695368881330795,0.0,0.5839618451722954,0.0,0.22875194266831758,2.9381074855366083,0.09941609279266168,73.58488129375368,0.5427836036570438,3.0,10.644425423635052,-0.06579237219586538,-0.31473105227574827,0.15553303472177488,3.413444806491208,0.9560403063386446,3.518119743331133,0.7794841368341947,-0.3503831862312455,Aerospace & Defense,Industrials,ISSC
2021Q2,2021,Q2,2021-05-17,2021-03-31,608577.0,5121845.0,611219.0,0.04,2902991.0,0.5667861873992672,22795906.0,20260726.0,14335430.0,2405491.0,2535180.0,4654111.0,-10099000.0,108844082.80000001,102852028.80000001,1.1764331604069522,5.959461082997192,0.0002472812442725461,0.00027822300148573154,0.029183898839871446,1.1764331604069522,0.030037275070992027,21.250952108078245,44.7125354720931,5.3721709083869955,0.0,0.4767514139649871,0.0,0.2246826688967747,3.6771112425696044,0.026696767393232804,279.49157961770356,0.5667861873992672,3.0,-0.6210501128611878,-0.41880927334430595,-0.3958149793717549,0.13140734961063175,1.5342064169564222,1.630358349363733,1.450816854811472,0.34051325146278766,-0.4449753447805873,Aerospace & Defense,Industrials,ISSC
2021Q1,2021,Q1,2021-02-12,2020-12-31,240145.0,4869652.0,232371.0,0.01,2565823.0,0.5269006902341277,21548148.0,19447575.0,13184388.0,1970884.0,2100573.0,4180743.0,-10707577.0,112237783.67999999,106653835.67999999,1.1297281970705428,6.68958091901908,0.0011280319775045168,0.0012498730561522453,0.01146537057151405,1.1297281970705428,0.01234832620519525,23.048419821375326,116.84376489204439,5.771299695720417,82.40059963771888,0.5510573120615163,0.17630508507204337,0.22598935184592198,4.1366128092774614,0.01114457725090806,69.6488840568918,0.5269006902341277,-0.8571428571428571,2.0949494351618143,-0.27342782017281825,-0.38737215119922414,-0.2690970817699212,-0.8069437387853803,-0.8091388244802614,1.26556696707318,0.5374617895690194,-0.4837449981943046,Aerospace & Defense,Industrials,ISSC
2020Q4,2020,Q4,2020-12-22,2020-09-30,1243912.0,6295017.0,1217487.0,0.07,3510484.0,0.5576607656500372,41545837.0,27769031.0,33120422.0,13647117.0,13776806.0,4291335.0,-2340530.0,116034163.56,103475322.56,1.6369331773722315,2.4269171283575863,0.0010861738084612424,0.0016250477015204456,0.04398759739110235,1.6369331773722315,0.04479493720900812,18.43270058841779,23.320412448790588,4.178545645326983,0.0,0.6488733692429046,0.0,0.15151980209232516,1.2437116205569279,0.029940713434176328,76.60168458244239,0.5576607656500372,0.0,1.4835065872911415,0.9997190373335962,-0.11707015230607833,0.03411550980020756,-0.012656981977333953,-0.021663455063538315,7.606898555181367,0.47213916422527386,-0.2703670857154929,Aerospace & Defense,Industrials,ISSC
2020Q3,2020,Q3,2020-08-10,2020-06-30,1259858.0,5953689.0,1244446.0,0.07,3394673.0,0.5701797658560936,41096978.0,38402837.0,32665970.0,2562211.0,2694141.0,4709342.0,7596458.0,84764865.0,61846817.0,2.2652567782653814,12.749133463247173,0.0016108483694348523,0.0017238570160845149,0.032074362069301185,2.2652567782653814,0.03280637834126682,14.237368629768872,16.820321218740524,2.2072552868945596,0.0,0.5433914122185223,0.0,0.14486926508318934,10.596482491098508,0.03065573337290153,249.15307220203874,0.5701797658560936,1.3333333333333337,1.3558067308601047,0.20714219771292577,0.13297822234482537,0.4790501448475952,1.875698748017028,23.041226358595907,63.78417044126775,0.2956719842524216,0.004237081815434003,Aerospace & Defense,Industrials,ISSC
2020Q2,2020,Q2,2020-05-15,2020-03-31,438105.0,4835065.0,51763.0,0.03,2295171.0,0.47469289451124236,39908261.0,37142979.0,31394725.0,2629956.0,2765282.0,4821062.0,6336600.0,54010330.22,31453829.22,2.193767424257011,11.937357507121792,0.0021934305781953264,0.0023567307296487984,0.004721609045813394,2.193767424257011,0.011795095918396852,11.17054894194804,30.820425594320994,1.4541195045233177,0.0,0.5268328845387178,0.0,0.1211544897934791,9.819936531257557,0.010977802315164773,113.35777101492468,0.47469289451124236,0.4999999999999999,2.2028501102475984,-0.08564615300773856,-0.004301154988002929,-0.11780076236322606,0.3360607243495127,-0.7766506442064567,-0.9269794647129187,0.026922580614945072,-0.028097893579783796,Aerospace & Defense,Industrials,ISSC
2020Q1,2020,Q1,2020-02-07,2019-12-31,327908.0,4511428.0,231758.0,0.02,2601647.0,0.5766792687370828,39115285.0,36536060.0,30494582.0,2425267.0,2579225.0,4672463.0,5898495.0,98748770.24,76698689.24,2.1607417477850306,12.573700957461591,0.0027783256596494183,0.002974458658103802,0.006305755030621648,2.1607417477850306,0.00897491409856454,21.888583889624304,75.28694804640327,2.702775565838243,0.0,0.4087311124775092,0.0,0.11533670277488711,10.364015590860717,0.008383116727898059,-382.6374227547137,0.5766792687370828,-0.6666666666666666,-0.4462014907184222,-0.3272287918319858,-0.024673841940432463,-0.0900958781556308,-0.6711439078864366,-0.7345369533568605,1.271273539300055,0.3250463984264423,0.14109105214758394,Aerospace & Defense,Industrials,ISSC
2019Q4,2019,Q4,2019-12-23,2019-09-30,997117.0,4801988.0,873033.0,0.06,2859254.0,0.5954313088662445,38557025.0,36208152.0,29958292.0,2219222.0,2348873.0,4470694.0,5570587.0,79376852.4,56960022.400000006,2.1439287305375694,13.499457016918543,0.0,0.0,0.02425720036658513,2.1439287305375694,0.02753846702808804,16.529998075796943,19.901589382188853,2.1922370520318184,0.0,0.4345486405466355,0.0,0.12454249258079429,11.19561224609345,0.02586083858907683,-541.5221099596811,0.5954313088662445,1.0,1.4790954910892835,-0.5139051632379517,-0.01779280676495594,0.13228499683392292,0.9503167670397978,1.2580639320899363,1.5171269190729377,-0.2261036273145266,0.10506537291013335,Aerospace & Defense,Industrials,ISSC
2019Q3,2019,Q3,2019-08-09,2019-06-30,511259.0,4589824.0,386629.0,0.03,2525207.0,0.5501751265407998,37759389.0,35211035.0,29057434.0,2418727.0,2548354.0,4445184.0,4573470.0,85245722.05,62682311.05,2.0859196505568223,12.0135236428088,0.0,0.0,0.010980336136100515,2.0859196505568223,0.014519851518139129,18.57276489251004,41.68421585243487,2.4209944993096624,0.0,0.46446153859997696,0.0,0.12155450926390785,9.937214079968513,0.013539917184570968,64.47190664906994,0.5501751265407998,1.9999999999999996,0.032955696343426134,-0.5641882777048894,-0.09417045564256221,0.07629381222279714,1.524748270361829,1.233984526223948,1.2624532378781705,-0.2918065220829583,0.0704362417420921,Aerospace & Defense,Industrials,ISSC
2019Q2,2019,Q2,2019-05-10,2019-03-31,202499.0,4203127.0,173067.0,0.01,2346206.0,0.558204879367195,37800326.0,34699776.0,28994247.0,2970923.0,3100550.0,4570812.0,4062211.0,51256126.72,30014930.72,2.0580431216789377,9.759339774204852,0.0,0.0,0.004802702224994083,2.0580431216789377,0.0058357437235329705,12.194760405764566,63.27948128138904,1.4771313428651527,0.0,0.40625626256341324,0.0,0.111192877013812,8.031727513638018,0.005357070200928955,56.97796824733375,0.558204879367195,0.0,-0.7409357049429253,-0.6625133273326634,-0.0909967636181088,0.08329612619430299,0.45242825686230914,0.8024996094360256,-0.8712033181396827,-0.5128302630369088,0.056956627689137895,Aerospace & Defense,Industrials,ISSC
2019Q1,2019,Q1,2019-02-14,2018-12-31,139421.0,3977650.0,96015.0,0.01,2165803.0,0.5444931052254471,37379433.0,34293891.0,28487006.0,2955925.0,3085542.0,4295988.0,3859712.0,38059753.739999995,17718135.739999995,2.0363819006675477,9.637256019689268,0.0,0.0,0.0027997697899022306,2.0363819006675477,0.004065476268061854,9.568401880507333,68.2460923031681,1.1098114745859544,0.0,0.42175327305383536,0.0,0.10641279657719795,7.971360234106075,0.003729885362359563,-775.22667766575,0.5444931052254471,1.5,-0.8613774610115851,-0.6408307192625288,-0.07279072221868434,0.19249540522653416,1.336458499244651,1.2161336577833104,1.6498044187823442,-0.3933455935419213,0.10428708991928912,Aerospace & Defense,Industrials,ISSC
2018Q4,2018,Q4,2018-12-21,2018-09-30,-414378.0,3645521.0,-444239.0,-0.02,1816194.0,0.49819874854650403,37633678.0,34154470.0,28664948.0,3349614.0,3479208.0,4280108.0,3720291.0,41386434.839999996,20995721.839999996,2.030133702620711,8.557686945421175,0.0,0.0,-0.013061321820925958,2.030133702620711,-0.012132467580378205,11.352680409741158,-24.969010685895487,1.211742850642976,0.0,0.42740206555535515,0.0,0.09686858138075156,7.1178900016539215,-0.01101082918337134,-84.68696445051043,0.49819874854650403,0.6666666666666666,-3.6800606720529547,-0.5460873189236133,-0.050402142450110515,0.147541232198741,0.6019565106715707,0.5856860667693812,0.8375886813042498,0.1677195278664435,0.09501454648909154,Aerospace & Defense,Industrials,ISSC
2018Q3,2018,Q3,2018-08-10,2018-06-30,-1041037.0,3389663.0,-1072228.0,-0.06,1582683.0,0.46691455758286293,38334816.0,34568848.0,29260147.0,3636381.0,3765968.0,4685652.0,4134669.0,48936998.580000006,28057586.580000006,2.0556092649521864,8.046502002952936,0.0,0.0,-0.03102018430588238,2.0556092649521864,-0.030114888410513418,14.437127991779715,-11.751983498184984,1.4156386866001438,0.0,0.38564110181464606,0.0,0.08842257127306936,6.591446275844032,-0.027156436592782916,-19.12250626482193,0.46691455758286293,0.25000000000000006,-4.38047753881669,-0.6144619428923219,-0.02063383582877703,-0.037799030554023845,0.20946167088499937,0.062336960466493105,0.7036122455103282,-0.30716416950135256,0.02812208893354731,Aerospace & Defense,Industrials,ISSC
2018Q2,2018,Q2,2018-05-11,2018-03-31,-1316871.0,3727204.0,-1143511.0,-0.08,1644857.0,0.4413112349095998,38905098.0,35609885.0,32130590.0,3165639.0,3295213.0,4440542.0,5175706.0,59304861.32,35866318.32,2.119605227162177,10.149795981158938,0.0,0.0,-0.03788647676441122,2.119605227162177,-0.03698049010829437,15.911353743986108,-11.258669474838461,1.6654044605872778,0.0,0.4689398276156379,0.0,0.09580245755967508,8.531540393582464,-0.0338482889825904,-48.4552073802752,0.4413112349095998,-0.6,-2.187796789697321,-0.5469212244594887,0.02504808976557896,0.10044784427275817,-0.49369625654619514,-0.08744246643082658,-2.6437376207167995,-0.2896609284153939,-0.037961611960048505,Aerospace & Defense,Industrials,ISSC
2018Q1,2018,Q1,2018-02-14,2017-12-31,-881619.0,3087984.0,-1051560.0,-0.05,1494716.0,0.4840426634334893,39659575.0,36726761.0,32823339.0,2803259.0,2932814.0,4495051.0,6492577.0,49342399.26,24679945.259999998,2.1883142887121942,11.70899264035182,0.0,0.0,-0.02473530291587387,2.1883142887121942,-0.024004812185860876,15.9788390289587,-13.991984990114776,1.3434998871803587,0.0,0.3544493710972356,0.0,0.0778622564664397,9.877041329395535,-0.022229663328464815,-2764.744733568667,0.4840426634334893,-4.0,-3.7478549943284443,-0.5323805674446765,0.09088386016872109,-0.19281201583145088,-3.73871515646668,-0.13436893203883496,-2.50012216265078,-0.5360466402729184,-0.012228013817752905,Aerospace & Defense,Industrials,ISSC
2017Q4,2017,Q4,2017-12-15,2017-09-30,-186046.0,4225483.0,-927000.0,-0.01,1851757.0,0.4382355815891343,41037764.0,37608380.0,34181438.0,3361642.0,3429384.0,4179654.0,7374196.0,61018211.800000004,36337910.800000004,2.243502376777289,10.168077980939076,0.0,0.0,-0.019485368505687405,2.243502376777289,-0.004946929381164517,14.440529473198687,-81.99344758823086,1.6224631797487687,0.0,0.5679240434734549,0.0,0.10296572201155989,8.677375223179626,-0.004533531602745218,-202.6913758968908,0.4382355815891343,-9.779631255487269,-1.066362745117523,-0.39668943895004233,-0.34826405591791626,-0.2210609515660959,-10.679812695109261,-0.7128951253628585,0.9099395270868592,-0.5690625677890983,0.027825291542244376,Aerospace & Defense,Industrials,ISSC
2017Q3,2017,Q3,2017-08-11,2017-06-30,19220.0,4541421.0,-541189.0,0.001139,2377281.0,0.5234663335550701,41153475.0,37794425.0,34190304.0,3291305.0,3359050.0,4533039.0,7560242.0,73722360.80000001,48741019.80000001,2.2556991962199886,10.388069170131605,0.0,0.0,0.0005314302858114507,2.2556991962199886,0.000508540611479074,16.233324503497915,958.9276899063476,1.9506146951567593,0.0,0.47741482038870614,0.0,0.11035328122351758,8.769905554179877,0.00046703224940299694,57.21689008375814,0.5234663335550701,-0.9967457142857142,-0.9266314479283912,-0.26532606991752106,-0.3084824487317022,0.010976108146772807,-0.9967590855630077,-1.1812471072547872,-0.9608773044504562,-0.5655605083880275,-0.02044214666947919,Aerospace & Defense,Industrials,ISSC
2017Q2,2017,Q2,2017-05-12,2017-03-31,5930425.0,4653902.0,2985918.0,0.35,2351471.0,0.5052686971062132,41618883.0,37775205.0,34640813.0,3775963.0,3843678.0,4331607.0,7541022.0,50541219.06,26848350.060000002,2.257189700243847,9.174034014634147,0.0,0.0,0.065689727316358,2.257189700243847,0.15699252988832224,10.859966337924607,2.1305900951449517,1.3379469167672287,0.0,0.5315419889200474,0.0,0.11182188623370791,7.7969720571944165,0.1424936128151253,9.136615878382898,0.5052686971062132,5.999999999999999,19.408351899001058,-0.31563875457279583,-0.30375643106983563,0.5290997480839685,5.962806722154625,2.8717027258281385,6.643705175584206,-0.6235261810663603,-0.0030370495951081017,Aerospace & Defense,Industrials,ISSC
2017Q1,2017,Q1,2017-02-10,2016-12-31,-1194974.0,3365866.0,-1595295.0,-0.07,1537814.0,0.45688509287060153,36031737.0,31653030.0,28973223.0,4310999.0,4378707.0,4198432.0,1610595.0,55664326.620000005,37503179.620000005,1.8935752267257016,6.72076773852186,0.0,0.0,-0.038451017478489447,1.8935752267257016,-0.03775227837587744,16.537891472803732,-11.645509990175519,1.7585781399126719,0.0,0.4354130303884879,0.0,0.09341392561785183,5.57455986419853,-0.033164484965018476,-91.77748019006982,0.45688509287060153,-4.5,-2.4852447162927933,-0.2919780341577712,-0.41045235219670184,-0.5456501076774033,-4.009032329545311,-3.9193208664479258,-2.19698558496238,-0.693807710991071,-0.13781372844583897,Aerospace & Defense,Industrials,ISSC
2016Q4,2016,Q4,2016-12-16,2016-09-30,397129.0,6220551.0,546461.0,0.02,3384647.0,0.5441072663820296,36488969.0,32848004.0,29369459.0,3573264.0,3640965.0,3645828.0,2805569.0,54010387.64,35242726.64,1.94009221815687,8.219224496146941,0.0,0.0,0.011746066728298183,1.94009221815687,0.012089897456174201,8.682572916772164,34.00053108687605,1.6442517371831786,0.0,0.7778490921678148,0.0,0.17047757638753783,6.991746481648152,0.010883535788583119,30.133722043097443,0.5441072663820296,1.0,32.698021274169676,-0.05342705206537837,-0.4021236664820804,-0.12847154272248051,0.7510328619867106,1.3519479736941775,1.5522066518816782,-0.23037730695036274,-0.09251917179999944,Aerospace & Defense,Industrials,ISSC
2016Q3,2016,Q3,2016-08-12,2016-06-30,226797.0,6504592.0,232344.0,0.01,3883576.0,0.597051436892583,38037462.0,33013680.0,30865876.0,4444223.0,5023782.0,4008114.0,2408440.0,47775613.739999995,30248333.739999995,1.9486631423858292,6.945168143002725,0.0,0.0,0.006286161875209554,1.9486631423858292,0.006869788524030038,7.344905528279098,52.66341016415561,1.4471459631280124,0.0,0.6539275080499207,0.0,0.17100488986357712,5.706552303968545,0.005962464057144507,97.06564568396115,0.597051436892583,-0.888888888888889,3.8464232585636275,0.0797466429302762,-0.398832897643713,-0.3421399758475997,-0.8563041678044849,-0.8822451391605968,-0.26896803211056125,-0.2656248607372454,-0.07158681391492855,Aerospace & Defense,Industrials,ISSC
2016Q2,2016,Q2,2016-05-16,2016-03-31,1578313.0,8660982.0,1973116.0,0.09,5903347.0,0.6816025018871994,38604740.0,32956754.0,31497178.0,5187178.0,5647986.0,4071347.0,2181643.0,44514640.97,27309623.97,1.9471405616505864,6.072122067143252,0.0,0.0,0.047052507732260204,1.9471405616505864,0.047890426344778976,5.139675959377355,7.050984337390619,1.3506985842719825,0.0,0.6773274299635968,0.0,0.22435022227840415,4.999522090817011,0.040883917363515467,47.66807478963341,0.6816025018871994,9.999999999999998,2.135267560312786,0.2730063898707471,-0.39963236071311803,0.7803629338342867,8.32606596793509,7.3910110030349845,0.41305969749598964,0.04502373267974979,-0.058356392196094016,Aerospace & Defense,Industrials,ISSC
2016Q1,2016,Q1,2016-02-16,2015-12-31,-215438.0,6583578.0,-308733.0,-0.01,3315811.0,0.5036487757872695,37908821.0,31182544.0,30692246.0,6216267.0,6726277.0,4523910.0,603330.0,46670600.879999995,30399935.879999995,1.8440692816723812,4.937407933089103,0.0,0.0,-0.007919929807646471,1.8440692816723812,-0.006908929560076946,7.0889417395829435,-54.157809764294136,1.4966899711582222,0.0,0.7223324513529226,0.0,0.17366876168478043,3.9810423200933935,-0.005683057249393221,-5122.4454922621,0.5036487757872695,0.8750000000000001,-1.7502781906571754,-6.706386670499716e-05,-0.4256286278610683,4.0631649027545125,0.9159696576816084,0.8929582963361811,-1.666459558192158,-0.010494718109408495,-0.08072372109164581,Aerospace & Defense,Industrials,ISSC
2015Q4,2015,Q4,2016-01-14,2015-09-30,-2563812.0,3137089.0,-2884231.0,-0.08,654889.0,0.2087569080762452,36613753.0,31342486.0,29349475.0,4761257.0,5271267.0,4597316.0,818768.0,45813975.46,29534762.46,1.8539787522730733,6.164228269971564,0.0,0.0,-0.08203179629377126,1.8539787522730733,-0.08179989296318103,14.603976954431321,-4.467368849588035,1.4617211748934018,0.0,0.5399237294108128,0.0,0.08568061842772577,4.827257171793079,-0.07002319592859,97.27413055386876,0.2087569080762452,0.6190476190476191,-3.0325727579349335,-0.5830246110792854,-0.41849383629323006,-0.6609682420941736,0.27411336383375523,-9.889643585290342,-1.9068168590861845,-0.5558590539315839,-0.4614204090318364,Aerospace & Defense,Industrials,ISSC
2015Q3,2015,Q3,2015-08-10,2015-06-30,-3531973.0,4919689.0,-264860.0,-0.21,1931645.0,0.3926355913961228,37600314.0,33810507.0,30205732.0,3398026.0,3789807.0,4138705.0,3382580.0,55804567.5,40057042.5,1.9993824537749532,8.889199788347705,0.0,0.0,-0.11183496655141241,1.9993824537749532,-0.10446376920641859,11.343108781876253,-3.9499571132055653,1.6505096329966302,0.0,0.7219755938149736,0.0,0.13084169988580416,7.218240237125908,-0.09393466767325401,371.5474383301708,0.3926355913961228,-9.5,-3.5220620727899283,-0.3759601208318402,-0.3594029940137783,0.21993803192631534,-8.700797328140492,0.584836158723441,-14.358715196157853,-0.21144631463304725,-0.38706009170009187,Aerospace & Defense,Industrials,ISSC
2015Q2,2015,Q2,2015-05-11,2015-03-31,-364091.0,5286050.0,-637965.0,-0.02,1583396.0,0.299542380416379,41726772.0,37289965.0,33185676.0,4291672.0,4436807.0,4619241.0,6914553.0,64315106.4,48758787.4,2.2032439178239467,7.732575089615422,0.0,0.0,-0.010002429019004206,2.2032439178239467,-0.009763779612021626,12.166950066684954,-44.161422831105405,1.7247295995048535,0.0,0.8015719465600517,0.0,0.1266824570086562,5.7830905996544,-0.008725597081892652,47.55374336770003,0.299542380416379,-1.6666666666666667,0.5167634107503147,-0.02620000981718503,-0.27299105257172424,-0.42668073958878344,-1.6132141569907468,-4.835883714637886,-2.2389147802342766,-0.23138507204978137,-0.32039632805177903,Aerospace & Defense,Industrials,ISSC
2015Q1,2015,Q1,2015-02-17,2014-12-31,593742.0,6724255.0,166315.0,0.03,2761805.0,0.41072282356930245,42883120.0,37563788.0,34634839.0,5174402.0,5319332.0,5276149.0,7278644.0,53919208.68,39722373.68,2.2154042828953475,6.693495982724187,0.0,0.0,0.014358859538551138,2.2154042828953475,0.015806233386260193,8.018614505250024,22.703130602180746,1.435403923587259,0.0,0.7510117701376515,0.0,0.15680423905723279,4.948356930907185,0.013845587727758615,-70.89362339839461,0.41072282356930245,1.25,1.5120416195920754,0.44139172453108144,-0.2782844782771506,-0.03383157606769674,1.2841449979756638,1.0503827440578413,2.707217794323904,0.39447399718651954,-0.3102537646879022,Aerospace & Defense,Industrials,ISSC
2014Q4,2014,Q4,2014-12-15,2014-09-30,-2089574.0,9918221.0,-3301031.0,-0.12,2858513.0,0.28820823815077323,44162510.0,37011524.0,36526292.0,7006262.0,7150986.0,5470786.0,6684902.0,88426828.105,73223969.105,2.1827662689744964,5.213377975302665,0.0,0.0,-0.056713728860170065,2.1827662689744964,-0.056457388785179446,8.9155936437593,-10.579528184333267,2.3891701434666675,0.0,1.2904376080512014,0.0,0.22458463071958545,3.862284196622964,-0.047315562453311644,108.84172654427739,0.28820823815077323,-5.0,-4.524885886190273,0.23457928088631397,-0.30244034403738385,-0.09601575142301369,-5.2041204756252135,-6.002312468082334,-178.04653466024314,0.5070091584770205,-0.32733904006848574,Aerospace & Defense,Industrials,ISSC
2014Q3,2014,Q3,2014-08-07,2014-06-30,497030.0,10575976.0,659901.0,0.03,3162127.0,0.2989915067885933,46567511.0,39035131.0,38855197.0,7387827.0,7532380.0,5872887.0,8774476.0,126118118.4,111736543.4,2.3027728158684613,5.259353934519582,0.0,0.0,0.012479078379371518,2.3027728158684613,0.012732889253016725,11.924962613379607,63.43586825744925,3.2308875407642415,0.0,1.2623857738110744,0.0,0.22711061366367638,4.099729054294314,0.010673321148729637,-138.41353075005844,0.2989915067885933,-0.4000000000000001,-0.608356519494094,0.3449879921785231,-0.2544783664016438,-0.16459112975132922,-0.3662085876740749,-0.39438621930178774,7.2344392315233845,0.754586880543441,-0.289589241470667,Aerospace & Defense,Industrials,ISSC
2014Q2,2014,Q2,2014-05-12,2014-03-31,784217.0,12495016.0,1089640.0,0.05,3785125.0,0.30293078456242073,46367621.0,38298536.0,38476909.0,7924819.0,8069085.0,5405373.0,8277447.0,127376147.19,112103471.19,2.264065780305221,4.8552413626103,0.0,0.0,0.02020685531855379,2.264065780305221,0.02047642238857381,10.194156389235516,40.60615467083728,3.3258750984632934,0.0,1.6113394949802724,0.0,0.2694771853833087,3.8383092408798234,0.016913030754801935,-164.52062729745577,0.30293078456242073,-0.1666666666666666,-0.42483238114534816,0.17995127565554622,-0.2467085844152326,0.0012403331255971533,-0.2224666764492423,-0.22645077749633685,0.558732971765233,0.8376138625093892,-0.3019138656534347,Aerospace & Defense,Industrials,ISSC
2014Q1,2014,Q1,2014-02-11,2013-12-31,1008596.0,11105811.0,1408624.0,0.06,3780436.0,0.34040161497435895,43472163.0,37090432.0,35688151.0,6237751.0,6381731.0,4975541.0,7493230.0,123114146.94,107298286.94,2.1962484084934197,5.721317025960158,0.0,0.0,0.026876584403522457,2.1962484084934197,0.027192888990885844,11.085561148123267,30.51621931377876,3.319296656884449,0.0,1.4722770850446212,0.0,0.25546948285043924,4.473086854541004,0.023200961958115586,-220.33142008848037,0.34040161497435895,4.999999999999999,-0.451897446686874,0.040588190145980904,-0.24746817149885278,0.728223805685932,5.518383517200819,29.26695315857327,2.5169900015018434,0.6889354251629949,-0.31593556463329076,Aerospace & Defense,Industrials,ISSC
2013Q4,2013,Q4,2013-12-20,2013-09-30,154731.0,8037344.0,46540.0,0.01,2187469.0,0.2721631673348808,42630511.0,35994247.0,34437485.0,6492571.0,6636264.0,4377513.0,6484634.0,134017417.64,117642701.64,2.137887829547944,5.304136835777383,0.0,0.0,0.0031337300681403375,2.137887829547944,0.004298770300709444,16.674341379440772,216.53291460663993,3.7233010497483114,0.0,1.336346688176597,0.0,0.18853501427651195,4.222531105166197,0.0036295835159001495,-217.4629551970948,0.2721631673348808,-0.5,-0.9796940419918868,-0.21849394640201286,-0.23562863913019338,-0.3651148062839868,-0.49676556965977503,-0.8369877408056042,-0.8768263624015644,0.07269597123347135,-0.32944487703993536,Aerospace & Defense,Industrials,ISSC
2013Q3,2013,Q3,2013-08-08,2013-06-30,307473.0,8778254.0,285500.0,0.02,3445456.0,0.39249900948411837,41610864.0,35241849.0,33386033.0,6097908.0,6369015.0,4038878.0,6329903.0,111656718.60000001,95188641.60000001,2.0989179942638936,5.4749978189241295,0.0,0.0,0.008299127629664964,2.0989179942638936,0.008724655735287896,12.719695579553749,90.78579143534556,3.168299103716153,0.0,1.320366200712178,0.0,0.2109606279744636,4.410184115601613,0.0073892481540397716,417.98800804105883,0.39249900948411837,-0.7142857142857143,1.072130741490583,0.009233178871823913,-0.375785883440923,-0.12804038271050672,-0.7222787247725647,-0.7642126892389314,-0.7788749353147799,0.12143841568147254,-0.3275120623383258,Aerospace & Defense,Industrials,ISSC
2013Q2,2013,Q2,2013-05-09,2013-03-31,1107128.0,8214974.0,1210837.0,0.07,3951394.0,0.4809989660344634,40372443.0,34691500.0,32543570.0,5437974.0,5680943.0,3912131.0,6022435.0,80697004.44,64485695.44,2.0678105235500857,5.984502684271753,0.0,0.0,0.03130720580453957,2.0678105235500857,0.03191352348558004,9.823160053823663,18.2221487578672,2.3261318893677125,0.0,1.089835693129908,0.0,0.20347973492711352,4.824068301908027,0.0274228636597493,-114.57597427269242,0.4809989660344634,2.5,1.1578792334910906,0.21195305561502456,-0.42447469039821095,0.29969292019214194,2.4860401336318323,2.1483758070261656,2.482397793316684,0.5267282827590968,-0.3176802894833252,Aerospace & Defense,Industrials,ISSC
2013Q1,2013,Q1,2013-02-11,2012-12-31,317589.0,6536734.0,384591.0,0.02,3040252.0,0.4651026032266266,38082367.0,33325942.0,30087512.0,4549848.0,4756425.0,3467694.0,4915307.0,57149139.68,40198629.68,2.0060011598060856,6.61286091315578,0.0,0.0,0.008838550376348134,2.0060011598060856,0.009529783134112159,8.74276659873264,44.98671213423639,1.7148544422240188,78.7417668747973,1.0083017705714519,0.4375834726476498,0.1716472613165038,4.674114827572262,0.00833952889535464,-33.5350786780584,0.4651026032266266,-0.8823529411764707,1.0783489662532368,0.40362495337284376,-0.4972778965285392,0.13938594436584748,-0.8854762977128002,0.03105848163300322,1.279536214005134,0.43009140921424316,-0.3465020426276389,Aerospace & Defense,Industrials,ISSC
2012Q4,2012,Q4,2012-12-14,2012-09-30,2773129.0,6928026.0,373006.0,0.17,2668325.0,0.3851493917603658,62597231.0,57080403.0,54377366.0,5289828.0,5516828.0,3801547.0,29605236.0,65972425.073400006,23092926.073400006,3.4423486952788473,10.279609469343805,0.0,0.0,0.04328379861670228,3.4423486952788473,0.0485828560110201,9.5225429398504,5.947471707356564,1.1557806463524793,0.0,1.1205177786832572,0.0,0.11067623742015043,9.178266098633074,0.044301144886105266,51.49839045023723,0.3851493917603658,7.500000000000001,1.6998695563756743,0.3786281371869327,-0.17785419786376916,0.020148148148148148,9.667070557869916,0.050241861460403985,3.7836009392463734,-0.11815496111980896,0.10009193641709592,Aerospace & Defense,Industrials,ISSC
2012Q3,2012,Q3,2012-08-08,2012-06-30,259971.0,6134492.0,355162.0,0.02,2615625.0,0.4263800490733381,58644301.0,54238292.0,51211642.0,3746057.0,4406009.0,4082679.0,26832107.0,54870885.3,13067111.299999997,3.261955090052101,13.670812270074908,5.773792068900267e-05,6.242821953169174e-05,0.004438648129928722,3.261955090052101,0.004793126597718084,8.944650233466763,52.76635211235099,1.0116632230970695,0.0,0.8619014622506448,0.0,0.10460508345047885,11.881073619541828,0.004433013874613323,-43.706602003923734,0.4263800490733381,0.0,1.1953929200000093,0.06569173305151298,-0.2618632926153038,-0.15644483403188167,-0.1000508874141924,0.024871372383802298,-0.7911619049420296,-0.20465954266180858,0.05605645103247899,Aerospace & Defense,Industrials,ISSC
2012Q2,2012,Q2,2012-05-04,2012-03-31,288873.0,6760221.0,346543.0,0.02,3100716.0,0.4586708038095204,60439328.0,53935499.0,52941398.0,5867658.0,6503829.0,4478872.0,26572139.0,73367957.25,30177143.25,3.2419541105596204,9.022577321309456,0.00011105351800072959,0.00012444494116945132,0.0049470840716694855,3.2419541105596204,0.0053558974211029365,10.852893307777956,63.49499369099916,1.3602906918502784,0.0,0.817059518557351,0.0,0.11185135943271904,7.9726040611092195,0.004779553472202735,116.82981775187503,0.4586708038095204,2.0,1.1241289735385065,0.7326175747881867,-0.27778777539403127,0.45874927491027234,1.8422469014137892,1.5265018634182064,-0.7845778176099101,-0.35089725511215364,0.07865072757518785,Aerospace & Defense,Industrials,ISSC
2012Q1,2012,Q1,2012-02-03,2011-12-31,-342979.0,4755459.0,-658199.0,-0.02,2125599.0,0.44698082771820763,58533881.0,53707969.0,50904270.0,4193541.0,4825912.0,4143521.0,26283263.0,57521939.36,14748280.36,3.21191210546139,12.138731921304693,0.00017049954367454295,0.00018581972444349924,-0.007066567429147661,3.21191210546139,-0.006385998323637969,12.095980505772419,-41.92817880978136,1.071013118369827,0.0,0.6346920891676426,0.0,0.08124284463557098,10.812828824136929,-0.005859495289574255,112.85737984292321,0.44698082771820763,-29.733557865796033,0.6858277119511288,0.39555773101685743,-0.30358291466170784,-0.3286427370770931,-30.468081450296417,-7.931620961287333,-1.1882424072920594,-0.5499856004079738,0.10054312634238224,Aerospace & Defense,Industrials,ISSC
2011Q4,2011,Q4,2011-12-14,2011-09-30,11639.0,6490277.0,94956.0,0.0006960502452711462,3166122.0,0.48782540406210706,58257604.0,54260787.0,50572834.0,3240724.0,3996817.0,3508595.0,26626242.0,80764816.02,38152151.019999996,3.2449724288989965,15.605412247386695,0.00022639104759612154,0.0002430668762692292,0.00017127798214866294,3.2449724288989965,0.0002145011276743922,12.443970576294355,1734.7885561474354,1.4884564062810222,0.0,0.9474319492560412,0.0,0.11140652128432882,14.117205908309378,0.0001997850786997694,233.0605875800773,0.48782540406210706,1.1479993919983047,1.0123371459075674,0.4256062777354858,-0.3018478375550244,0.002085117615445822,1.1473645560324635,1.9049030352122742,-0.998462075838831,-0.3645869608707439,0.16019370014702783,Aerospace & Defense,Industrials,ISSC
2011Q3,2011,Q3,2011-08-09,2011-06-30,-78981.0,5971494.0,-104935.0,-0.004703061518517043,3159534.0,0.5291027672471914,58891465.0,54435665.0,51090569.0,3726775.0,4455800.0,4376978.0,26614603.0,91860603.63,49295553.629999995,3.2414666982740794,13.709056489860536,0.0001682416968231305,0.00018201302399814534,-0.001941211369429112,3.2414666982740794,-0.0014509053944688653,15.383186122266888,-290.76804430812473,1.6875076961032807,0.0,0.6424432565116845,0.0,0.10139829260487916,12.248143233761093,-0.0013411281244234627,855.3049192279401,0.5291027672471914,-1.1567687172839014,0.9311159715956681,1.0226518657628685,-0.30154341795142187,-0.18414287248854533,-1.1582303586883353,-1.2248513990134695,0.9814750396875993,-0.31358364377850834,-0.03599412795141927,Aerospace & Defense,Industrials,ISSC
2011Q2,2011,Q2,2011-05-10,2011-03-31,499152.0,6746070.0,466686.0,0.03,3872656.0,0.5740610459126573,58745201.0,54430390.0,50898764.0,3603199.0,4314811.0,4514475.0,26693584.0,98178701.39999999,55721052.39999999,3.243247027710228,14.125993041183682,0.00016866058556851309,0.00018203066338492156,0.008361770209741869,3.243247027710228,0.009170465249284453,14.553466151403704,49.17274768006539,1.8037478952474892,0.0,0.636489071265208,0.0,0.11483610380361112,12.502920599167574,0.008496898325362781,181.90740608984692,0.5740610459126573,0.4999999999999999,1.675971412349749,0.8971899830142027,-0.31685111770294494,0.07748689817581653,0.7527635367652222,2.086547619047619,1.0711558990185712,-0.005095562686032045,-0.09732021939156175,Aerospace & Defense,Industrials,ISSC
2011Q1,2011,Q1,2011-02-08,2010-12-31,284780.0,6529811.0,151200.0,0.02,3594156.0,0.5504226692012985,58232517.0,53842877.0,50389549.0,3528400.0,4389640.0,4298500.0,26194432.0,95088253.05,53170322.05,3.2105870367549043,14.281132808071646,0.00017014548761476342,0.00018401691276638134,0.002294416506064755,3.2105870367549043,0.005289093300122131,14.562175390681292,83.47518527459793,1.7660321726493182,0.0,0.6829487030359428,0.0,0.11213341508147415,12.676842478177077,0.0048903948287174325,92.58358921107285,0.5504226692012985,-0.731948273850339,49.05678131219746,0.30056884527326405,-0.40955308262335527,-0.2406757059096063,-0.7724094169020252,-0.875009506552081,1.0695960752747025,0.38898745602546997,-0.1953977391261062,Aerospace & Defense,Industrials,ISSC
2010Q4,2010,Q4,2010-12-14,2010-09-30,1251282.0,7463311.0,1209692.0,0.07461246486744663,4733361.0,0.6342173065010959,57590522.0,53468037.0,49607834.0,3296778.0,4122485.0,4656392.0,25909652.0,82007329.35,41116451.349999994,3.1882357711481797,15.04736867329253,0.00017204219819365416,0.0001853069713406535,0.022144342713485293,3.1882357711481797,0.02340243012848966,10.988062717740155,16.384661760898023,1.5337636081534094,0.0,0.5862801070013006,0.0,0.12959269582588606,13.178419050357652,0.021727221017375047,28.021375442962974,0.6342173065010959,-0.06734418915691712,0.10471892916273667,-0.018064230837673473,-0.4118047744237972,-0.014500294190763034,-0.09852078338251567,-0.2390548542104505,1.3122414734749421,0.4684444727340217,-0.23854470087095145,Aerospace & Defense,Industrials,ISSC
2010Q3,2010,Q3,2010-08-06,2010-06-30,1388032.0,7813816.0,1589723.0,0.08,4803006.0,0.614681226176813,56515115.0,52312401.0,48361679.0,3414957.0,4202714.0,5002468.0,24658373.0,73747339.60000001,35756201.60000001,3.1211236316923356,14.161724144696406,0.00017531593096820205,0.0001894005973841652,0.025417260322362658,3.1211236316923356,0.026533517358532252,9.438069644844466,13.282716032483401,1.409748705665412,0.0,0.6018649194757467,0.0,0.13826064053837633,12.278039811335837,0.024560367611390334,31.147195595395374,0.614681226176813,3.0,-0.5458566661351386,-0.26767916613372894,-0.1304105764356307,0.9761707758322392,2.8612190167143807,2.8690090174823943,2.0349461251516128,0.34663692436299437,-0.2937315636674971,Aerospace & Defense,Industrials,ISSC
2010Q2,2010,Q2,2010-05-06,2010-03-31,-745765.0,5372957.0,-850570.0,-0.04,2430461.0,0.45235072605271176,54902115.0,50769640.0,46549190.0,3227558.0,4132475.0,5054422.0,23270338.0,105541146.89999999,69917741.89999999,3.0305595627367587,14.4224178155745,0.00018046663593925298,0.00019515600268191777,-0.015158870824881963,3.0305595627367587,-0.014689192202268915,19.643028392000904,-35.380162283024816,2.0788240156912674,0.0,0.5821627082186648,0.0,0.09786429903474575,12.287737354371323,-0.013583538630524526,-130.17685667133722,0.45235072605271176,0.4285714285714286,-1.1261731436003408,-0.699852505195782,-0.3921527069229245,0.3727803866326718,0.34877525055166336,0.4496039156762941,0.6817599838394991,0.36754543626673986,-0.3248802762272302,Aerospace & Defense,Industrials,ISSC
2010Q1,2010,Q1,2010-02-03,2009-12-31,-1145173.0,4607239.0,-1545378.0,-0.07,1770466.0,0.3842791745772251,55459104.0,51402226.0,46940588.0,3113666.0,4056878.0,5169416.0,24016104.0,76861289.61,40405368.61,3.0696364650809036,15.07566579074313,0.00017865416650077867,0.00019275429822825183,-0.02335228091022951,3.0696364650809036,-0.02227866551927148,16.682722474349603,-16.77940573389348,1.4952910718302357,0.0,0.5487608271417893,0.0,0.08307453001765049,12.85286572162846,-0.02064896324325759,82.90274419011008,0.3842791745772251,-3.002235145208512,-1.1960439476224791,-0.7426397291379544,-0.33593101661982167,-0.5714843433273833,-2.9561094845875027,-2.8808112894097886,-0.047493992905863064,0.3501319137299257,-0.3344315753769064,Aerospace & Defense,Industrials,ISSC
2009Q4,2009,Q4,2009-12-14,2009-09-30,585434.0,7933778.0,821655.0,0.034960928623950525,4131625.0,0.5207638781927098,57536012.0,52398742.0,48792791.0,4168314.0,5137270.0,5306985.0,25161276.0,83894348.78999999,48365553.78999999,3.129146375247762,11.705641897419437,0.00017220519211515737,0.00018908850903328939,0.010777119809320026,3.129146375247762,0.01117267280958768,10.574325219334344,35.825707419623726,1.601075628685895,0.0,0.7164431405025641,0.0,0.13789238642400173,10.017095641067348,0.01017508825602998,141.0316153830636,0.5207638781927098,-0.5005581625149925,-0.8610013078352643,-0.4163662047566331,-0.26378863785523454,-0.0016021245669974422,-0.5325170824180255,-0.18671130084817483,1.6196651469172403,0.7401893504865543,-0.3267676825139272,Aerospace & Defense,Industrials,ISSC
2009Q3,2009,Q3,2009-08-07,2009-06-30,1252311.0,7759300.0,1010287.0,0.07,4138255.0,0.533328393025144,60268723.0,51667314.0,51185234.0,3609831.0,8601409.0,5495720.0,24575843.0,74770892.42999999,39807862.42999999,3.0888075034842806,14.179398980173865,0.07209225256025419,0.08409393993270098,0.02143405941145012,3.0888075034842806,0.02423797374099997,9.636293535499336,14.926582220790204,1.4471604316415596,0.0,0.6588845501590328,0.0,0.12874505404735387,12.204322584630694,0.0207787876972273,41.73335202948816,0.533328393025144,-0.12499999999999993,-0.6012429142741017,-0.3383897449940559,-0.22970374260511883,-0.21147753487777415,-0.07066187765764027,-0.26005056593713244,2.0965413966666597,1.6386246183699662,-0.3344377307228423,Aerospace & Defense,Industrials,ISSC
2009Q2,2009,Q2,2009-05-11,2009-03-31,1347530.0,10465726.0,1365346.0,0.08,5248113.0,0.5014571373261635,59993726.0,50247652.0,50808805.0,4695558.0,9746074.0,5945812.0,23323531.0,70216477.8,37042395.8,3.005564292203788,10.82061067076586,0.0724227063343257,0.08646987126881073,0.023331625804621475,3.005564292203788,0.02681777050995338,6.70918365338439,13.026885820723844,1.397408137598151,0.0,0.8775274092083638,0.0,0.1744470080088041,9.217990705258034,0.022461182024267005,17.98481991738145,0.5014571373261635,-0.2727272727272727,-0.45921544687994376,-0.0077097366215355305,-0.21122792604664234,-0.013544672325505205,-0.2609738146503264,-0.1874705793086621,2.8319162864182923,1.9546157409457137,-0.3669159736066805,Aerospace & Defense,Industrials,ISSC
2009Q1,2009,Q1,2009-02-06,2008-12-31,1823386.0,10575346.0,1680365.0,0.11,5320173.0,0.5030731855014484,59138270.0,48838264.0,49861843.0,5206484.0,10300006.0,7668241.0,21976001.0,66099888.550000004,36719126.550000004,2.918479093260135,9.576874335924206,0.07347032640623406,0.08896524249920104,0.030364922003133937,2.918479093260135,0.03733519274968496,6.250375973514248,9.062794239672785,1.353444679155672,0.0,0.6853166195480815,0.0,0.17882406773143686,7.797514983240129,0.030832589455186972,-50.702929844209045,0.5030731855014484,-0.7569548191701279,0.16048870424584152,0.26928086332019047,-0.2066292010108104,2.1514606722936973,-0.759248327209307,1.1820417549910045,320.1975538486271,1.110899216852725,-0.4632735495670098,Aerospace & Defense,Industrials,ISSC
2008Q4,2008,Q4,2008-12-11,2008-09-30,7573721.0,10221995.0,-9230657.0,0.45259074721995124,1688161.0,0.16514985577668548,59896714.0,46804126.0,50432528.0,7941275.0,13092588.0,9361257.0,20152615.0,91201112.05,60514088.05,2.796922986642464,6.35068398966161,0.07254000611786483,0.09283173026241319,-0.17089425765790162,2.796922986642464,0.1618173790917493,8.922046239506084,3.010445989824553,1.9485699198827042,0.0,0.9116119768958378,0.0,0.1706603637722096,4.9425784902298435,0.12644635229905934,4.3262796725444685,0.16514985577668548,2.810362988879805,1.7520674598555654,0.03494961932765541,-0.21582632511627173,-0.5964239592293198,2.7659008629543766,-0.9247075872494591,5.701099695688122,0.34780599426079806,-0.48399777647091397,Aerospace & Defense,Industrials,ISSC
2008Q3,2008,Q3,2008-08-06,2008-06-30,-4288871.0,8751309.0,-4795875.0,-0.25,4183006.0,0.47798632181768463,68001255.0,56804337.0,58309662.0,6548563.0,11196918.0,10953948.0,29310407.0,108963068.55,72237080.55,3.362496839760668,8.90419195783869,0.06389452665248604,0.0764890187874211,-0.07396291651673269,3.362496839760668,-0.07550252721020227,12.45105944150755,-6.351500695054713,1.9182174162159484,0.0,0.41704625583396965,0.0,0.12869334543899227,7.029710029513345,-0.0630704683317977,-40.14295313176951,0.47798632181768463,0.40476190476190477,-4.706989224921194,0.4281432691776041,-0.030005305367925145,0.378846747815126,0.392524698813355,-0.07114787117212673,-2.3922285006641646,-0.18626068494937206,-0.06316056854209078,Aerospace & Defense,Industrials,ISSC
2008Q2,2008,Q2,2008-05-08,2008-03-31,-7060157.0,6824360.0,-4477323.0,-0.42,3033699.0,0.4445397077528149,71811001.0,60687631.0,59495620.0,6730415.0,11123370.0,9913219.0,33599278.0,178537256.94,139087886.94,3.592909797452386,8.83981448395084,0.060504768621732485,0.07159462197494577,-0.1287066663265738,3.592909797452386,-0.11633601252288131,26.161758309936754,-6.322000238096688,2.9419051954755,0.0,0.3823844706749644,0.0,0.09503223607758929,7.210450321414059,-0.0983158137567251,9065.105709063213,0.4445397077528149,-0.75,-7.229152505343805,0.0746878719104671,0.06411939767753609,1.8178829784467225,-0.712823400431981,0.32161628827697514,-2.184695323844026,-0.6218965188512637,-0.2793606429964635,Aerospace & Defense,Industrials,ISSC
2008Q1,2008,Q1,2008-02-06,2007-12-31,-4121941.0,4735647.0,-6599986.0,-0.24,1076588.0,0.22733704602560115,80296898.0,67409956.0,67348350.0,8473912.0,12886942.0,9637230.0,40659436.0,163698470.42999998,124223920.42999998,3.990278418143922,7.947728274733087,0.05411053363481115,0.06445498940838947,-0.06251213827265417,3.990278418143922,-0.06114736226797122,34.56728730625403,-9.928482141665782,2.4284019771500813,0.0,0.3796795344720423,0.0,0.0589767116532945,5.774038956269548,-0.05133375139846623,-30.558866677344632,0.22733704602560115,-0.004362391285661208,-21.79825308772522,0.2084993000549246,0.18541601676607133,4.134719310505474,-0.021080840191625084,-0.043182471968363056,-1.6994525329138555,-0.7377869981945971,-0.13676418602524598,Aerospace & Defense,Industrials,ISSC
2007Q4,2007,Q4,2007-12-14,2007-09-30,-4036841.0,5119777.0,-6326780.0,-0.23895757356344408,-343440.0,-0.06708104669402593,84585785.0,70733779.0,71872178.0,9418944.0,13852006.0,9363795.0,44194053.0,320977393.0,276171223.0,4.187029461604482,7.630598292122769,0.0513668815629009,0.06142621052382907,-0.05990662877430949,4.187029461604482,-0.05707090808763377,62.69362767167398,-19.878005660862044,4.5378233361460865,0.0,0.5834404747220545,0.0,0.06052762884449202,5.881729841476921,-0.047724815700415854,-42.59648125629454,-0.06708104669402593,-1.986969669543051,-4.011427055692632,-0.20047098920200088,0.2334188297982635,-1.1557430946366947,-1.9883555402237247,-1.044703880903411,-1.9500545756505747,-0.6266762929208995,-0.014894704942005906,Aerospace & Defense,Industrials,ISSC
2007Q3,2007,Q3,2007-08-09,2007-06-30,-1350857.0,5844405.0,-3094228.0,-0.08,2205170.0,0.37731300277787044,87205426.0,74604066.0,75453363.0,7840467.0,12601360.0,7612013.0,48230894.0,391660080.0,339173633.0,4.419174737440691,9.623580202556813,0.04978287704253632,0.05819169427039003,-0.022380077636237106,4.419174737440691,-0.01810701577578895,67.01453441368282,-72.48363076180527,5.249848982761878,0.0,0.47809101219348943,0.0,0.06701882288838311,7.476053913625298,-0.015490515464026286,-263.1192312937555,0.37731300277787044,0.4285714285714286,-1.9502128702750745,-0.07911595254436748,0.3420163654312926,1.3527585434293212,0.42739576100843274,0.29951068971153466,-1.426195944939358,-0.506231130001053,0.1020673049986634,Aerospace & Defense,Industrials,ISSC
2007Q2,2007,Q2,2007-05-10,2007-03-31,-2359146.0,3955298.0,-4417238.0,-0.14,937270.0,0.2369657102954063,86394510.0,75706104.0,77119547.0,5900100.0,10688406.0,5553926.0,49581751.0,427024281.36,370647727.36,4.488921677182072,13.07088812054033,0.05027408570289941,0.05737192604707277,-0.035409020341204446,4.488921677182072,-0.03116189944208462,107.96260644836369,-45.251998112876436,5.640552858987434,0.0,0.5434044313878147,0.0,0.045781821090252146,10.685016355654989,-0.02730666566660312,-200.66157289051833,0.2369657102954063,-1.0,-3.67048012761437,-0.31855654889161095,0.4005807045054073,-0.32797878831550514,-1.1477162240405518,-0.4779965375856653,-1.9385156850574703,-0.6282512984648753,0.17806032973890976,Aerospace & Defense,Industrials,ISSC
2007Q1,2007,Q1,2007-02-09,2006-12-31,-1098444.0,3428648.0,-2988666.0,-0.07,1394703.0,0.40677929026251747,86062318.0,77597473.0,76935148.0,3548623.0,8464845.0,6211280.0,51940897.0,,,,,,,,,,,,,,,,,,,,,,,,,,,,,,,Aerospace & Defense,Industrials,ISSC
