Quarters,Year,Quarter,FillingDate,Date,NetIncome,Revenue,OperatingIncome,EPSDiluted,GrossProfit,GrossProfitRatio,TotalAssets,CommonStockEquity,CurrentAssets,CurrentLiability,TotalLiability,Inventory,RetainedEarnings,MarketCap,EnterpriseValue,bookValuePerShare,currentRatio,debtToAssets,debtToEquity,roic,shareholdersEquityPerShare,roe,priceToSalesRatio,peRatio,pbRatio,payoutRatio,inventoryTurnover,dividendYield,assetTurnover,quickRatio,returnOnAssets,priceToFreeCashFlowsRatio,grossProfitMargin,epsdilutedGrowth,fiveYNetIncomeGrowthPerShare,fiveYRevenueGrowthPerShare,fiveYShareholdersEquityGrowthPerShare,grossProfitGrowth,netIncomeGrowth,operatingIncomeGrowth,threeYNetIncomeGrowthPerShare,threeYRevenueGrowthPerShare,threeYShareholdersEquityGrowthPerShare,Industry,Sector,Symbol
2023Q1,2023,Q1,2023-04-27,2023-03-31,1819000.0,295468000.0,-5235000.0,0.0583,155321000.0,0.5256779076,2320120000.0,752453000.0,610088000.0,320686000.0,1567667000.0,335370000.0,408337000.0,3168872460.0,4207347460.0,24.66169578184917,1.9024466300368585,0.4590146199334517,1.4153295953368517,-0.0021438401620312085,24.66169578184917,0.002417426736287848,10.72492608336605,435.52397746014293,4.2113892296263025,3.352391423859263,0.4178877061156335,0.0019243437774709303,0.12735030946675172,0.7473852927786059,0.0007840111718359395,-391.17052956425135,0.5256779075906697,-0.9322093023255814,-0.8433164549489851,0.3422924963717298,0.07484388395468539,0.17790568928121825,-0.9315753836894373,-3.780821917808219,-0.7135486880885897,0.2886335354189724,0.0009702658440651343,Medical Devices,Healthcare,CNMD
2022Q4,2022,Q4,2023-02-21,2022-12-31,26584000.0,250867000.0,-1095000.0,0.86,131862000.0,0.525625132,2297592000.0,745545000.0,581226000.0,296552000.0,1552047000.0,332320000.0,412631000.0,2702101760.0,3727981760.0,24.456928224642436,1.959946316329008,0.4590989174753394,1.4148334439906378,0.0015343173968453238,24.456928224642436,0.0356571367254827,10.771053028098555,25.41097803189889,3.6243308720466234,0.2292732470659043,0.3581036350505537,0.0022556515414134514,0.10918692265641594,0.7428275648115676,0.0115703745486579,-156.42594419358574,0.5256251320420781,-0.4189189189189189,-0.47746377291658487,0.03462254520673301,0.08373483086934984,-0.130283942881641,-0.4239653304442037,-1.1653828726778432,0.6585800687087392,-0.1175070919524496,-0.02226263518992559,Medical Devices,Healthcare,CNMD
2022Q3,2022,Q3,2022-10-27,2022-09-30,46150000.0,275088000.0,6621000.0,1.48,151615000.0,0.5511509044,2292044000.0,716337000.0,574243000.0,208579000.0,1575707000.0,304813000.0,392144000.0,2443020410.0,3446341410.0,23.50726872969514,2.7531199209891697,0.4522928006617674,1.4471889627368124,0.011093764280774252,23.50726872969514,0.0644249843300011,8.880868703832956,13.234130065005417,3.4104344882366817,0.13200433369447453,0.4050778674137914,0.002493634508767776,0.12001863838565054,1.1057728726285962,0.020134866520887033,127.36004639766448,0.5511509044378526,1.2619469026548673,4.876011273525446,0.32590714487444217,0.11320132415300715,-0.0010673553964039347,1.274227379954959,-0.7292910295199935,5.160596056033046,0.09572407855753659,-0.049107332494847736,Medical Devices,Healthcare,CNMD
2022Q2,2022,Q2,2022-07-28,2022-06-30,-168291000.0,277190000.0,24458000.0,-5.65,151777000.0,0.5475558281,2072261000.0,672968000.0,577188000.0,201093000.0,1399293000.0,289714000.0,352089000.0,2851254000.0,3780801000.0,22.60178001679261,2.8702540615536094,0.47421584443272347,1.4602462524221063,0.026594111755908957,22.60178001679261,-0.2500728117830268,10.28628016883726,-4.235600834269213,4.236834440864945,-0.03505237950930234,0.43288553539007435,0.002068914239138288,0.1337621081514346,1.2694176326376354,-0.08121129529533201,218.80546389379174,0.5475558281323281,-14.13953488372093,-26.678850164308546,0.3169954702264612,0.08247760635413562,0.11608121125662728,-12.238130217028381,3.357384642793515,-29.06295277796821,0.10480887821352906,-0.08309945530857152,Medical Devices,Healthcare,CNMD
2022Q1,2022,Q1,2022-05-05,2022-03-31,14975000.0,242327000.0,5613000.0,0.43,135991000.0,0.5611879815,1785724000.0,789546000.0,488300000.0,187597000.0,996178000.0,253729000.0,526472000.0,4371529400.0,5062438400.0,26.829753975805357,2.602920089340448,0.4008306994809948,0.9065627588512892,0.0032006446673970056,26.829753975805357,0.01896659599314036,18.039794987764466,72.98045742904843,5.536763405805361,0.39225375626043407,0.4190928116218485,0.0013436944973994683,0.13570238177904312,1.1093567594364515,0.008385954380408171,-1301.4377493301579,0.5611879815290909,-0.4266666666666667,4.120056177834719,0.2299754635201776,0.29910716539727034,-0.12745739657119393,-0.387375225004091,-0.8491777730008598,13.041497819941883,0.06234424480696848,0.09063851712105103,Medical Devices,Healthcare,CNMD
2021Q4,2021,Q4,2022-02-22,2021-12-31,24444000.0,273970000.0,37216000.0,0.75,155856000.0,0.5688798044,1766017000.0,785435000.0,460123000.0,196646000.0,980582000.0,231644000.0,496605000.0,4160514239.9999995,4824323240.0,26.761899894374597,2.339854357576559,0.38768369726905233,0.871690209883695,0.02087191739619624,26.761899894374597,0.031121607771489684,15.18602124320181,42.55148748159057,5.29708281398206,0.23883161512027493,0.509894493274162,0.0014031919285054533,0.1551344069734323,1.0411043194369578,0.013841316363319266,135.9778488087067,0.5688798043581414,0.5957446808510639,2.4556546102298227,0.27298673979344223,0.2829279850704021,0.09521734853063117,0.6352689322986352,0.39328366590543223,0.4968095737296169,0.0831415671895614,0.13675541082738432,Medical Devices,Healthcare,CNMD
2021Q3,2021,Q3,2021-10-28,2021-09-30,14948000.0,248827000.0,26711000.0,0.47,142306000.0,0.5719073894713999,1754092000.0,755683000.0,443405000.0,183192000.0,998409000.0,228572000.0,478035000.0,3817488570.0000005,4501563570.0,25.898180198087665,2.420438665443906,0.4079523765002064,0.9469393912526813,0.01556179086253577,25.898180198087665,0.01978078109471829,15.341938656174774,63.84614279502275,5.051706297481881,0.39001873160289,0.4660282099294752,0.00152718204471271,0.141855159250484,1.0750687802960828,0.008521787910782331,241.81216000506748,0.5719073894713999,0.14634146341463414,0.9423168102149152,0.2837186077089692,0.23325300937288082,0.006236565222310216,0.12475545522949587,0.039055510172326606,1.4733970856517276,0.18547739934594487,0.11599436746313141,Medical Devices,Healthcare,CNMD
2021Q2,2021,Q2,2021-07-29,2021-06-30,13290000.0,255161000.0,25707000.0,0.41,141424000.0,0.5542539808199529,1761974000.0,744499000.0,443180000.0,198458000.0,1017475000.0,211323000.0,468924000.0,4002648750.0,4685936750.0,25.562197424892705,2.2331173346501525,0.414124158472259,0.9800899665412579,0.014229388608492783,25.562197424892705,0.017850930625830257,15.6867575765889,75.29437076749436,5.376298356344334,0.43739653875094053,0.5382140136189625,0.001452288312832846,0.14481541725360306,1.0851364016567737,0.007542676566169535,127.9414655585744,0.5542539808199529,0.32258064516129026,3.394743114296429,0.25801986084323386,0.22472861761158983,0.10101285335035695,0.34787018255578095,0.28010158350761877,0.4693056011561746,0.1557281395589897,0.1071699322174028,Medical Devices,Healthcare,CNMD
2021Q1,2021,Q1,2021-04-29,2021-03-31,9860000.0,232677000.0,20082000.0,0.31,128449000.0,0.5520485479871238,1746612000.0,725570000.0,424369000.0,182155000.0,1021042000.0,205797000.0,461464000.0,3783453480.0,4492080480.0,25.043835427309126,2.329713705360819,0.42676679193776296,1.0273247240100887,0.013833235502124681,25.043835427309126,0.013589315986052345,16.260539202413646,95.92934787018257,5.214456882175393,0.5856997971602435,0.5064602496635033,0.0015263832449712055,0.13321619226250592,1.10193516510664,0.005645214850235771,196.69630777229008,0.5520485479871238,-0.6172839506172839,5.165231315673899,0.22863612872359956,0.19226047869775373,-0.05213483477721859,-0.5915492957746479,-0.18699647787538967,-0.10557162088504439,0.11318701288495914,0.09149888060911454,Medical Devices,Healthcare,CNMD
2020Q4,2020,Q4,2021-02-22,2020-12-31,24140000.0,252828000.0,24701000.0,0.81,135514000.0,0.5359928488933188,1751673000.0,709038000.0,416654000.0,190201000.0,1042635000.0,194868000.0,457417000.0,3219440000.0,3967945000.0,24.666481127152547,2.19059836699071,0.4429257058823194,1.0942445961993574,0.029299774253518478,24.666481127152547,0.03404613010868247,12.733716202319364,33.34134217067108,4.540574694163078,0.23690969345484672,0.6020177761356406,0.00177639589493825,0.1443351584456688,1.0752204247085977,0.013781110972196295,189.42339373970347,0.5359928488933188,2.5217391304347827,1.9633583089202784,0.2757933700161541,0.16811781194827924,0.013582850902780894,2.524087591240876,-0.15931522700973386,-0.49679727691280784,0.10579140664320821,0.09302053417902201,Medical Devices,Healthcare,CNMD
2020Q3,2020,Q3,2020-10-29,2020-09-30,6850000.0,237835000.0,29382000.0,0.23,133698000.0,0.5621460256059874,1743129000.0,683141000.0,404228000.0,179039000.0,1059988000.0,182668000.0,439086000.0,2248624610.0,2990282610.0,23.90025539656439,2.25776506794609,0.4458970047540945,1.137768044957044,0.007943310050039116,23.90025539656439,0.010027212537382472,9.454557193011961,82.06659160583942,3.291596625001281,0.8338686131386861,0.5700889044605514,0.0025402194633100633,0.1364414222928997,1.1293126078675595,0.0039297148977499655,70.62485034077703,0.5621460256059874,1.2395833333333333,-0.2518171862473913,0.36239837007420167,0.14657483610898414,0.8587496003002961,1.25,2.3829426715617057,-0.07015857827267319,0.2221503417348767,0.13181145206551506,Medical Devices,Healthcare,CNMD
2020Q2,2020,Q2,2020-07-30,2020-06-30,-27400000.0,157785000.0,-21246000.0,-0.96,71929000.0,0.45586716101023544,1723908000.0,674898000.0,378713000.0,150612000.0,1049010000.0,175715000.0,437956000.0,2054738579.9999998,2825373580.0,23.645785158713476,2.5144941970095345,0.46732076189680655,1.1936885277478968,-0.012011272577717199,23.645785158713476,-0.04059872751141654,13.022394904458597,-18.7476147810219,3.044517215934852,-0.20817518248175182,0.48860939589676466,0.0027760222422065976,0.09152750610821458,1.1844673731176798,-0.015894119639795163,1149.8257302742024,0.45586716101023544,-5.799999999999999,-4.553798463617096,-0.15654555304449566,0.12974115988691498,-0.39636116449449893,-5.622912097182386,-2.6129668994837534,-5.361467225723682,-0.21794048321702328,0.13247863221175663,Medical Devices,Healthcare,CNMD
2020Q1,2020,Q1,2020-04-30,2020-03-31,5927000.0,214010000.0,13172000.0,0.2,119159000.0,0.5567917387037988,1750972000.0,701635000.0,393167000.0,160004000.0,1049337000.0,174538000.0,471068000.0,1630935060.0,2392827060.0,24.63779057518084,2.4572323191920202,0.4490083222347359,1.1205270546651749,0.015030787594874718,24.63779057518084,0.008447412115986232,7.620835755338535,68.79260418424161,2.324477912304831,0.9588324616163321,0.543440396933619,0.003484504159227529,0.12222354212403168,1.1925514362140945,0.0033849770299011063,1820.2400223214286,0.5567917387037988,-0.5918367346938775,-0.0908354945195504,0.16448799573030243,0.1833297906764815,-0.1607043493572812,-0.6031203964108746,-0.5275466284074606,2.2760913699348024,0.12248351293472928,0.1929714415062577,Medical Devices,Healthcare,CNMD
2019Q4,2019,Q4,2020-02-24,2019-12-31,14934000.0,264865000.0,27880000.0,0.49,141975000.0,0.5360277877409246,1775095000.0,710467000.0,397363000.0,188087000.0,1064628000.0,164616000.0,470844000.0,3176307490.0,3919258490.0,25.01380135901137,2.112655313764375,0.43310752382266865,1.0821150032302698,0.016326121749313492,25.01380135901137,0.021019977001042977,11.992175221339172,53.172416800589254,4.470731912953029,0.37987143431096826,0.746525246634592,0.0017860361497935454,0.14921173232981896,1.1428381546837367,0.008413070849729169,91.57582499639614,0.5360277877409246,1.1304347826086956,0.27689093109161167,0.3273030326081326,0.18494308947062632,0.09118368162568884,1.1426111908177905,0.33148669946033715,1.1815405752510335,0.27167032726508816,0.1991265905307909,Medical Devices,Healthcare,CNMD
2019Q3,2019,Q3,2019-10-31,2019-09-30,6970000.0,233590000.0,20939000.0,0.23,130111000.0,0.5570058649770966,1758418000.0,700922000.0,399023000.0,160665000.0,1057496000.0,173920000.0,461564000.0,2726140950.0,3490243950.0,24.721264063767503,2.4835714063423895,0.4516394850371186,1.1330376275819563,0.01033628626003579,24.721264063767503,0.009944045129129917,11.67062352840447,97.78123923959829,3.8893642231232577,0.8117647058823529,0.5949804507819687,0.0020754612853014806,0.13284099685057818,1.265677029844708,0.0039637901795818746,85.91412026094356,0.5570058649770966,0.21052631578947373,2.4224134890548585,0.3026975511334523,0.14505984904570646,-0.008224712249409254,0.22388059701492538,0.12225318898059813,-0.06794585123921142,0.24021781580139479,0.17720909611997154,Medical Devices,Healthcare,CNMD
2019Q2,2019,Q2,2019-08-01,2019-06-30,5695000.0,238263000.0,18658000.0,0.19,131190000.0,0.5506100401656993,1759403000.0,697009000.0,397277000.0,155801000.0,1062394000.0,172802000.0,460267000.0,2418163520.0,3205277520.0,24.6501980478144,2.5499001931951657,0.4601918946369877,1.1616248857618767,0.01085326463989539,24.6501980478144,0.008170626204252743,10.149135702983678,106.15292010535556,3.4693433226830646,0.9908691834942932,0.6196282450434601,0.0023335890866470438,0.13542264052067662,1.2938812972959095,0.0032368934235078605,145.73395528234798,0.5506100401656993,3.75,-0.46467423672721325,0.22965701212320055,0.11581164982592002,0.08030435283848548,4.577864838393731,0.6033341926613388,0.9397698415205457,0.20997882138471957,0.18103316695115299,Medical Devices,Healthcare,CNMD
2019Q1,2019,Q1,2019-04-26,2019-03-31,1021000.0,218378000.0,11637000.0,0.04,121438000.0,0.5560908150088378,1760837000.0,693057000.0,390709000.0,151271000.0,1067780000.0,171087000.0,460229000.0,2329343640.0,3123876640.0,24.600042593972955,2.58284139061684,0.46451772651301626,1.1801915282581374,-0.00401802235482099,24.600042593972955,0.001473183302383498,10.666567328210718,570.3583839373164,3.3609697903635634,5.5102840352595495,0.5666123083577361,0.0024152726559486942,0.12401942939636093,1.2930568317787283,0.0005798378839154334,-293.2943389574414,0.5560908150088378,-0.9259259259259258,-0.8850987788682573,0.17386656395168018,0.12983744811270115,-0.08455768723380197,-0.9347728869865202,-0.5493552259613523,1.4435405526983276,0.1858345283473297,0.17113285799237887,Medical Devices,Healthcare,CNMD
2018Q4,2018,Q4,2019-02-25,2018-12-31,15653000.0,242443000.0,25823000.0,0.54,132655000.0,0.5471595385307062,1369138000.0,662270000.0,374351000.0,160944000.0,706868000.0,154599000.0,464851000.0,1806010200.0,2245399200.0,23.542355408623937,2.3259705239089374,0.33371362127119397,0.6898998897730533,0.017796744451186782,23.542355408623937,0.023635375300104188,7.449215691935836,28.844473902766243,2.7269998641037647,0.35929214846994184,0.7101468961636234,0.0031140466427044544,0.17707710983114924,1.236833929814097,0.011432740892444735,90.54044217175515,0.5471595385307062,1.7,0.5040595891763251,0.17998405274869592,0.07337040883759234,0.19911956394008695,1.6872103004291845,1.2411907654921022,0.9634580565530753,0.25009196377055704,0.11488317065860736,Medical Devices,Healthcare,CNMD
2018Q3,2018,Q3,2018-11-02,2018-09-30,5825000.0,202307000.0,11522000.0,0.2,110627000.0,0.5468273465574597,1362980000.0,652656000.0,363462000.0,164893000.0,710324000.0,153618000.0,448875000.0,2223483440.0,2654737440.0,23.20637178210781,2.2042294093745642,0.3381891150273665,0.7062602657448948,0.009554379856508022,23.20637178210781,0.00892506925547302,10.990640165688779,95.42847381974249,3.406822951141183,0.9649785407725322,0.5968050619068078,0.002528015230012237,0.1484299109304612,1.1564529725337036,0.004273723752366139,-20398.930642201834,0.5468273465574597,-0.33333333333333326,0.0021955695364724134,0.11314193216486611,0.07828171848201836,-0.04854176879875463,-0.33191879802729674,-0.30931542980457977,-0.3533879313717873,0.1777957403262787,0.11328692858149268,Medical Devices,Healthcare,CNMD
2018Q2,2018,Q2,2018-08-02,2018-06-30,8719000.0,212820000.0,16682000.0,0.3,116271000.0,0.5463349309275444,1363732000.0,648192000.0,347400000.0,176667000.0,715540000.0,143405000.0,448675000.0,2055090000.0,2480876000.0,23.08787177203918,1.966411384129464,0.32938069943361303,0.6929844860781991,0.011435028296675188,23.08787177203918,0.013451261354660347,9.656470256554835,58.925622204381234,3.1704957790284363,0.6429636426195665,0.6732610438966563,0.002727861066911911,0.15605705519852875,1.0476659478000985,0.006393484936923091,120.06134252497517,0.5463349309275444,-0.1891891891891892,-0.10115509521735386,0.09167679302523152,0.08953895133868159,0.06128316766614639,-0.18185230365018298,-0.034494733186711424,0.14967092162116263,0.1565728516973758,0.10308534311672868,Medical Devices,Healthcare,CNMD
2018Q1,2018,Q1,2018-04-26,2018-03-31,10657000.0,202064000.0,17278000.0,0.37,109557000.0,0.5421896032940059,1350034000.0,642628000.0,342378000.0,159300000.0,707406000.0,145787000.0,445576000.0,1773746640.0,2210816640.0,22.944444444444443,2.149265536723164,0.3393996003063627,0.7130112600135693,0.013424265445641449,22.944444444444443,0.01658346664010905,8.778142766648191,41.609895843107815,2.7601452784503633,0.5247255325138407,0.6345353152201499,0.003152648678167475,0.14967326748807808,1.1233019460138105,0.007893875265363687,83.51366071848958,0.5421896032940059,-0.7757575757575756,0.020041871240317668,0.09431132751628744,0.07995312575536145,-0.1161693167792057,-0.7717791673805037,-0.2544874007594063,0.6621487933105478,0.11793687810001909,0.1019999767748377,Medical Devices,Healthcare,CNMD
2017Q4,2017,Q4,2018-02-26,2017-12-31,46696000.0,222555000.0,23176000.0,1.65,123957000.0,0.5569724337804138,1357961000.0,631432000.0,356783000.0,150003000.0,726529000.0,141436000.0,440085000.0,1426140600.0,1879961600.0,22.567262330235884,2.378505763218069,0.3582157366816867,0.7703806585665598,0.05291377754100315,22.567262330235884,0.07395253962421923,6.408036665094022,7.635239635086516,2.2585814466165792,0.11960339215350352,0.6971209593031477,0.003916163665770402,0.16388909548948755,1.3310333793324134,0.03438684910685948,82.90551098709453,0.5569724337804138,5.346153846153846,3.3507655247134074,0.12281282332398553,0.05616622835222034,0.2087823144509347,5.488258996804224,0.7205642167780253,3.0529742024669453,0.1321380135522112,0.06904668997262259,Medical Devices,Healthcare,CNMD
2017Q3,2017,Q3,2017-11-02,2017-09-30,7197000.0,190117000.0,13470000.0,0.26,102547000.0,0.5393889026231216,1361187000.0,589666000.0,356684000.0,139323000.0,771521000.0,149537000.0,398982000.0,1465172280.0,1929469280.0,21.116817074917634,2.5601228799265017,0.3734468519020531,0.8620659831158656,0.010190594045111865,21.116817074917634,0.012205214477348193,7.706687355680975,50.89524385160484,2.4847494683430957,0.7758788384048909,0.5856075753826812,0.0038111559140335365,0.13967000860278567,1.3692642277298077,0.005287297042948544,150.7223824709392,0.5393889026231216,0.18181818181818185,-0.213575543489287,0.06449956610577465,-0.003198548625011577,-0.0201142835301762,0.17234077211272195,0.053743252757568645,2.588166540418458,0.0765437680705989,-0.021893892247597108,Medical Devices,Healthcare,CNMD
2017Q2,2017,Q2,2017-07-27,2017-06-30,6139000.0,197154000.0,12783000.0,0.22,104652000.0,0.5308134757600658,1335335000.0,582355000.0,340313000.0,129713000.0,752980000.0,136474000.0,397369000.0,1420767540.0,1877107540.0,20.879674446954215,2.623584374734992,0.3718025813747112,0.8525401172824136,0.008675048774326316,20.879674446954215,0.010541679903151857,7.206384552177486,57.858264375305424,2.4396932111856167,0.9076396807297605,0.6777994343244867,0.003921823833334481,0.1476438496706819,1.4303269525799265,0.004597348230968259,108.56327194926263,0.5308134757600658,2.375,-0.39442826493756905,0.05556797536127373,-0.0032432037000181945,0.047724883616158585,2.3507150715071505,6.1255012028869285,-0.4149729633753435,0.031541880639596225,-0.05486422675821963,Medical Devices,Healthcare,CNMD
2017Q1,2017,Q1,2017-04-27,2017-03-31,-4545000.0,186567000.0,-2494000.0,-0.16,99885000.0,0.5353840711379826,1328025000.0,575522000.0,333503000.0,125445000.0,752503000.0,140083000.0,396814000.0,1237573470.0,1701254470.0,20.652456310331218,2.658559528080035,0.375249712919561,0.8658939189118748,-0.0015961839332205264,20.652456310331218,-0.007897178561375586,6.6333996365916805,-68.07334818481847,2.1503495435448166,-1.2246424642464246,0.618790288614607,0.0044975107619267245,0.1404845541311346,1.391167443899717,-0.003422375331789688,97.33942661632845,0.5353840711379826,-1.6666666666666667,-1.4586097084575258,-0.0342968407706275,-0.01339179697085736,-0.06613749193616246,-1.6775491949910555,-1.197842297318737,-1.5171013449987603,0.013882329665628287,-0.05146836856938949,Medical Devices,Healthcare,CNMD
2016Q4,2016,Q4,2017-02-27,2016-12-31,6708000.0,204094000.0,12606000.0,0.24,106959000.0,0.524067341519104,1328983000.0,580576000.0,330512000.0,113952000.0,748407000.0,135869000.0,406932000.0,1229339440.0,1700401440.0,20.860017246335154,2.900449311991014,0.37509132923445976,0.8586128258832607,0.009012655309076117,20.860017246335154,0.011554042881552113,6.023398238066773,45.8161687537269,2.1174479137959543,0.8294573643410853,0.7149165740529481,0.004526007885991196,0.1535715656257454,1.5416315641673688,0.005047468628266878,132.67207424994604,0.524067341519104,-0.07692307692307698,1.268778565057432,0.1075651333947014,0.020266988553823216,0.056813129267160034,-0.0857298623415565,-0.08962230085939192,-0.3485197317247996,0.004008711324281654,-0.048925867806073976,Medical Devices,Healthcare,CNMD
2016Q3,2016,Q3,2016-10-28,2016-09-30,7337000.0,184792000.0,13847000.0,0.26,101209000.0,0.5476914585046971,1330724000.0,584175000.0,369376000.0,112860000.0,746549000.0,188528000.0,405790000.0,1114389080.0,1587762080.0,20.999892156157884,3.272869041290094,0.37597653608111076,0.856457397184063,0.009381120079818568,20.999892156157884,0.012559592587837549,6.0305050002164595,37.971551042660494,1.9076288440963753,0.7579392122120758,0.4433452855809217,0.0049901781162464375,0.1388657602928932,1.418908382066277,0.005513539997775647,50.67017141817851,0.5476914585046971,1.5999999999999999,-0.08941815276689448,0.08968447775137652,-0.023696535253948884,-0.011843158696373826,1.5440360610263524,0.8020562207183759,0.27622208071725685,0.027954720700669452,-0.02424213424274158,Medical Devices,Healthcare,CNMD
2016Q2,2016,Q2,2016-07-28,2016-06-30,2884000.0,193433000.0,7684000.0,0.1,102422000.0,0.5294960011993817,1338834000.0,579733000.0,371000000.0,106221000.0,759101000.0,179913000.0,404017000.0,1325748480.0,1821237480.0,20.87172379032258,3.4927180124457498,0.38748941242902407,0.8948671198637994,0.005137063436570863,20.87172379032258,0.004974703872299834,6.853786479039254,114.92271844660193,2.286825969886137,1.9230235783633842,0.5058611662303447,0.004183297272194497,0.14447870311031838,1.5337362668398904,0.002154113205968776,107.96876618617151,0.5294960011993817,2.25,-0.6597034339229969,0.08118945319239286,-0.037213988466040224,0.04790259873132801,2.2732891832229583,1.1712348120938119,-0.6994869054185292,0.0029107077507399843,-0.015043210752804131,Medical Devices,Healthcare,CNMD
2016Q1,2016,Q1,2016-05-02,2016-03-31,-2265000.0,181201000.0,3539000.0,-0.08,97740000.0,0.5394009966832413,1342783000.0,582289000.0,367934000.0,103158000.0,760494000.0,185108000.0,406695000.0,1162618740.0,1664411740.0,21.005338912737635,3.566703503363772,0.3885117699583626,0.8959245323198618,0.00224586388922628,21.005338912737635,-0.0038898210338852357,6.416182802523165,-128.3243642384106,1.9966352446980795,-2.4467991169977923,0.45087732566933897,0.004766824935231992,0.13494436554528916,1.4958219430388335,-0.0016867952602914991,-57.93107479196771,0.5394009966832413,-1.2857142857142858,-1.2567117048280594,0.00698153324659709,-0.012332070509183588,-0.045284050949441275,-1.2884615384615385,-0.7270764247705714,-1.219040511409209,-0.008515923172826656,-0.01131703270094129,Medical Devices,Healthcare,CNMD
2015Q4,2015,Q4,2016-02-23,2015-12-31,7852000.0,191017000.0,12967000.0,0.28,102376000.0,0.5359522974394949,1112944000.0,585073000.0,407487000.0,119718000.0,527871000.0,166894000.0,414506000.0,1220493350.0,1418799350.0,21.116432670444294,3.403723750814414,0.24332760677985596,0.4628653176612149,0.010445273318992636,21.116432670444294,0.013420547521420405,6.389448844867211,38.85931450585838,2.0860531079027744,0.7055527254202751,0.5311215502055197,0.004539148042060205,0.17163217556319096,1.7394710903957633,0.00705516180508633,209.8149131854908,0.5359522974394949,-0.12499999999999993,0.15022265184944134,0.058450402902202235,0.017403933932802054,0.09439206379749,-0.1150681843795785,-0.12609516107292087,-0.2612040693967389,-0.026804182808426995,-0.011733779514954697,Medical Devices,Healthcare,CNMD
2015Q3,2015,Q3,2015-10-23,2015-09-30,8873000.0,169184000.0,14838000.0,0.32,93546000.0,0.5529246264422167,1094047000.0,577425000.0,383694000.0,111656000.0,516622000.0,161555000.0,412196000.0,1322445740.0,1518949740.0,20.84491534601639,3.436393924195744,0.2393224422716757,0.4534441702385591,0.011764987231273047,20.84491534601639,0.015366497813568861,7.816612327406847,37.26038938352305,2.2902467679785254,0.624253352868252,0.4681873046330971,0.004188451618438425,0.15464052275633497,1.7018610732965538,0.008110254861080008,132.64250150451355,0.5529246264422167,0.18518518518518512,0.03961028346290694,0.00819323281404374,0.02215330781992644,0.0005133799653468524,0.18925077067417237,0.1950708762886598,-0.0226318738125225,-0.045082160204034924,-0.01603343927347294,Medical Devices,Healthcare,CNMD
2015Q2,2015,Q2,2015-07-27,2015-06-30,7461000.0,181027000.0,12416000.0,0.27,93498000.0,0.5164864909654361,1089386000.0,578094000.0,374266000.0,109882000.0,511292000.0,149180000.0,408863000.0,1609417400.0,1807031400.0,20.9302679217958,3.4060719681112466,0.23851050041032287,0.44945977643774193,0.010117499021745921,20.9302679217958,0.012906205565184901,8.890482635187016,53.927670553545106,2.784006407262487,0.739311084305053,0.5867341466684542,0.003427327180630705,0.16617342245999123,1.746200469594656,0.00684881208313674,246.691814837523,0.5164864909654361,0.1739130434782609,0.07593661424760152,0.053241088685279735,0.05304152983488329,0.013177000931926053,0.18203422053231938,0.1334672265838963,-0.2568004904219604,-0.02126666861219097,-0.0008279653769830749,Medical Devices,Healthcare,CNMD
2015Q1,2015,Q1,2015-04-24,2015-03-31,6312000.0,177940000.0,10954000.0,0.23,92282000.0,0.5186130156232438,1087746000.0,574090000.0,374066000.0,113485000.0,513656000.0,144199000.0,406941000.0,1392160770.0,1584866770.0,20.820730424690822,3.296171300171829,0.23758763534869354,0.45016460833667193,0.008747686604226028,20.820730424690822,0.010994791757389957,7.823765145554681,55.13944748098859,2.424986970684039,0.8729404309252218,0.5940263108620726,0.003957876215690232,0.16358598422793558,1.7154601929770454,0.005802825291933962,129.52742556754745,0.5186130156232438,-0.4390243902439024,-0.08779341499550261,0.067183602182885,0.039231717993794206,-0.09966145350595627,-0.4433371549519358,-0.3590028673415647,-0.35630143103563,-0.06913091539072815,-0.005353013637293322,Medical Devices,Healthcare,CNMD
2014Q4,2014,Q4,2015-02-23,2014-12-31,11339000.0,193467000.0,17089000.0,0.41,102497000.0,0.5297906102849581,1098194000.0,581298000.0,381150000.0,115956000.0,516896000.0,148149000.0,406145000.0,1238063520.0,1413166520.0,21.109706939753785,3.2870226637690156,0.21984731295199209,0.4153377441518808,0.015146144449944677,21.109706939753785,0.019506346142598118,6.39935244770426,27.296576417673517,2.129825872444082,0.4854043566452068,0.6140439692471769,0.004445652352312262,0.17616832727186635,1.692038359377695,0.01032513381060177,55.05930445610602,0.5297906102849581,4.857142857142856,1.4236865493182698,0.07486561761567219,0.06790734481829457,0.07800799326882625,4.75,5.977950183748469,1.4592023728520545,0.06114254322454198,0.03247935389220329,Medical Devices,Healthcare,CNMD
2014Q3,2014,Q3,2014-10-24,2014-09-30,1972000.0,173627000.0,2449000.0,0.07,95080000.0,0.547610682670322,1109515000.0,592718000.0,385374000.0,121755000.0,516797000.0,162099000.0,400316000.0,1011405360.0000001,1194808360.0,21.58949515553289,3.1651595417025993,0.2235364100530412,0.4184401351064081,0.0063193540059698,21.58949515553289,0.003327045913908469,5.825161754796202,128.22076064908723,1.7063854311831261,2.7728194726166326,0.48456190352809086,0.005406338760158439,0.15648909658724758,1.5832368280563427,0.0017773531678255815,91.88746797492506,0.547610682670322,-0.8108108108108107,0.6224597259696287,0.04853972285343201,0.10075161722554242,-0.04594667817256846,-0.8077035592393954,-0.8463613550815559,-0.7520137203718594,0.037421235446115836,0.0037146269955528736,Medical Devices,Healthcare,CNMD
2014Q2,2014,Q2,2014-07-25,2014-06-30,10255000.0,186781000.0,15940000.0,0.37,99659000.0,0.5335606940748792,1097324000.0,602154000.0,385326000.0,104624000.0,495170000.0,157006000.0,403848000.0,1203396550.0,1388999550.0,22.09171955827861,3.682959932711424,0.22419722889502097,0.4085615971993875,0.013412632264777525,22.09171955827861,0.017030527074469323,6.442821004277737,29.336824719648952,1.9984863506677693,0.5306679668454413,0.5548959912360037,0.004522200101039014,0.17021499575330531,1.915545190396085,0.009345462233579143,363.34436896135264,0.5335606940748792,0.1935483870967742,6.758583603178045,0.20988039301664577,0.13925248694236142,-0.015548289589363152,0.1888476698353814,-0.07903859486942455,0.23307537454125415,0.0638871875405932,0.01906286108020136,Medical Devices,Healthcare,CNMD
2014Q1,2014,Q1,2014-04-25,2014-03-31,8626000.0,180592000.0,17308000.0,0.31,101233000.0,0.5605619296535838,1083198000.0,595472000.0,367801000.0,101112000.0,487726000.0,152173000.0,399062000.0,1188314050.0,1374571050.0,21.77308128267944,3.6375603291399634,0.2239433603090109,0.4073659214874923,0.011241930774244553,21.77308128267944,0.01448598758631808,6.580103492956499,34.43989247623464,1.995583419539458,0.6428240204034315,0.5215051290307742,0.004666274879102876,0.1667211350094812,1.865960519028404,0.007963456357932714,91.69089891975308,0.5605619296535838,-0.13888888888888887,1.0415150741766295,0.16841222085942556,0.13962921161167643,-0.07851882868039942,-0.15654639679280336,0.06964958902416414,-0.009044026494582325,0.017248048630084827,0.02376706219478702,Medical Devices,Healthcare,CNMD
2013Q4,2013,Q4,2014-02-24,2013-12-31,10227000.0,201906000.0,16181000.0,0.36,109859000.0,0.5441096351767655,1090508000.0,606319000.0,372132000.0,111265000.0,484189000.0,143211000.0,395889000.0,1174870000.0,1336002000.0,21.93311387642888,3.3445557902305305,0.19768309815242072,0.3555471624672821,0.013697774549466088,21.93311387642888,0.016867358601660182,5.81889592186463,28.719810306052608,1.9377093576153808,0.40363743033147553,0.6427369405981385,0.0035135802258973335,0.1851485729586578,1.7855929537590438,0.009378198050816683,52.407440449638685,0.5441096351767655,0.7999999999999998,0.015387711453967909,0.182894203530452,0.19743762075159826,0.16875006649148377,0.7983119395111659,0.8377058489494605,0.5015455164515217,0.12133747878671373,0.056752183928677015,Medical Devices,Healthcare,CNMD
2013Q3,2013,Q3,2013-10-28,2013-09-30,5687000.0,177828000.0,8805000.0,0.2,93997000.0,0.5285838000764784,1083925000.0,592232000.0,363916000.0,100879000.0,491693000.0,150995000.0,391179000.0,934511280.0,1109790280.0,21.52162221091649,3.607450510016951,0.20768042069331366,0.38010441853868077,0.008253331930684338,21.52162221091649,0.009602655716003187,5.255141372562251,41.08103042025673,1.5779479663375164,0.724986812027431,0.5551905692241464,0.004411931763948317,0.16405932144751711,1.8220640569395017,0.005246672970915884,37.18263955755381,0.5285838000764784,-0.411764705882353,-0.43291465684793096,0.03967013325654102,0.14069786660134448,-0.07401241257019013,-0.403440679744047,-0.43745208280092,-0.3292481264230445,0.06675138248074708,0.05533637183818732,Medical Devices,Healthcare,CNMD
2013Q2,2013,Q2,2013-07-29,2013-06-30,9533000.0,191587000.0,15652000.0,0.34,101510000.0,0.5298376194626984,1083020000.0,584667000.0,358606000.0,99155000.0,498353000.0,148717000.0,389620000.0,876290160.0,1072277160.0,21.190496901163424,3.616620442741163,0.21616405975882255,0.4004159632748214,0.012771451537851815,21.190496901163424,0.01630500780786328,4.573849791478545,22.980440574845275,1.4987850520039612,0.4394209587747823,0.6056940363240249,0.0047803800512834695,0.17690070358811472,1.8303968534113257,0.008802238185813743,64.38102711042539,0.5298376194626984,-0.081081081081081,-0.2048942180760163,0.03252228809320022,0.1373053917360366,0.00403552847619236,-0.09140297369424323,-0.01373660995589162,0.3761807318773327,0.11585229002612682,0.0661341440128074,Medical Devices,Healthcare,CNMD
2013Q1,2013,Q1,2013-04-29,2013-03-31,10492000.0,185434000.0,15870000.0,0.37,101102000.0,0.545218244766332,1082985000.0,597580000.0,353998000.0,97175000.0,485405000.0,156873000.0,384210000.0,951255140.0,1144748140.0,21.24577807800334,3.6428916902495496,0.2085458247344146,0.37794437564844874,0.01419930153124853,21.24577807800334,0.01755748184343519,5.129885242188595,22.666201391536408,1.5918456775661838,0.40564239420510867,0.5375813556188764,0.00447408883383274,0.1712249015452661,1.748968356058657,0.009688038153806379,708.8339344262295,0.545218244766332,-0.026315789473684233,-0.03017573690268929,-0.010776239007800276,0.17122849780037672,-0.057649109398156345,-0.03716619253005414,-0.06734837799717913,0.4864321919172914,0.09022348081845127,0.06044725625643699,Medical Devices,Healthcare,CNMD
2012Q4,2012,Q4,2013-02-25,2012-12-31,10897000.0,201244000.0,17016000.0,0.38,107287000.0,0.5331189998211127,1084462000.0,606998000.0,346187000.0,122508000.0,477464000.0,156228000.0,377907000.0,794003600.0,932135600.0,21.367150098563783,2.82583178241421,0.14924635441352485,0.2666433826800088,0.015440792407940758,21.367150098563783,0.01795228320356904,3.9454771322374826,18.216105350096356,1.3080827284439158,0.3920345049096082,0.6014094784545664,0.00538032825040088,0.18557035654545756,1.330811049074346,0.010048300447595214,27.984478201106686,0.5331189998211127,0.1875,-0.07214476582968557,0.06970185474163403,0.21115296884247656,0.0957380531696506,0.16920600858369098,0.20561144962448633,1.2577955542433295,0.0837925964903632,0.0809309950731771,Medical Devices,Healthcare,CNMD
2012Q3,2012,Q3,2012-10-29,2012-09-30,9320000.0,181885000.0,14114000.0,0.32,97913000.0,0.5383236660527256,1088788000.0,602447000.0,344677000.0,125543000.0,486341000.0,165326000.0,371267000.0,819867540.0,969494540.0,21.18457697447078,2.7454895932071084,0.1556280928886064,0.2812629160739451,0.013346028132754654,21.18457697447078,0.015470240535681978,4.507614921516343,21.992155042918455,1.3608957136478395,0.4572961373390558,0.5079176898975358,0.005198400707509411,0.16705272284411657,1.2265598241240052,0.008559976781522207,34.72102401219667,0.5383236660527256,-0.11111111111111106,0.12075594101653991,0.11124515373249584,0.23848189460599906,-0.01823888019893314,-0.0947940947940948,-0.1725876421620354,6.402689036059266,0.06040334834685256,0.08010665357830689,Medical Devices,Healthcare,CNMD
2012Q2,2012,Q2,2012-07-30,2012-06-30,10296000.0,189695000.0,17058000.0,0.36,99732000.0,0.525749229025541,1061231000.0,593383000.0,337435000.0,135247000.0,467848000.0,159151000.0,366219000.0,783808090.0,935533090.0,20.947611819112506,2.494953677345893,0.15827939440140742,0.2830734955332391,0.014875864824331028,20.947611819112506,0.017351356543749988,4.131938585624292,19.031859217171718,1.3209142998704042,0.0,0.5652682044096486,0.0,0.17874996113004615,1.1263909735520936,0.009701940482326657,38.27935583121703,0.525749229025541,0.0285714285714286,0.09604815261981992,0.11492867494007385,0.23933971103093693,-0.011683562743407558,0.03290529695024077,0.0021149101163200562,6.495364976543958,0.1823419477407085,0.08025175665803454,Medical Devices,Healthcare,CNMD
2012Q1,2012,Q1,2012-05-01,2012-03-31,9968000.0,194316000.0,17022000.0,0.35,100911000.0,0.5193139010683628,1076560000.0,586725000.0,351278000.0,165845000.0,489835000.0,163390000.0,360185000.0,837226230.0,1010943230.0,20.932783902386813,2.118110283698634,0.17943356617373857,0.32923601346457027,0.013959668845755037,20.932783902386813,0.01698921982189271,4.308581022664114,20.99784886637239,1.4269482807107248,0.0,0.5716690127914805,0.0,0.18049713903544623,0.9756399047303205,0.00925912164672661,694.7935518672199,0.5193139010683628,1.3903139174027215,-0.16515152910773997,0.13455522689045252,0.28185419573353976,0.04623024924314685,1.3965942547943024,1.4089172892593749,1.3018923743297726,0.22670459672108487,0.09564703800062958,Medical Devices,Healthcare,CNMD
2011Q4,2011,Q4,2012-02-28,2011-12-31,-25134000.0,185577000.0,-41627000.0,-0.8967141175211388,96452000.0,0.5197411317135205,935594000.0,573071000.0,356724000.0,131184000.0,362523000.0,168438000.0,354439000.0,719504430.0,836965430.0,20.44564558136216,2.719264544456641,0.15338811493019408,0.2504209775054051,-0.033421794122426414,20.44564558136216,-0.04385843987917727,3.8771207100017784,-7.156684471234185,1.2555240624634645,0.0,0.5291264441515573,0.0,0.19835206296748376,1.2325359799975606,-0.026864216743587497,33.61541908054569,0.5197411317135205,-4.092117646624617,-0.06371966291120719,0.09068656857786207,0.29943700496778225,0.05630208846688789,-4.061015710632079,-3.6114805520702635,-3.461152579336169,0.07229457583180841,0.11622933878018614,Medical Devices,Healthcare,CNMD
2011Q3,2011,Q3,2011-11-01,2011-09-30,8211000.0,172814000.0,15940000.0,0.29,91311000.0,0.5283773305403497,999192000.0,609754000.0,370111000.0,232604000.0,389438000.0,174795000.0,379575000.0,652287480.0,787906480.0,21.509595033159307,1.5911635225533525,0.17564392028759238,0.2878242701154892,0.012685593571569849,21.509595033159307,0.013466086323336953,3.774506000671242,19.860171720862258,1.0697551471577063,0.0,0.46627763952058127,0.0,0.17295374662727483,0.7341404275076955,0.008217639853001226,20.138545230009264,0.5283773305403497,-0.03333333333333337,1.424298010441654,0.09697166417884341,0.2955930589303387,-0.0015745448581269477,-0.05403225806451613,-0.045394658042879385,-0.20520397064699908,-0.01922635104617983,0.1400603971822458,Medical Devices,Healthcare,CNMD
2011Q2,2011,Q2,2011-08-09,2011-06-30,8680000.0,183236000.0,16698000.0,0.3,91455000.0,0.4991104368137266,1000165000.0,616709000.0,368182000.0,210347000.0,383456000.0,169254000.0,371365000.0,810199040.0,960577040.0,21.678465973003373,1.750355365182294,0.17468017777066783,0.28329244424842187,0.013196275540456007,21.678465973003373,0.01407470946589072,4.421614966491301,23.33522580645161,1.3137460941870478,0.0,0.5422678341427677,0.0,0.1832057710477771,0.8415903245589431,0.008678568036274014,53.691122597746855,0.4991104368137266,-0.03225806451612906,1.5078849711009323,0.10564619182149688,0.3309487299580745,-0.04451711312633207,-0.03501945525291829,-0.03272895788680994,-0.29784863303166986,-0.042232926280962035,0.16349495486862806,Medical Devices,Healthcare,CNMD
2011Q1,2011,Q1,2011-05-02,2011-03-31,8995000.0,183450000.0,17263000.0,0.31,95716000.0,0.5217552466612156,992403000.0,601044000.0,358017000.0,180505000.0,391359000.0,171211000.0,362685000.0,742699080.0,908132080.0,21.26761261101872,1.9834187418631062,0.18477574130670704,0.30508914488789507,0.013781471719187234,21.26761261101872,0.014965626476597388,4.048509566639411,20.641997776542524,1.2356817138179568,0.0,0.5124320283159376,0.0,0.18485433840889234,0.9152211850087255,0.009063858130215246,44.857104547925346,0.5217552466612156,0.2582091052707166,1.059453298801152,0.1503291638955422,0.3105955846789827,0.05271493461500391,0.29182823495619703,0.2738341204250295,-0.17249272794874526,-0.026000403124900158,0.17243218293771947,Medical Devices,Healthcare,CNMD
2010Q4,2010,Q4,2011-02-28,2010-12-31,6963000.0,184077000.0,13552000.0,0.24638193977566258,90923000.0,0.49394003596321107,985773000.0,586563000.0,350192000.0,179866000.0,399210000.0,172796000.0,354020000.0,746938230.0,930136230.0,20.755210360567567,1.9469605150500928,0.19843817998667035,0.3334935889239519,0.011348019501240697,20.755210360567567,0.011870847632735103,4.057748822503626,26.818118267987934,1.2734151830238183,0.0,0.5390981272714647,0.0,0.1867336597776567,0.8771363125882602,0.00706349230502357,39.15591476200461,0.49394003596321107,-0.20521954911076584,1.4648726871322255,0.19393661868578088,0.2866227320288437,0.021801917220143175,-0.20495546928522493,-0.1085383502170767,-0.40403219316559563,-0.01645899720743556,0.17646642304633772,Medical Devices,Healthcare,CNMD
2010Q3,2010,Q3,2010-11-02,2010-09-30,8758000.0,172195000.0,15202000.0,0.31,88983000.0,0.5167571648421847,1002864000.0,579675000.0,367159000.0,116930000.0,423189000.0,183303000.0,347979000.0,637004250.0,834776250.0,20.393139841688654,3.1399897374497563,0.21368400899822906,0.36968301203260445,0.01352974269069176,20.393139841688654,0.015108465950748265,3.6993190859200324,18.183496517469745,1.098898951998965,0.0,0.45395874590159463,0.0,0.17170324191515499,1.349816129308133,0.008732988720305047,104.85666666666667,0.5167571648421847,0.24,0.14733054922652453,0.190407920341031,0.24438529051090305,-0.05016918757939007,0.1987407610183411,0.028691297875219922,0.05365553939703981,0.05252424550016149,0.19221330208934193,Medical Devices,Healthcare,CNMD
2010Q2,2010,Q2,2010-08-03,2010-06-30,7306000.0,181086000.0,14778000.0,0.25,93683000.0,0.5173398274852833,986745000.0,578392000.0,348996000.0,106732000.0,408353000.0,170816000.0,339362000.0,542133000.0,737217000.0,19.876013745704466,3.269834726230184,0.2063086207682836,0.3519654490380227,0.01163010329145297,19.876013745704466,0.012631571667657921,2.993787482190782,18.550951272926362,0.9373106820287971,0.0,0.511679233795429,0.0,0.18351853822416125,1.4174849154892628,0.007404141900896381,37.06892307692308,0.5173398274852833,0.0,-0.29530645935611816,0.15960611412714254,0.23218509668930587,0.020567569039708047,-0.0017761989342806395,0.08974264434776197,-0.24290851457769103,0.0360570509511923,0.17593992789064117,Medical Devices,Healthcare,CNMD
2010Q1,2010,Q1,2010-05-05,2010-03-31,7319000.0,176365000.0,13561000.0,0.25,91795000.0,0.5204830890482806,992366000.0,584313000.0,353129000.0,105854000.0,408053000.0,168619000.0,332574000.0,694418650.0,893532650.0,20.034733413337904,3.3360005290305517,0.2106924259799308,0.35782876643168987,0.011626276246528896,20.034733413337904,0.012525820921321278,3.9373948912766137,23.719724347588464,1.1884360779239893,0.0,0.5015449030061856,0.0,0.17772172766902533,1.497798855026735,0.007375303063587427,-42.6940454964648,0.5204830890482806,0.47149344096871854,-0.3209973206086197,0.13009327962488773,0.2519612969691556,-0.044120709763412196,0.47709384460141274,0.24572845857064118,-0.4108891836022091,-0.010364867550512769,0.22686056503749832,Medical Devices,Healthcare,CNMD
2009Q4,2009,Q4,2010-02-25,2009-12-31,4955000.0,190633000.0,10886000.0,0.16989542259557688,96032000.0,0.5037532851080349,958413000.0,576515000.0,325610000.0,79107000.0,381898000.0,164275000.0,325370000.0,664962000.0,839233000.0,19.76735813475056,4.116070638502282,0.19236905175534974,0.3197991379235579,0.008793276776808814,19.76735813475056,0.008594746017016036,3.4881788567561753,33.55005045408679,1.1534166500437977,0.0,0.5758697306346066,0.0,0.1989048562571668,1.722477151200273,0.005170004997845396,-130.25700293829578,0.5037532851080349,3.247385564889422,-0.33442582731118115,0.18087753137605891,0.28523591384244384,0.09580537678579579,2.847049689440994,1.176329468212715,1.2015370318392071,0.07676150420451049,0.25632798184475186,Medical Devices,Healthcare,CNMD
2009Q3,2009,Q3,2009-11-02,2009-09-30,1288000.0,175475000.0,5002000.0,0.04,87636000.0,0.49942157002422,951482000.0,570613000.0,316117000.0,80784000.0,380869000.0,164929000.0,320835000.0,557712810.0,728554810.0,19.613412161000927,3.9131139829669244,0.19449553433485867,0.3243161301968234,0.0043901260938641,19.613412161000927,0.0022572216195565122,3.1783035190198032,108.25171001552796,0.9773924008040478,0.0,0.5325867494497633,0.0,0.18442282670612792,1.5326178451178452,0.0013536777364154026,82.82043510543511,0.49942157002422,-0.20000000000000004,-0.22306737822995315,0.35941604122556503,0.24469433983939604,0.13353683774834438,-0.0858765081618169,-0.006554121151936445,-0.6294560446114995,0.08533961498840942,0.18137978044491124,Medical Devices,Healthcare,CNMD
2009Q2,2009,Q2,2009-08-03,2009-06-30,1409000.0,164569000.0,5035000.0,0.05,77312000.0,0.46978471036464947,931046000.0,563437000.0,292905000.0,63911000.0,367609000.0,161994000.0,319744000.0,450949120.0,626649120.0,19.391416574889867,4.5830138786750325,0.20018237552172502,0.3307894227748621,0.0041957462817721995,19.391416574889867,0.0025007232396878445,2.740182658945488,80.01226401703336,0.8003541123497392,0.0,0.5386434065459215,0.0,0.17675710974538314,1.6396864389541705,0.0015133516496499636,168.26459701492539,0.46978471036464947,-0.6666666666666666,-0.8830331848612901,0.2827522809926224,0.23429821818142907,0.012573344509639563,-0.6858416945373467,-0.31459297576912604,-0.6014206512152603,-0.027769336356411232,0.1905354047919287,Medical Devices,Healthcare,CNMD
2009Q1,2009,Q1,2009-05-04,2009-03-31,4485000.0,164062000.0,7346000.0,0.15,76352000.0,0.4653850373639234,927810000.0,554630000.0,288540000.0,65043000.0,373180000.0,159837000.0,318825000.0,418322300.0,596116300.0,19.105408198415432,4.436142244361422,0.20475312833446502,0.3425202387177037,0.007504671697030777,19.105408198415432,0.008086472062456052,2.5497817898111688,23.31785395763657,0.7542366983394335,0.0,0.5487465355330743,0.0,0.17682715211088476,1.586765678089879,0.004833963850357293,-576.996275862069,0.4653850373639234,-0.5883048123286376,-0.6239573693453562,0.23618919764080137,0.23309973555536137,-0.14248812318197643,-0.5759667202420347,-0.4761836851112379,-0.000336772225141376,0.0015045001791394858,0.1773518770677623,Medical Devices,Healthcare,CNMD
2008Q4,2008,Q4,2009-02-24,2008-12-31,10577000.0,179246000.0,14024000.0,0.3643472270065449,89039000.0,0.496741907769211,931661000.0,531734000.0,294262000.0,74914000.0,399927000.0,159976000.0,327471000.0,694978200.0,882542200.0,18.31670685497761,3.9279974370611637,0.21399951269828832,0.37495251385091044,0.012613372224076994,18.31670685497761,0.019891524709723284,3.877231291074836,16.42663798808736,1.3070035017508754,0.0,0.5638783317497624,0.0,0.19239401456109034,1.4460047521157593,0.011352841859861044,-79.8,0.496741907769211,0.012075630573735946,-0.17524397118788834,0.35216346428175366,0.23817034065701376,-0.05965909090909091,0.005513832113318757,-0.20059282904862338,2.6450298641958656,0.13180525682893993,0.13545904889003949,Medical Devices,Healthcare,CNMD
2008Q3,2008,Q3,2008-11-04,2008-09-30,10519000.0,179409000.0,17543000.0,0.36,94688000.0,0.5277773132897458,949726000.0,544579000.0,315920000.0,80764000.0,405147000.0,161401000.0,316877000.0,923648000.0,1113256000.0,18.867066241685144,3.911643801693824,0.23323147939510974,0.40674723042937755,0.015953397063359884,18.867066241685144,0.019315838473389534,5.148281301383989,21.95189656811484,1.6960771531770413,0.0,0.5249100067533659,0.0,0.18890606343303226,1.6391956812441186,0.011075826080364231,65.48372917405176,0.5277773132897458,-0.16279069767441862,0.08665375610007395,0.4897894467458365,0.3232867078023564,-0.061472891267717315,-0.15543958249698916,-0.22554299841073636,0.3570693102879234,0.2214155760753037,0.1512645864494661,Medical Devices,Healthcare,CNMD
2008Q2,2008,Q2,2008-08-05,2008-06-30,12455000.0,192755000.0,22652000.0,0.43,100890000.0,0.523410547067521,938047000.0,534036000.0,306859000.0,76085000.0,404011000.0,161057000.0,307997000.0,760976100.0,971747100.0,18.63219593887377,4.033107708483932,0.2437201973888302,0.4281003527852055,0.01830165010138423,18.63219593887377,0.023322397740976265,3.9478929210656015,15.27451023685267,1.424952812169966,0.0,0.5703881234593964,0.0,0.20548543942894118,1.6319511073141881,0.013277586304310978,149.3574288518155,0.523410547067521,0.13157894736842102,3.5467852971949347,0.5611275605455487,0.3403656990960844,0.03197496010801522,0.13124432334241598,0.07661596958174904,0.21969390055981616,0.2531924520163698,0.1550763874590769,Medical Devices,Healthcare,CNMD
2008Q1,2008,Q1,2008-05-05,2008-03-31,11010000.0,190773000.0,21040000.0,0.38,97764000.0,0.5124624553789058,924850000.0,519250000.0,299628000.0,88287000.0,405600000.0,164613000.0,295793000.0,733945000.0,943246000.0,18.139737991266376,3.3937952359917087,0.2408055360328702,0.4289051516610496,0.01747534738217463,18.139737991266376,0.021203659123736156,3.8472163251613174,16.665417801998185,1.413471352912855,0.0,0.5650161287383135,0.0,0.20627453100502785,1.2724976497106029,0.011904633183759528,49.6613437986332,0.5124624553789058,-0.08082643231367248,-0.23760695812320606,0.630426862573015,0.2933536979027148,0.021759578604126167,-0.06962988000676018,-0.041326832824531826,0.04069518514837629,0.2454757735766716,0.13354390266592805,Medical Devices,Healthcare,CNMD
2007Q4,2007,Q4,2008-02-26,2007-12-31,11834000.0,189568000.0,21947000.0,0.41341484716157206,95682000.0,0.5047370864280891,893951000.0,505002000.0,279022000.0,77284000.0,388949000.0,164969000.0,284850000.0,661523750.0,872662750.0,17.641991266375545,3.6103462553698047,0.24926869593523582,0.4412536980051564,0.019373458107556224,17.641991266375545,0.023433570560116593,3.4896382828325456,13.97506654554673,1.3099428319095767,0.0,0.5691129848638229,0.0,0.21205636550549192,1.2132136017804462,0.01323786203046923,25.957376888365705,0.5047370864280891,0.4255684384881796,0.510727300257853,0.6591781615135535,0.3165644709059056,0.16178149056557956,0.4163973668461999,0.2974107353984394,0.6195742102589253,0.19643274450179085,0.14704861482627796,Medical Devices,Healthcare,CNMD
2007Q3,2007,Q3,2007-11-05,2007-09-30,8355000.0,164448000.0,16916000.0,0.29,82358000.0,0.500814847246546,892072000.0,488732000.0,275523000.0,71477000.0,403340000.0,166712000.0,273049000.0,828016560.0,1065499560.0,17.10527789444211,3.8547085076318255,0.2722807127675793,0.4969881243708208,0.014797151618790128,17.10527789444211,0.017095258751217438,5.035126970227671,24.776078994614,1.6942139250141182,0.0,0.49240606555017036,0.0,0.18434386462079294,1.2604753976803726,0.009365835941493511,254.22676082284312,0.500814847246546,-0.09375000000000008,0.017510541799379328,0.45311102036879963,0.28909510417853335,-0.04078732820871186,-0.10593900481540931,-0.10440491317238458,4.131706547740735,0.29721989524106746,0.08552466046303217,Medical Devices,Healthcare,CNMD
2007Q2,2007,Q2,2007-08-06,2007-06-30,9345000.0,169258000.0,18888000.0,0.32,85860000.0,0.507272920630044,875110000.0,476305000.0,263808000.0,72137000.0,398805000.0,161819000.0,264875000.0,825110400.0,1062258400.0,16.90223562810504,3.657041462772225,0.27542480373895856,0.5060349985828408,0.016901043856965735,16.90223562810504,0.019619781442563062,4.874867953065734,22.07357945425361,1.7323152181900254,0.0,0.5153782930311026,0.0,0.1934133994583538,1.1596684087222924,0.010678657540194947,92.77157634360243,0.507272920630044,-0.23809523809523805,-0.015001407551613522,0.43500812272659073,0.20884211529005586,0.007450865356409504,-0.21615500754906894,-0.187263339070568,-0.20011819963107322,0.3603128742376028,0.07585741549524756,Medical Devices,Healthcare,CNMD
2007Q1,2007,Q1,2007-05-07,2007-03-31,11922000.0,171014000.0,23240000.0,0.42,85225000.0,0.49835101219783173,875286000.0,457030000.0,264346000.0,75510000.0,418256000.0,153841000.0,257897000.0,818060010.0,1073556010.0,16.330081823703864,3.500807840021189,0.29708346757516974,0.5689626501542568,0.02063617941212326,16.330081823703864,0.026085814935562217,4.783585028126352,17.15442060895823,1.7899481653283154,0.0,0.5576471811805696,0.0,0.19538070984798112,1.2215997881075353,0.013620690837052118,111.33097577572129,0.49835101219783173,1.4982215063790107,0.19201220304654765,0.370856915754265,0.4048768104054626,0.03376960492958601,1.5053193743907092,1.6548877053568913,0.03684643873360054,0.33659334972976257,0.053974841536060074,Medical Devices,Healthcare,CNMD
