Quarters,Year,Quarter,FillingDate,Date,NetIncome,Revenue,OperatingIncome,EPSDiluted,GrossProfit,GrossProfitRatio,TotalAssets,CommonStockEquity,CurrentAssets,CurrentLiability,TotalLiability,Inventory,RetainedEarnings,MarketCap,EnterpriseValue,bookValuePerShare,currentRatio,debtToAssets,debtToEquity,roic,shareholdersEquityPerShare,roe,priceToSalesRatio,peRatio,pbRatio,payoutRatio,inventoryTurnover,dividendYield,assetTurnover,quickRatio,returnOnAssets,priceToFreeCashFlowsRatio,grossProfitMargin,epsdilutedGrowth,fiveYNetIncomeGrowthPerShare,fiveYRevenueGrowthPerShare,fiveYShareholdersEquityGrowthPerShare,grossProfitGrowth,netIncomeGrowth,operatingIncomeGrowth,threeYNetIncomeGrowthPerShare,threeYRevenueGrowthPerShare,threeYShareholdersEquityGrowthPerShare,Industry,Sector,Symbol
2023Q1,2023,Q1,2023-05-05,2023-03-31,-9776000.0,62381000.0,-9212000.0,-0.94,27399000.0,0.4392202754,592715000.0,417671000.0,238621000.0,42298000.0,175044000.0,64183000.0,-178658000.0,1014271800.0,998494800.0,40.199326275264674,5.641425126483521,0.18462836270382899,0.26200526251523326,-0.016403961164257318,40.199326275264674,-0.023405982220455812,16.259306519613343,-25.937801759410803,2.428398907273907,0.0,0.5450352897184613,0.0,0.1052461975823119,3.8240105915173292,-0.016493593042187223,-91.82254209668659,0.4392202754043699,-1.5405405405405403,-4.10083772322575,0.3013894465604878,1.7166772785891111,-0.015097595168769545,-1.5392207792207793,-2.503993914035755,-0.3465898054541563,0.48228172832570787,0.12411598242376544,Medical Devices,Healthcare,HSKA
2022Q4,2022,Q4,2023-02-28,2022-12-31,-3850000.0,66338000.0,-2629000.0,-0.37,27819000.0,0.4193524074,585816000.0,422208000.0,265034000.0,39577000.0,163608000.0,60050000.0,-168533000.0,645158640.0,591609640.0,40.67906349359283,6.696667256234682,0.17594090977371735,0.24411901242989237,-0.006158479555962528,40.67906349359283,-0.00911872820979233,9.725325454490639,-41.893418181818184,1.5280587767166895,0.0,0.6414487926727727,0.0,0.11324033484916765,4.890315081992066,-0.006572029442691903,-175.50561479869424,0.41935240736832585,-48.333333333333336,-1.4714399042639117,0.37265944835921166,1.8873062887875676,0.03508706652775711,-48.35897435897436,-11.111538461538462,-0.6129936963169933,0.42228154536344087,0.9801409855332623,Medical Devices,Healthcare,HSKA
2022Q3,2022,Q3,2022-11-08,2022-09-30,-78000.0,61492000.0,260000.0,-0.0075,26876000.0,0.4370649841,570067000.0,407899000.0,262814000.0,36591000.0,162168000.0,57477000.0,-164312000.0,756034560.0,700226560.0,39.34211033950617,7.182476565275614,0.18465548786370725,0.25806878663590743,4.271723686510685e-05,39.34211033950617,-0.00019122380785439533,12.294844207376569,-2423.1876923076925,1.8534847106759273,0.0,0.6022582946221967,0.0,0.10786802253068499,5.3124265529775085,-0.00013682602220440755,-297.1833962264151,0.43706498406296757,0.9840425531914894,-1.0174206145409113,0.3472378247084853,1.7800818168780084,-0.016539812646370024,0.9840490797546012,1.0469144713099965,0.8179640830346476,0.4242081866550312,0.9202199960739689,Medical Devices,Healthcare,HSKA
2022Q2,2022,Q2,2022-08-08,2022-06-30,-4890000.0,64677000.0,-5542000.0,-0.47,27328000.0,0.4225304204,586789000.0,417287000.0,272871000.0,39457000.0,169502000.0,55799000.0,-163876000.0,978083990.0,914444990.0,40.32148033626437,6.9156550168537905,0.18454504089204127,0.25950724561273175,-0.008430464058145798,40.32148033626437,-0.01171855341767177,15.12259365771449,-50.00429396728016,2.3439119598741396,0.0,0.6693489130629581,0.0,0.11022190259190272,5.401956560306156,-0.00833348955075845,3349.602705479452,0.4225304203967407,0.49462365591397855,-2.002150944633549,0.28664803675580586,1.9514112813570061,-0.06234345513810259,0.4908901613742842,0.5161515627728305,-13.67720135727829,0.6622051354230637,1.4555946193299418,Medical Devices,Healthcare,HSKA
2022Q1,2022,Q1,2022-05-09,2022-03-31,-9605000.0,64800000.0,-11454000.0,-0.93,29145000.0,0.4497685185,601671000.0,428595000.0,272749000.0,40531000.0,173076000.0,55222000.0,-158630000.0,1420550440.0,1356561440.0,41.72052954346345,6.729392316991932,0.18075493085091354,0.2537477105425868,-0.017054932412174886,41.72052954346345,-0.022410434092791563,21.922074691358024,-36.97424362311296,3.314435399386367,0.0,0.6456665821592843,0.0,0.10770005534586177,5.078310429054304,-0.015963873944398185,-78.9238535474193,0.4497685185185185,-84.3211009174312,-2.422858903951641,0.45559758197034267,2.155436283730202,0.04807968929804373,-85.53153153153153,-3.867828304292393,-9.567542813381419,0.5943159788995553,1.5659723596782065,Medical Devices,Healthcare,HSKA
2021Q4,2021,Q4,2022-02-28,2021-12-31,-111000.0,68068000.0,-2353000.0,-0.0109,27808000.0,0.4085326438,604072000.0,435854000.0,319555000.0,43926000.0,168218000.0,49361000.0,-148644000.0,1863587880.0,1745683880.0,42.68057187622405,7.274848609024268,0.1749294786051994,0.2424435705534422,-0.0018715913072826981,42.68057187622405,-0.00025467243618275843,27.378325791855204,-4197.27,4.275715904867226,0.0,0.8156236705091063,0.0,0.11268193195513118,5.867686563766334,-0.000183752930114291,9317.9394,0.40853264382676147,0.9426315789473685,-1.0218776363338749,0.17154333293254376,2.410519971713218,0.10156868958960545,0.9415173867228662,0.032881216605014384,-1.023046488004916,0.4383686656043211,1.5630867326922286,Medical Devices,Healthcare,HSKA
2021Q3,2021,Q3,2021-11-04,2021-09-30,-1898000.0,60240000.0,-2433000.0,-0.19,25244000.0,0.41905710491367865,597194000.0,434842000.0,311620000.0,37934000.0,162352000.0,45036000.0,-148090000.0,2635815300.0,2518945300.0,42.652476704266796,8.214794116096378,0.17754699477891606,0.24383569204446673,-0.002942752089851711,42.652476704266796,-0.004364803767805318,43.75523406374502,-347.18325869336144,6.06154718265485,0.0,0.7770672351008082,0.0,0.10087174352053102,6.69291400854115,-0.003178196699899865,-1131.7369257191929,0.41905710491367865,-2.166666666666667,-1.3821846271385896,0.21445465824440174,2.672910070496888,-0.07436198298621297,-2.3474426807760143,-2.505763688760807,0.18743061204711708,0.3913451387176357,1.7857626965475284,Medical Devices,Healthcare,HSKA
2021Q2,2021,Q2,2021-08-04,2021-06-30,-567000.0,64928000.0,-694000.0,-0.06,27272000.0,0.4200344997535732,579366000.0,433766000.0,330843000.0,41481000.0,145600000.0,41204000.0,-146192000.0,2335664910.0,2179893910.0,42.66410937346316,7.975772040211181,0.15427553567175153,0.20606041045171822,-0.0002306645349011684,42.66410937346316,-0.0013071563930782957,35.97315349310005,-1029.8346164021164,5.384619610573443,0.0,0.9138918551596932,0.0,0.11206732876972415,6.712326125213953,-0.0009786559791220058,422.1335459967468,0.4200344997535732,-1.3157894736842106,-1.1480456784077047,0.426840740117265,2.775360335395277,0.0707499018453082,-1.3030464991982897,-1.6817288801571708,-1.2124324518547636,0.5557389624423101,1.804632869968203,Medical Devices,Healthcare,HSKA
2021Q1,2021,Q1,2021-05-06,2021-03-31,1871000.0,60503000.0,1018000.0,0.19,25470000.0,0.42097086094904385,569573000.0,425273000.0,322762000.0,37786000.0,144300000.0,39357000.0,-145625000.0,1596663880.0,1448081880.0,44.86948723359359,8.541840893452601,0.15779013401267264,0.21133013381992274,0.00817339899699666,44.86948723359359,0.004399526892137521,26.389829925788803,213.34365045430255,3.7544445097619645,0.0,0.8901339024824046,0.0,0.10622518974740727,7.232281797491134,0.0032849169465546998,1485.2687255813953,0.42097086094904385,-0.24,0.08123080448661255,0.527567382503343,3.449617419577497,-0.04154436667419282,-0.240973630831643,0.4992636229749632,-0.3494353268455611,0.38366418805907665,2.0322875471784343,Medical Devices,Healthcare,HSKA
2020Q4,2020,Q4,2021-02-26,2020-12-31,2465000.0,64322000.0,679000.0,0.25,26574000.0,0.41314013867727994,399839000.0,287053000.0,171275000.0,42115000.0,112786000.0,40037000.0,-150861000.0,1332260550.0,1300884550.0,31.382201814802666,4.0668407930666035,0.13745032375531152,0.19145593322487484,0.003934156466074945,31.382201814802666,0.008587264372781333,20.712362022325177,135.1177028397566,4.641165742911588,0.0,0.9428278842071084,0.0,0.16086975007440496,2.9017689659266295,0.0061649814050155185,183.8868944099379,0.41314013867727994,1.4385964912280702,-0.12473086889280043,0.5572127173164086,2.2553946285031725,0.1354469321483507,1.4723127035830619,2.3448275862068964,2.7954903757832863,0.5102081246223976,1.227436447010436,Medical Devices,Healthcare,HSKA
2020Q3,2020,Q3,2020-11-05,2020-09-30,-5219000.0,56636000.0,203000.0,-0.57,23404000.0,0.41323539798008335,383875000.0,274882000.0,166227000.0,33519000.0,108993000.0,39348000.0,-153326000.0,901261170.0,874757170.0,30.130658774525923,4.959187326590889,0.15110126994464343,0.21101418063023406,0.0017283994418726889,30.130658774525923,-0.01898632867921508,15.913220742990324,-43.17211965893849,3.278720214492037,0.0,0.8445664328555453,0.0,0.14753760989905568,3.4695545809839197,-0.013595571475089547,186.82860074626865,0.41323539798008335,0.20833333333333337,-3.5648168396655215,0.40485985875296454,2.2311042996939174,0.3100475790652113,0.17901525876986,1.045577009429726,-2.3246876249835164,0.41018319751539256,1.1291612439381606,Medical Devices,Healthcare,HSKA
2020Q2,2020,Q2,2020-08-07,2020-06-30,-6357000.0,45712000.0,-4454000.0,-0.72,17865000.0,0.390816415820791,376899000.0,270047000.0,158382000.0,32854000.0,106852000.0,40772000.0,-148107000.0,817659920.0,794956920.0,30.771080218778486,4.820782857490716,0.14987038967999383,0.2091709961599277,-0.012946376804079215,30.771080218778486,-0.023540346680392673,17.88720511025551,-32.15588799748309,3.0278430051065186,0.0,0.6829932306484843,0.0,0.12128448204956765,3.3501552322396053,-0.016866587600391617,-96.8791374407583,0.390816415820791,-0.0285714285714286,-4.802143519692576,0.36874041862392665,2.416048784624094,0.3284503271861987,-0.20215582450832073,0.035513209181463834,-2.5363079038077005,0.07236316999424854,1.2523506711524217,Medical Devices,Healthcare,HSKA
2020Q1,2020,Q1,2020-05-08,2020-03-31,-5288000.0,30654000.0,-4618000.0,-0.7,13448000.0,0.4387029425197364,350981000.0,270638000.0,245660000.0,21906000.0,80343000.0,29056000.0,-141750000.0,418510400.0,277002400.0,35.76083509513742,11.214279192915184,0.14170852553272115,0.1837768532135177,-0.011024530770587782,35.76083509513742,-0.01953901521589725,13.652717426763228,-19.785854765506805,1.5463844692910824,0.0,0.5921668502202643,0.0,0.0873380610346429,9.591116589062358,-0.015066342622535122,-84.19038422852545,0.4387029425197364,-2.043478260869565,-8.22217292313349,0.0935612047692546,3.0724012329908517,-0.15047378395451674,-2.060185185185185,-6.958709677419355,-2.063339820688345,-0.06530560719230803,1.704688503009865,Medical Devices,Healthcare,HSKA
2019Q4,2019,Q4,2020-02-28,2019-12-31,-1728000.0,33767000.0,775000.0,-0.23,15830000.0,0.46880090028726273,244424000.0,154364000.0,139867000.0,32199000.0,90060000.0,26601000.0,-136444000.0,720893160.0,680077160.0,20.543518764972053,4.3438305537439055,0.19725558864923248,0.312339664688658,0.00531770199545849,20.543518764972053,-0.011194319919152134,21.349043740930494,-104.29588541666666,4.670086030421601,0.0,0.6742979587233563,0.0,0.1381492815762773,3.355601105624398,-0.007069682191601479,115.3429056,0.46880090028726273,-4.75,-2.6688828220293566,0.11150641840448454,1.326089906084316,0.15851873536299765,-4.574193548387097,3.0155440414507773,-1.4628718543803667,-0.21014483954130792,0.6415918990118513,Medical Devices,Healthcare,HSKA
2019Q3,2019,Q3,2019-11-06,2019-09-30,-310000.0,31237000.0,193000.0,-0.04,13664000.0,0.43742997086788105,224011000.0,153683000.0,129751000.0,15227000.0,70328000.0,26215000.0,-134716000.0,531595870.00000006,496627870.00000006,20.48833488868151,8.52111381099363,0.20328019606180053,0.296304731167403,0.0002610082475742382,20.48833488868151,-0.0020171391760962503,17.018147389313956,-428.70634677419355,3.45904146847732,0.0,0.6703414075910739,0.0,0.13944404515849668,6.423655349051028,-0.001383860613987706,267.53692501258183,0.43742997086788105,-0.3333333333333334,-1.482480178731205,0.1437954752864718,1.390458741273569,0.10087012568482114,-0.2863070539419087,1.3409893992932862,-1.084841192571595,-0.1440789169081972,0.7643010993737472,Medical Devices,Healthcare,HSKA
2019Q2,2019,Q2,2019-08-07,2019-06-30,-241000.0,28146000.0,-566000.0,-0.03,12412000.0,0.4409862857954949,162844000.0,122922000.0,60489000.0,15385000.0,39922000.0,28977000.0,-134406000.0,629422880.0,633865880.0,16.420251135452844,3.9316867078323043,0.08864311856746333,0.11743219277265257,-0.0010790986051070236,16.420251135452844,-0.001960592896308228,22.3627826334115,-652.9282987551867,5.1205063373521424,0.0,0.5429823653242226,0.0,0.1728402643020314,1.6994475138121548,-0.0014799439954803371,-97.1631491200988,0.4409862857954949,-1.3,-1.1787653760671308,-0.026083016568963273,0.8859317520277089,-0.010444072390975046,-1.296068796068796,-6.546666666666667,-1.0854619344425747,-0.15995382269607542,0.45303314060452016,Medical Devices,Healthcare,HSKA
2019Q1,2019,Q1,2019-05-08,2019-03-31,814000.0,29511000.0,-75000.0,0.1,12543000.0,0.425027955677544,162780000.0,121277000.0,60536000.0,22790000.0,41503000.0,27388000.0,-134165000.0,632896150.0,631514150.0,16.259150020109935,2.656252742430891,0.04741983044600074,0.06364768257790018,0.008901328353997436,16.259150020109935,0.006711907451536565,21.44610992511267,194.37842444717444,5.218599981859709,0.0,0.6195414049948883,0.0,0.18129377073350533,1.2517770952172005,0.005000614326084286,1283.765010141988,0.425027955677544,-0.7727272727272727,2.336419649640255,0.11692565537272977,0.9009921248067029,-0.1893097207859359,-0.7652148831843092,-1.0226244343891402,-0.40226990176992294,-0.0532321749822184,0.6123874289082382,Medical Devices,Healthcare,HSKA
2018Q4,2018,Q4,2019-03-07,2018-12-31,3467000.0,34065000.0,3315000.0,0.44,15472000.0,0.4541905181271099,156452000.0,122409000.0,62407000.0,20363000.0,34043000.0,25104000.0,-134979000.0,632921100.0,625563100.0,16.652020133315194,3.064725236949369,0.038548564415923095,0.04926925307779657,0.027144305213828948,16.652020133315194,0.02832308081922081,18.579806252752093,45.63896019613499,5.170543832561331,0.0,0.7406389420012747,0.0,0.21773451282182393,1.6123360997888327,0.02216015135632654,167.3508989952406,0.4541905181271099,2.9130434782608696,1.338948445856146,0.15082658370482369,0.923909691379046,0.04582939029336217,3.0760479041916167,1.9221140472879,0.5318307611326688,0.026193009110795053,0.7273771042461139,Medical Devices,Healthcare,HSKA
2018Q3,2018,Q3,2018-11-07,2018-09-30,-1670000.0,30955000.0,-3595000.0,-0.23,14794000.0,0.4779195606525602,144120000.0,111601000.0,58043000.0,24128000.0,32519000.0,27639000.0,-138446000.0,804268260.0,801051260.0,15.310879407326107,2.4056283156498672,0.041763807937829585,0.053933208483794945,-0.014398523225927296,15.310879407326107,-0.014964023619860036,25.98185301243741,-120.39944011976048,7.2066402630800805,0.0,0.5847172473678498,0.0,0.2147862892034416,1.0634946949602122,-0.011587565917291147,470.60752486834406,0.4779195606525602,-1.9583333333333333,-6.538624961503407,0.4061902010024098,0.8241923848561709,0.13233830845771144,-1.8803373748023195,-2.631125226860254,-2.0272005786346337,-0.038961107855695204,0.6418840575411489,Medical Devices,Healthcare,HSKA
2018Q2,2018,Q2,2018-08-08,2018-06-30,1897000.0,29662000.0,2204000.0,0.24,13065000.0,0.4404625446699481,138027000.0,109922000.0,62078000.0,19575000.0,28105000.0,28873000.0,-136776000.0,749986540.0,742330540.0,15.212012178245226,3.1712899106002554,0.04360741014439204,0.054757009515838506,0.017074498837313545,15.212012178245226,0.017257691817834465,25.284422493425932,98.83850026357408,6.822897509142847,0.0,0.5748276936930696,0.0,0.21489998333659358,1.4951213282247764,0.013743687829192839,-5208.239861111111,0.4404625446699481,-0.14285714285714296,1.683882657926369,0.304683952480223,0.797079557959196,-0.018185917186443225,-0.1197215777262181,0.17797969000534475,0.37797799693439693,0.07867336954024128,0.6887602041825351,Medical Devices,Healthcare,HSKA
2018Q1,2018,Q1,2018-05-09,2018-03-31,2155000.0,32765000.0,1871000.0,0.28,13307000.0,0.40613459484205705,137720000.0,105090000.0,62888000.0,23434000.0,32630000.0,30301000.0,-138674000.0,561555140.0,555429140.0,14.79724021402422,2.6836220875650763,0.04356665698518734,0.05709391949757351,0.019357301887358597,14.79724021402422,0.020506232752878484,17.138871967037996,65.14560788863108,5.343563992768103,0.0,0.6421570245206429,0.0,0.2379102526866105,1.2256123581121448,0.015647690967179786,146.54361691022964,0.40613459484205705,2.866666666666667,5.360511816710757,0.3483863406573264,0.5799559482433897,-0.19692214846107423,3.014018691588785,-0.736218807274778,2.136347432396923,0.2455654968767818,0.6850920604101868,Medical Devices,Healthcare,HSKA
2017Q4,2017,Q4,2018-03-09,2017-12-31,-1070000.0,33195000.0,7093000.0,-0.15,16570000.0,0.49917156198222623,135787000.0,100440000.0,62912000.0,25726000.0,35347000.0,32596000.0,-143463000.0,571817090.0,568158090.0,14.088932529106467,2.4454637331882143,0.0441868514658988,0.05973715651135006,-0.010094450476995802,14.088932529106467,-0.010653126244524094,17.226000602500378,-133.60212383177569,5.69312116686579,0.0,0.5100319057553074,0.0,0.2444637557350851,1.0665863328927934,-0.007879988511418618,214.96883082706768,0.49917156198222623,-1.375,-3.068866042281409,0.353018971582956,0.5460860427544693,0.2226075407658821,-1.3470645475186507,0.8774483853890948,-2.0892020749445726,0.15168774625009093,0.5952536718946118,Medical Devices,Healthcare,HSKA
2017Q3,2017,Q3,2017-11-03,2017-09-30,3083000.0,31428000.0,3778000.0,0.4,13553000.0,0.4312396589028891,135646000.0,101027000.0,56972000.0,24802000.0,34619000.0,30013000.0,-142265000.0,628874510.0,627764510.0,14.151421767754588,2.29707281670833,0.0465402592041048,0.06248824571649163,0.028676276525048738,14.151421767754588,0.030516594573727816,20.01000731831488,50.99533814466429,6.224816237243509,0.0,0.595575250724686,0.0,0.23169131415596478,0.8441657930812031,0.02272827801778158,873.4368194444445,0.4312396589028891,-0.09090909090909087,73.20045699677827,0.39313203813603637,0.5651962220646058,-0.09216960278652288,-0.075007500750075,-0.17149122807017544,4.041654618250191,0.20914277337370515,0.6511048872432298,Medical Devices,Healthcare,HSKA
2017Q2,2017,Q2,2017-08-04,2017-06-30,3333000.0,34336000.0,4560000.0,0.44,14929000.0,0.43479147250698974,126409000.0,96575000.0,47988000.0,19535000.0,29834000.0,26068000.0,-144385000.0,721532830.0,721838830.0,13.661762625548167,2.4565139493217303,0.03190437389742819,0.04176028993010614,0.03041329154822476,13.661762625548167,0.034512037276727935,21.013887173811742,54.12037428742874,7.471217499352835,0.0,0.7444759858830751,0.0,0.27162622914507667,0.9320194522651651,0.026366793503627115,342.12082977714556,0.43479147250698974,-0.2786885245901639,8.586470440229839,0.4161592643424222,0.49241673173437556,0.1302142478613067,-0.27653570653353593,0.6355810616929699,1.6181439375944269,0.2581916461137469,0.5691082743891399,Medical Devices,Healthcare,HSKA
2017Q1,2017,Q1,2017-05-05,2017-03-31,4607000.0,30382000.0,2788000.0,0.61,13209000.0,0.4347640050029623,133565000.0,92698000.0,54914000.0,29993000.0,40867000.0,24920000.0,-147524000.0,736014780.0,724650780.0,13.22179432320639,1.8308938752375554,0.006131845917717965,0.00883514207426266,0.04501203927834493,13.22179432320639,0.04969902263263501,24.22535646106247,39.94002496201433,7.939920818140629,0.0,0.6891252006420546,0.0,0.2274697712724142,0.8833727869836295,0.03449256916108262,507.24657477601653,0.4347640050029623,0.326086956521739,4.9229938081644695,0.18964367597426068,0.42219799169067884,-0.17700934579439254,0.3342021430640023,-0.5720644666155027,19.089777076498834,0.22336862994313697,0.5458696705019623,Medical Devices,Healthcare,HSKA
2016Q4,2016,Q4,2017-03-06,2016-12-31,3453000.0,39542000.0,6515000.0,0.46,16050000.0,0.4058975266804916,130844000.0,86975000.0,55273000.0,32414000.0,43869000.0,20395000.0,-151827000.0,497619999.99999994,487575999.99999994,12.514388489208633,1.7052199666810637,0.005732016752774296,0.00862316757688991,0.053753347619656715,12.514388489208633,0.03970106352400115,12.584593596682007,36.02809151462496,5.721414199482609,0.0,1.151850943858789,0.0,0.3022072085842683,0.9795458752390942,0.02639020512977286,185.47148714125976,0.4058975266804916,0.02222222222222224,4.403588798382781,0.9316032934374847,0.3599731829144749,0.169995626184575,0.031670152375261426,0.4503561887800534,1.4639109307286542,0.4129335646527024,0.44586381131629993,Medical Devices,Healthcare,HSKA
2016Q3,2016,Q3,2016-11-04,2016-09-30,3347000.0,33430000.0,4492000.0,0.45,13718000.0,0.4103499850433742,124312000.0,79791000.0,47965000.0,17398000.0,44521000.0,19776000.0,-156460000.0,373988530.0,366873530.0,11.612720128074516,2.7569260834578686,0.01688493468048137,0.02630622501284606,0.040950684343222105,11.612720128074516,0.041947086764171394,11.187212982351182,27.93460785778309,4.687101678134126,0.0,0.9967637540453075,0.0,0.2689201364309158,1.5259225198298656,0.02692419074586524,442.58997633136096,0.4103499850433742,0.2857142857142858,7.8611823646889505,0.4476207411841154,0.2692516794480293,0.08169058508121747,0.32712133227597145,0.26321709786276715,10.77576693433403,0.6110077778493274,0.38358059400319283,Medical Devices,Healthcare,HSKA
2016Q2,2016,Q2,2016-08-08,2016-06-30,2522000.0,29965000.0,3556000.0,0.35,12682000.0,0.4232270982813282,119625000.0,75658000.0,42687000.0,15576000.0,43967000.0,18076000.0,-159805000.0,248853150.0,242825150.0,11.30067214339059,2.740562403697997,0.005358411703239289,0.00847233603848899,0.03628448849124532,11.30067214339059,0.03333421449152767,8.304793926247289,24.668234536082473,3.2891848846123346,0.0,0.9561296747067936,0.0,0.250491118077325,1.492295839753467,0.02108254963427377,550.5600663716814,0.4232270982813282,1.0588235294117645,3.314316670561492,0.342692793319685,0.2390589491894241,0.10837266212200664,1.1264755480607083,0.8050761421319796,1.9813111153718779,0.42254675064849867,0.33501121759086083,Medical Devices,Healthcare,HSKA
2016Q1,2016,Q1,2016-05-10,2016-03-31,1186000.0,27146000.0,1970000.0,0.17,11442000.0,0.4214985633242467,110092000.0,65505000.0,40184000.0,17455000.0,44587000.0,18613000.0,-162545000.0,185136000.0,179945000.0,10.083897783251231,2.3021483815525636,0.00898339570541002,0.015098084115716358,0.020385108415103246,10.083897783251231,0.01810548813067705,6.8200103145951525,39.02529510961214,2.826288069613007,0.0,0.8437113845161983,0.0,0.24657559132362025,1.1533085075909482,0.010772808196780875,-120.06225680933852,0.4214985633242467,-0.39285714285714285,0.042823800202207184,0.12093804417965323,0.12550032430178434,-0.06481405803024111,-0.41547560374568754,-0.4474053295932679,3.623671960744276,0.22136274484866203,0.07669498188089888,Medical Devices,Healthcare,HSKA
2015Q4,2015,Q4,2016-03-15,2015-12-31,2029000.0,29759000.0,3565000.0,0.28,12235000.0,0.41113612688598405,109719000.0,63528000.0,41262000.0,18803000.0,46191000.0,16101000.0,-163992000.0,254901200.0,248382200.0,9.640060698027314,2.1944370579162897,0.0033813651236340105,0.0058399445913612895,0.03743051689181453,9.640060698027314,0.03193867271124543,8.565516314392285,31.407244948250366,4.012422868656341,0.0,1.0883796037513198,0.0,0.2712292310356456,1.2409721852895814,0.01849269497534611,202.30253968253967,0.41113612688598405,0.4000000000000001,4.922369008301349,0.5735310516494126,0.10128821284944561,0.05501422781753902,0.43392226148409896,0.6643323996265172,3.2439850049346406,0.31217798373376415,0.05787739885437476,Medical Devices,Healthcare,HSKA
2015Q3,2015,Q3,2015-11-16,2015-09-30,1415000.0,28034000.0,2142000.0,0.2,11597000.0,0.4136762502675323,106032000.0,59159000.0,41275000.0,19393000.0,46873000.0,17702000.0,-166368000.0,193365120.0,189371120.0,9.325189155107187,2.1283452792244626,0.01826807001659876,0.032742270829459595,0.021930075478784727,9.325189155107187,0.02391859226829392,6.8975215809374335,34.163448763250884,3.2685664057877926,0.0,0.9285391481188566,0.0,0.26439188169609174,1.0522353426494095,0.0133450279161008,-114.41723076923077,0.4136762502675323,0.1764705882352941,3.8345321223569298,0.30895482373232463,0.07586612605811807,0.12625036418374283,0.1821219715956558,0.17113176599234553,38.29040234867591,0.39841093747505857,0.031398192715128,Medical Devices,Healthcare,HSKA
2015Q2,2015,Q2,2015-08-07,2015-06-30,1197000.0,23910000.0,1829000.0,0.17,10297000.0,0.4306566290255123,102906000.0,56596000.0,38807000.0,18403000.0,46310000.0,16836000.0,-167750000.0,186542270.0,181567270.0,9.007798822218685,2.108732271912188,0.01624783783258508,0.029542723867411125,0.020634354099039902,9.007798822218685,0.0211499045868966,7.801851526557925,38.960373851294904,3.296032758498834,0.0,0.8085649798051794,0.0,0.2323479680485103,1.0249959245775144,0.011631974811964317,240.08014157014156,0.4306566290255123,0.8888888888888891,7.023247145978326,0.31408005671801753,0.052810327246342346,0.021122570408568027,1.0016722408026757,0.791380999020568,2.8735440234341305,0.10951427842960604,-0.01598424399231117,Medical Devices,Healthcare,HSKA
2015Q1,2015,Q1,2015-05-14,2015-03-31,598000.0,22894000.0,1021000.0,0.09,10084000.0,0.44046475058967416,100352000.0,54277000.0,37124000.0,17884000.0,46075000.0,15711000.0,-168929000.0,159346180.0,155633180.0,8.781265167448632,2.075821963766495,0.020079320790816327,0.03712438049265803,0.011961767390654998,8.781265167448632,0.011017558081692061,6.9601720974927925,66.61629598662208,2.9357956408791943,0.0,0.8153523009356501,0.0,0.22813695790816327,1.0111272645940506,0.0059590242346938774,-79.87277192982457,0.44046475058967416,-0.25,2.524615586895031,0.09189988637665963,0.023872434726591826,0.0041824337781318464,-0.27864897466827504,-0.41790193842645385,-0.1279417924572209,0.01681850866947901,-0.055446077864857564,Medical Devices,Healthcare,HSKA
2014Q4,2014,Q4,2015-03-25,2014-12-31,829000.0,24323000.0,1754000.0,0.12,10042000.0,0.41286025572503393,96844000.0,53132000.0,34400000.0,15052000.0,43712000.0,12658000.0,-169511000.0,109070080.0,103631080.0,8.831781914893616,2.2854105766675525,0.004295568130188757,0.007829556576074682,0.02005865805569586,8.831781914893616,0.01560265000376421,4.484236319532952,32.892062726176114,2.0528133704735376,0.0,1.128219307947543,0.0,0.2511564991119739,1.2401009832580387,0.0085601586055925,67.53565325077399,0.41286025572503393,0.4999999999999999,0.5625530830827938,0.21494197579355162,0.022471593525171214,0.20740651677287483,0.6159844054580896,4.1436950146627565,0.49870867768595045,0.37262979683972913,-0.04022585107041847,Medical Devices,Healthcare,HSKA
2014Q3,2014,Q3,2014-11-10,2014-09-30,513000.0,21805000.0,341000.0,0.08,8317000.0,0.38142627837651916,97084000.0,51331000.0,34770000.0,17040000.0,45753000.0,12088000.0,-170452000.0,78994910.0,75487910.0,8.57087994656871,2.040492957746479,0.023134605084256934,0.04375523562759346,0.0002505776144687779,8.57087994656871,0.009993960764450333,3.622788809905985,38.49654483430799,1.5389318345639087,0.0,1.1158173395102582,0.0,0.22459931605619876,1.1431338028169014,0.005284083886119237,385.3410243902439,0.38142627837651916,-0.5294117647058824,-0.3990980098776874,-0.029301361959841996,0.0008288537648157367,-0.08372810399911865,-0.520112254443405,-0.6281352235550709,0.5581847971280681,0.0832785576373587,-0.06321657229730106,Medical Devices,Healthcare,HSKA
2014Q2,2014,Q2,2014-08-05,2014-06-30,1069000.0,22916000.0,917000.0,0.17,9077000.0,0.3960987956013266,97117000.0,51683000.0,35226000.0,16974000.0,45434000.0,12666000.0,-170467000.0,63812000.0,60558000.0,8.706704851752022,2.0752916224814424,0.030993543869765335,0.058239653270901456,0.014117091046497002,8.706704851752022,0.020683783836077628,2.7846046430441613,14.923292797006548,1.2346806493431108,0.0,1.0926101373756514,0.0,0.23596280774735628,1.1401555319901024,0.011007341660059516,-27.950941743320193,0.3960987956013266,4.666666666666667,0.6177402948666025,0.07785150503685304,0.03644321229791071,0.09638845271168016,4.567708333333333,10.07920792079208,1.0625350197880234,0.1581315117312547,-0.045355848959483795,Medical Devices,Healthcare,HSKA
2014Q1,2014,Q1,2014-05-14,2014-03-31,192000.0,20793000.0,-101000.0,0.03,8279000.0,0.3981628432645602,94026000.0,50206000.0,33016000.0,15425000.0,43820000.0,12345000.0,-171244000.0,61869799.99999999,57059799.99999999,8.552981260647359,2.140421393841167,0.014783145087528982,0.027685933952117277,-0.004567537535209447,8.552981260647359,0.003824244114249293,2.9755109892752367,80.55963541666665,1.2323188463530255,0.0,1.0136897529364115,0.0,0.22114096101078426,1.1343922204213939,0.0020419883861910538,15.831576253838278,0.3981628432645602,-0.85,-0.6301713947115029,-0.08526935953317868,0.037815202378522296,-0.2042483660130719,-0.836873406966865,-1.036660617059891,-0.8131748287123483,-0.049831052798675286,-0.04537080903432499,Medical Devices,Healthcare,HSKA
2013Q4,2013,Q4,2014-03-31,2013-12-31,1177000.0,23504000.0,2755000.0,0.2,10404000.0,0.4426480599046971,93553000.0,50521000.0,33911000.0,17706000.0,43032000.0,11687000.0,-171110000.0,50898640.00000001,50181640.00000001,8.655302381360288,1.9152264769004856,0.05664168973736812,0.10488707666119039,0.03201501114435547,8.655302381360288,0.02329724273074563,2.165530973451328,10.81109600679694,1.0074749114229726,0.0,1.1209035680670831,0.0,0.2512372665761654,1.0519033096125607,0.012581103759366349,-63.862785445420336,0.4426480599046971,4.0,1.5617429821524382,0.3569654593609748,0.058652804733744,0.4048069133135296,3.883817427385892,35.733333333333334,2.8786947364177817,0.4031189300677053,-0.01121136164729838,Medical Devices,Healthcare,HSKA
2013Q3,2013,Q3,2013-11-14,2013-09-30,241000.0,17595000.0,75000.0,0.04,7406000.0,0.42091503267973857,90433000.0,48899000.0,29445000.0,18655000.0,41534000.0,13569000.0,-172869000.0,33790800.0,32361800.0,8.393237212495709,1.578397212543554,0.05434962900711024,0.10051330293053028,0.0013936893745122086,8.393237212495709,0.004928526145728951,1.9204774083546463,35.05269709543568,0.6910325364526881,0.0,0.7509027931314025,0.0,0.19456393130826136,0.7507906727418923,0.0026649563765439605,-46.099317871759894,0.42091503267973857,1.1052631578947367,-0.6286569022745703,-0.2786534745087954,-0.025061652548349012,0.4752988047808765,1.1081687612208257,1.0209614309670207,-0.10338139375214547,-0.10541511897187426,-0.031655073725868926,Medical Devices,Healthcare,HSKA
2013Q2,2013,Q2,2013-08-14,2013-06-30,-2228000.0,18261000.0,-3578000.0,-0.38,5020000.0,0.27490279831334535,88745000.0,49130000.0,29396000.0,17224000.0,39615000.0,14300000.0,-173610000.0,39757400.0,37759400.0,8.46485182632667,1.7066883418485834,0.03844723646402614,0.06944840219824955,-0.04628031013468118,8.46485182632667,-0.04534907388560961,2.1771754011280873,-4.461108617594255,0.8092285772440464,0.0,0.9259440559440559,0.0,0.20576933911769676,0.80138179284719,-0.025105639754352357,-19.97859296482412,0.27490279831334535,-4.428571428571428,-3.9738644571518456,-0.2821921931142047,-0.008639132948985172,-0.3565752371186875,-4.772020725388601,-4.24633431085044,-11.136441743416244,0.08644178533125779,-0.01064803985356769,Medical Devices,Healthcare,HSKA
2013Q1,2013,Q1,2013-05-15,2013-03-31,-386000.0,18979000.0,-682000.0,-0.07,7802000.0,0.41108593708836083,89564000.0,51951000.0,32089000.0,19909000.0,37613000.0,15082000.0,-170595000.0,50755050.0,51852050.0,9.365603028664143,1.611783615450299,0.07319905319101425,0.12619583838617157,-0.00611500319283639,9.365603028664143,-0.007430078343054032,2.674274197797566,-32.872441709844566,0.9769792689264885,0.0,0.7410820846041639,0.0,0.21190433656379795,0.7737204279471596,-0.004309767317225671,262.97953367875647,0.41108593708836083,-2.0,-0.5851401778207465,-0.1963606168117022,0.11614104708240831,0.05375472717450027,-1.9922879177377892,-1.9472222222222222,-0.09659700107349611,0.008637349330787289,0.09200469326303289,Medical Devices,Healthcare,HSKA
2012Q4,2012,Q4,2013-03-15,2012-12-31,389000.0,18453000.0,720000.0,0.07,7404000.0,0.40123557145179645,66826000.0,48862000.0,32955000.0,14389000.0,17964000.0,12483000.0,-170032000.0,43432200.0,40200200.0,9.112644535621037,2.2902911946625895,0.03818872893783857,0.05222872579918955,0.008329577172247735,9.112644535621037,0.007961196840080226,2.353666070557633,27.912724935732648,0.8888747902255331,1.3778920308483291,0.8851237683249219,0.012341074133937494,0.27613503726094635,1.169504482590868,0.005821087600634484,-21.825226130653267,0.40123557145179645,12.703125000000002,-0.9877018644807867,-0.11601257184604619,0.0939720946256246,0.1008028545941124,13.15625,27.666666666666668,-0.17735801858488884,0.03415681177720908,0.05498757434808317,Medical Devices,Healthcare,HSKA
2012Q3,2012,Q3,2012-11-13,2012-09-30,-32000.0,16906000.0,-27000.0,-0.005981308411214953,6726000.0,0.39784691825387436,62978000.0,48371000.0,28980000.0,10909000.0,14607000.0,12316000.0,-170421000.0,48257000.0,42540000.0,9.041308411214953,2.6565221376844805,0.0,0.0,-0.0016238129157026843,9.041308411214953,-0.0006615534101010937,2.8544303797468356,-377.0078125,0.9976432159765148,-16.6875,0.82656706722962,0.011065752118863586,0.2684429483311633,1.3304610871757265,-0.0005081139445520658,-34.079802259887,0.39784691825387436,-1.1196261682242992,-1.030301946732666,-0.16879564927402388,2.809177754413505,-0.16426441351888668,-1.1221374045801527,-1.0704960835509139,-1.0419601262877196,-0.15750035805626597,0.055761180898709455,Medical Devices,Healthcare,HSKA
2012Q2,2012,Q2,2012-08-14,2012-06-30,262000.0,18271000.0,383000.0,0.05,8048000.0,0.4404794483060588,63186000.0,48764000.0,29728000.0,10517000.0,14422000.0,11688000.0,-169852000.0,59662399.99999999,52038399.99999999,9.154120518115262,2.8266615955120282,0.0,0.0,0.004676792119372711,9.154120518115262,0.005372816011811992,3.265415138744458,56.92977099236641,1.2234927405463045,0.0,0.8746577686516085,0.0,0.28916215617383595,1.494627745554816,0.004146488146108315,29.046932814021417,0.4404794483060588,-0.5454545454545454,-0.7574348725946525,-0.1300893805768821,3.37163314506843,-0.098061190182674,-0.5513698630136986,-0.6460258780036968,-0.5581818175923288,-0.04237906460456766,0.08970342248921095,Medical Devices,Healthcare,HSKA
2012Q1,2012,Q1,2012-05-11,2012-03-31,584000.0,19175000.0,1082000.0,0.11,8923000.0,0.4653455019556714,63944000.0,48938000.0,30672000.0,11022000.0,15006000.0,12764000.0,-169581000.0,59904320.00000001,53896320.00000001,9.296732522796352,2.7827980402830703,0.0,0.0,0.013736182038410738,9.296732522796352,0.011933466835587887,3.1240844850065193,25.643972602739726,1.2240859863500757,0.0,0.8031964901284864,0.0,0.2998717627924434,1.4220649609871168,0.009132991367446516,-113.88653992395439,0.4653455019556714,0.1963636363636363,-0.7645697958167963,-0.18530301385544543,4.10320802113045,0.3534051266494767,0.2066115702479339,1.6135265700483092,0.2543950707017311,-0.05933785637245265,0.12806167236646396,Medical Devices,Healthcare,HSKA
2011Q4,2011,Q4,2012-02-28,2011-12-31,484000.0,15505000.0,414000.0,0.0919452887537994,6593000.0,0.42521767171880037,61894000.0,48439000.0,28891000.0,9289000.0,13455000.0,12401000.0,-169633000.0,38427200.0,32095200.0,9.201937689969604,3.110237915814404,0.0,0.0,0.006545358758673638,9.201937689969604,0.009991948636429323,2.478374717832957,19.84876033057851,0.7933111748797457,0.0,0.718651721635352,0.0,0.25050893463017415,1.5362256432339325,0.007819820984263419,-32.10292397660819,0.42521767171880037,0.8389057750759878,-0.48156531580918194,-0.26712138512534833,5.92777179110145,-0.03427567013329427,0.6805555555555556,0.014705882352941176,1.2561417468330938,-0.007403823487244279,0.12551320742423888,Medical Devices,Healthcare,HSKA
2011Q3,2011,Q3,2011-11-14,2011-09-30,288000.0,17608000.0,408000.0,0.05,6827000.0,0.3877214902317129,63022000.0,47933000.0,30088000.0,10889000.0,15089000.0,11500000.0,-170116000.0,44950620.0,37427620.0,9.14926512693262,2.7631554780053267,0.0,0.0,0.0051936902038756776,9.14926512693262,0.006008386706444412,2.552852112676056,39.01963541666667,0.9377802349112303,0.0,0.9374782608695652,0.0,0.279394497159722,1.5034438424097714,0.0045698327568150805,23.935367412140575,0.3877214902317129,-0.4444444444444444,-0.6792581281415028,-0.08933788556553328,8.368750849356092,-0.08595528183157049,-0.36980306345733044,-0.5400225479143179,-0.5065162196736052,-0.19723804030304512,0.06275674062551334,Medical Devices,Healthcare,HSKA
2011Q2,2011,Q2,2011-08-05,2011-06-30,457000.0,17447000.0,887000.0,0.09,7469000.0,0.42809652089184386,61823000.0,47736000.0,28418000.0,9708000.0,14087000.0,11419000.0,-170404000.0,50999572.6,45292572.6,9.120366832250669,2.9272764730119487,0.0,0.0,0.011398232785915377,9.120366832250669,0.009573487514663985,2.9231141514300454,27.89910973741794,1.0683671149656444,0.0,0.8738068132060601,0.0,0.2822088866603044,1.5216316440049444,0.007392070912120085,15.128915040047463,0.42809652089184386,-0.4705882352941177,0.45284822619297677,-0.09636654460651854,10.851759857445781,-0.09990359122680163,-0.5010917030567685,-0.42402597402597403,-0.3235808888751188,-0.23950201538588778,0.06813148725450752,Medical Devices,Healthcare,HSKA
2011Q1,2011,Q1,2011-05-05,2011-03-31,916000.0,19505000.0,1540000.0,0.17,8298000.0,0.42542937708279926,64148000.0,46876000.0,30109000.0,12751000.0,17272000.0,11422000.0,-170862000.0,34216756.800000004,32028756.800000004,8.959480122324159,2.361304995686613,0.052675063914697264,0.07208379554569502,0.018503391438010247,8.959480122324159,0.019540916460448844,1.7542556677774932,9.338634497816596,0.7299419063059989,0.0,0.9811766765890387,0.0,0.3040624805138118,1.3260920712101012,0.014279478705493545,-137.97079354838712,0.42542937708279926,2.2700000000000005,4.671917264852277,0.06783271079073838,13.056428814135234,0.34992679355783307,2.3676470588235294,1.2383720930232558,4.988102148791643,-0.12436266391719146,0.06774155326026672,Medical Devices,Healthcare,HSKA
2010Q4,2010,Q4,2011-03-18,2010-12-31,272000.0,15015000.0,688000.0,0.05198776758409786,6147000.0,0.4093906093906094,63048000.0,45798000.0,27279000.0,12660000.0,17250000.0,11901000.0,-171778000.0,25950720.0,23537720.0,8.753440366972477,2.154739336492891,0.04883580763862454,0.06723001004410672,0.006647070992264028,8.753440366972477,0.005939123979213066,1.7283196803196803,23.851764705882353,0.5666343508450151,0.0,0.7451474665994454,0.0,0.23815188427864484,1.1341232227488152,0.004314173328257835,15.969673846153846,0.4093906093906094,0.12983871991066784,-0.7693789298542294,-0.12708027929052282,12.488095847864766,-0.06764750492947065,0.12863070539419086,0.8849315068493151,-0.9911871241628076,-0.26283701875144766,0.05084966894132891,Medical Devices,Healthcare,HSKA
2010Q3,2010,Q3,2010-11-15,2010-09-30,241000.0,17635000.0,365000.0,0.046013441270811056,6593000.0,0.37385880351573575,64433000.0,45277000.0,28358000.0,14366000.0,19156000.0,10894000.0,-172050000.0,23506650.0,22750650.0,8.667611080268776,1.9739663093415007,0.07742926761131719,0.11018839587428496,0.0036231678114254113,8.667611080268776,0.005322790820946617,1.3329543521406295,24.384491701244812,0.5191741944033395,0.0,1.0135854598861758,0.0,0.273695156208775,1.1610051510510928,0.003740319401548896,56.779347826086955,0.37385880351573575,2.454749804444321,-0.8137478793588466,-0.130402389641721,21.71406529120198,0.1275867966478536,2.4606060606060605,2.763285024154589,-0.7662707047939987,-0.11198978432447557,2.6517359887772196,Medical Devices,Healthcare,HSKA
2010Q2,2010,Q2,2010-07-21,2010-06-30,-165000.0,15107000.0,-207000.0,-0.03162979718590653,5847000.0,0.38703912093731385,63261000.0,44633000.0,27495000.0,14124000.0,18628000.0,12726000.0,-172291000.0,32342920.0,32361920.0,8.555955986657976,1.9466864910790145,0.0882534262815953,0.12508681916967265,-0.002067360794680052,8.555955986657976,-0.003696816257029552,2.140922751042563,-49.00442424242425,0.7246414088230683,0.0,0.7276441929907277,0.0,0.23880431861652518,0.9309685641461343,-0.0026082420448617634,-23.20152080344333,0.38703912093731385,0.5015583531679545,0.7957836784298205,-0.13425765937313655,77.75455323704267,-0.05769540692989525,0.5015105740181269,0.5758196721311475,-1.1559933831009868,-0.26551031021802846,3.085974256620521,Medical Devices,Healthcare,HSKA
2010Q1,2010,Q1,2010-05-06,2010-03-31,-331000.0,17694000.0,-488000.0,-0.06345737236632733,6205000.0,0.35068384763196564,64311000.0,44736000.0,28340000.0,14815000.0,19575000.0,13022000.0,-172127000.0,42772020.0,41426020.0,8.576522689365618,1.9129260884238948,0.06191786786086362,0.08901108726752503,-0.005015992809027396,8.576522689365618,-0.0073989628040057225,2.4173177348253647,-32.305151057401815,0.9560984442060085,0.0,0.8822761480571341,0.0,0.275131781499277,0.9113061086736416,-0.005146864455536378,63.272218934911244,0.35068384763196564,-1.7195652173913043,0.7604581222792499,-0.02361338541117526,31.105065033163562,-0.06480783722682742,-1.7195652173913043,-1.5687645687645688,-1.1346626937479753,-0.2413233256961231,3.7078669064056347,Medical Devices,Healthcare,HSKA
2009Q4,2009,Q4,2010-02-22,2009-12-31,460000.0,17358000.0,858000.0,0.08818849331876306,6635000.0,0.38224449821407996,64134000.0,45055000.0,28493000.0,14107000.0,19079000.0,12018000.0,-171796000.0,27514927.5,26696927.5,8.637679492341022,2.0197774154674986,0.07144416378208127,0.10169792475862835,0.01067292165281014,8.637679492341022,0.01020974364665409,1.5851438817836156,14.953764945652175,0.6106964265897237,0.0,0.8922449658845065,0.0,0.27065207222378146,1.0365066988020133,0.0071724826145258365,15.457824438202246,0.38224449821407996,-0.11811506681236941,1.781742703341818,-0.04554851766706836,15.536852459648617,-0.10579514824797843,-0.38088829071332436,-0.25970664365832613,-0.5027480548198535,-0.17200076687899837,5.502964304229415,Medical Devices,Healthcare,HSKA
2009Q3,2009,Q3,2009-10-28,2009-09-30,743000.0,19550000.0,1159000.0,0.1,7420000.0,0.379539641943734,65992000.0,44637000.0,29530000.0,16360000.0,21355000.0,12849000.0,-172256000.0,22934120.0,23888120.0,8.563781823763023,1.8050122249388754,0.09936052854891501,0.14689607276474673,0.014352434512310197,8.563781823763023,0.016645383874364317,1.173100767263427,7.7167294751009425,0.5137916974707082,0.0,0.9440423379251304,0.0,0.2962480300642502,0.9191320293398533,0.011258940477633653,15.496027027027028,0.379539641943734,0.0,1.7980378253511167,0.15404956070305345,14.624441525334307,0.05532641160574598,0.28324697754749567,0.14752475247524752,-0.16829180673776625,0.016279103688970727,7.769222131174441,Medical Devices,Healthcare,HSKA
2009Q2,2009,Q2,2009-08-10,2009-06-30,579000.0,18629000.0,1010000.0,0.1,7031000.0,0.37742229856675075,65974000.0,43693000.0,28591000.0,17084000.0,22281000.0,13013000.0,-172999000.0,19244440.0,21670440.0,8.400561408905638,1.673554202762819,0.11747051868918058,0.17737395006065046,0.011731400812790544,8.400561408905638,0.013251550591627949,1.0330366632669494,8.309343696027634,0.4404467534845398,0.0,0.8912625835702759,0.0,0.28236881195622515,0.8207679700304379,0.008776184557552975,4.670980582524272,0.37742229856675075,0.0,1.3929580316313614,-0.01389260033306283,10.989336055658043,-0.046385460463854604,0.25869565217391305,-0.00688298918387414,0.8523061794705552,-0.029062561164204158,9.916385088154053,Medical Devices,Healthcare,HSKA
2009Q1,2009,Q1,2009-05-11,2009-03-31,460000.0,20141000.0,1017000.0,0.1,7373000.0,0.36606921205501214,69538000.0,42864000.0,31278000.0,21179000.0,26674000.0,13611000.0,-173578000.0,12638673.0,19236673.0,8.241333564053757,1.4768402663015252,0.15823003250021572,0.25669559537140724,0.010193337424438962,8.241333564053757,0.010731616274729376,0.6275097065686908,6.868844021739131,0.294855193169093,0.0,0.9380648005289839,0.0,0.28964019672696945,0.7595731620945276,0.006615088153239955,13.179012513034412,0.36606921205501214,1.278580610605249,1.216915575319911,0.13124765616068151,7.460168302897754,0.6984565768256162,1.2463845741831816,1.3456832087015635,2.854931073882102,0.10920246651120508,11.929736658271006,Medical Devices,Healthcare,HSKA
2008Q4,2008,Q4,2009-03-16,2008-12-31,-1867000.0,15434000.0,-2942000.0,-0.35896252715771665,4341000.0,0.2812621485033044,70438000.0,42523000.0,31290000.0,22228000.0,27915000.0,15249000.0,-174038000.0,13007951.1,20495951.1,8.175770510084405,1.4076840021594386,0.17310258667196685,0.2867389412788373,-0.032571668874436716,8.175770510084405,-0.04390565105942666,0.8428113969158999,-1.7418252678093196,0.30590388965971355,0.0,0.7274575381992262,0.0,0.2191146824157415,0.6396886809429548,-0.0265055793747693,-4.961079748283753,0.2812621485033044,-4.589625271577167,-2.2371432269660416,-0.3277291758689219,5.00715229560814,-0.4703513909224012,-4.235701906412478,-3.6794171220400727,-2.592380784988065,-0.09739030119921249,11.597969672158206,Medical Devices,Healthcare,HSKA
2008Q3,2008,Q3,2008-11-10,2008-09-30,577000.0,21686000.0,1098000.0,0.1,8196000.0,0.37793968458913585,72180000.0,44592000.0,32716000.0,22279000.0,27588000.0,15033000.0,-172171000.0,33668050.0,38598050.0,8.608992798810743,1.4684680640962342,0.14358548074258798,0.2324183710082526,0.012199196586706594,8.608992798810743,0.012939540724793685,1.552524670294199,14.587543327556325,0.7550244438464297,0.0,0.8973591432182532,0.0,0.300443336104184,0.7397998114816643,0.00799390412856747,10.365778940886699,0.37793968458913585,0.0,1.448050830200851,0.28834318856289926,7.569288981908671,-0.04375218760938047,-0.13363363363363365,-0.2077922077922078,-0.550288889593269,0.07843989998422575,21.560452091444226,Medical Devices,Healthcare,HSKA
2008Q2,2008,Q2,2008-08-11,2008-06-30,666000.0,22615000.0,1386000.0,0.1,8571000.0,0.3789962414326774,73354000.0,44055000.0,32707000.0,23650000.0,29299000.0,15459000.0,-172748000.0,61914000.0,70020000.0,8.538618083147592,1.3829598308668076,0.19438612754587345,0.32366360231528774,0.013136436778026872,8.538618083147592,0.015117466802860061,2.737740437762547,23.24099099099099,1.4053796390875044,0.0,0.9084675593505401,0.0,0.30829947923766937,0.6892600422832981,0.009079259481418873,38.100923076923074,0.3789962414326774,3.2779203539823007,1.5152426591724004,0.4230988886894691,5.857667128851215,0.1079369183040331,3.9469026548672566,7.2152466367713,1.8334137367393448,0.3103488777423668,77.59496395828101,Medical Devices,Healthcare,HSKA
2008Q1,2008,Q1,2008-05-12,2008-03-31,-226000.0,21918000.0,-223000.0,-0.043899691148190596,7736000.0,0.3529519116707729,75283000.0,43198000.0,34127000.0,24769000.0,32085000.0,16373000.0,-173414000.0,81854790.0,91787790.0,8.391056894776714,1.3778109733941621,0.20769629265571243,0.3619612019074957,-0.002202091318233786,8.391056894776714,-0.005231723690911616,3.7345921160689843,-90.54733407079645,1.8948745312282975,0.0,0.8661821291150064,0.0,0.2911414263512347,0.6548104485445516,-0.0030020057649137255,-73.41236771300449,0.3529519116707729,-1.0074417992031348,0.9152289162690918,0.5335185925770056,4.935688892632996,0.1182422665510263,-1.0074417992031348,-1.4223484848484849,0.8342853784065818,0.22545015520995643,30.41079864894619,Medical Devices,Healthcare,HSKA
2007Q4,2007,Q4,2008-03-03,2007-12-31,30369000.0,20042000.0,528000.0,5.8990695596433635,6918000.0,0.3451751322223331,75591000.0,42883000.0,35127000.0,25195000.0,32708000.0,16395000.0,-173188000.0,94210230.0,103225230.0,8.32986927215866,1.3942051994443343,0.1923377121615007,0.3390387799361052,0.7486212339312033,8.32986927215866,0.708182729753049,4.700640155673087,0.7755460337844513,2.196913229018492,0.0,0.8004879536444037,0.0,0.26513738408011533,0.6583846001190713,0.40175417708457356,-21.161327493261457,0.3451751322223331,28.495347798216816,25.091240868239456,0.014256019187685211,3.3242965216118336,-0.09069400630914827,29.00889328063241,-0.5339805825242718,53.29202145554597,0.11659110811873709,14.947549256023025,Medical Devices,Healthcare,HSKA
2007Q3,2007,Q3,2007-11-13,2007-09-30,1012000.0,19491000.0,1133000.0,0.2,7608000.0,0.3903340003078344,40454000.0,12169000.0,30059000.0,20264000.0,28285000.0,13014000.0,-203557000.0,110741040.0,115480040.0,2.3735590707835144,1.4833695223055665,0.24835615761111385,0.8256224833593557,0.04967398571311228,2.3735590707835144,0.08316213328950613,5.68164999230414,27.356976284584984,9.100258032706057,0.0,0.913093591516828,0.0,0.4818064962673654,0.8008290564547966,0.02501606763237257,-128.1725,0.3903340003078344,0.0,1.3046783873270464,0.7102498585890108,0.4200796058872897,-0.08348391760028913,-0.02032913843175218,-0.06363636363636363,2.1050698567168906,0.16973201695641818,3.3305090754972144,Medical Devices,Healthcare,HSKA
2007Q2,2007,Q2,2007-08-14,2007-06-30,1033000.0,20087000.0,1210000.0,0.2,8301000.0,0.4132523522676358,38613000.0,10668000.0,29141000.0,18895000.0,27945000.0,12273000.0,-204570000.0,120232560.0,124468560.0,2.093981863149217,1.5422598571050543,0.25165099836842514,0.9108548931383577,0.05834078386866334,2.093981863149217,0.09683164604424446,5.985590680539652,29.097909002904164,11.270393700787402,0.0,0.9603194003096227,0.0,0.5202133996322482,0.8520772691188145,0.026752648071892884,2268.5388679245284,0.4132523522676358,-0.5,1.3494202026427122,0.5418988509648754,-0.08071715505569693,-0.19874517374517375,-0.5685045948203843,-0.5433962264150943,1.7157500550676303,0.08553346675504968,1.9885445781199835,Medical Devices,Healthcare,HSKA
2007Q1,2007,Q1,2007-05-15,2007-03-31,2394000.0,22715000.0,2650000.0,0.4,10360000.0,0.4560862865947612,38257000.0,9255000.0,29394000.0,19468000.0,29002000.0,10876000.0,-205602000.0,84332980.0,88999980.0,1.821742810463949,1.509862338196014,0.29325352223122564,1.2122096164235547,0.12544991396217342,1.821742810463949,0.2586709886547812,3.7126559542152764,8.80670217209691,9.112153430578067,0.0,1.1359874954027216,0.0,0.5937475494680712,0.9032771727963839,0.06257678333376898,71.71171768707482,0.4560862865947612,1.255405105438402,1.5793210841138805,1.1040777198855343,-0.35281791802047524,0.25911521633446766,1.6570477247502775,1.1015067406819985,2.1557473238564975,0.30615659971145937,0.870116123965983,Medical Devices,Healthcare,HSKA
