Quarters,Year,Quarter,FillingDate,Date,NetIncome,Revenue,OperatingIncome,EPSDiluted,GrossProfit,GrossProfitRatio,TotalAssets,CommonStockEquity,CurrentAssets,CurrentLiability,TotalLiability,Inventory,RetainedEarnings,MarketCap,EnterpriseValue,bookValuePerShare,currentRatio,debtToAssets,debtToEquity,roic,shareholdersEquityPerShare,roe,priceToSalesRatio,peRatio,pbRatio,payoutRatio,inventoryTurnover,dividendYield,assetTurnover,quickRatio,returnOnAssets,priceToFreeCashFlowsRatio,grossProfitMargin,epsdilutedGrowth,fiveYNetIncomeGrowthPerShare,fiveYRevenueGrowthPerShare,fiveYShareholdersEquityGrowthPerShare,grossProfitGrowth,netIncomeGrowth,operatingIncomeGrowth,threeYNetIncomeGrowthPerShare,threeYRevenueGrowthPerShare,threeYShareholdersEquityGrowthPerShare,Industry,Sector,Symbol
2023Q1,2023,Q1,2023-05-04,2023-03-31,22685000.0,15576000.0,-4545000.0,0.19,8320000.0,0.5341551104,2399324000.0,2361417000.0,2144294000.0,30252000.0,30252000.0,0.0,-1735586000.0,2272301200.0,143613200.0,21.522211082756108,70.88106571466349,0.0,0.0,-0.001837466482971869,21.522211082756108,0.009606520152942069,145.88477144324602,25.04189111747851,0.962261726751353,20.728631254132686,0.0,0.20693955537232475,0.006491828531703096,70.88106571466349,0.0094547464202417,98.33396226415094,0.5341551104262968,0.11764705882352934,-0.8634857193506094,-0.6998646940351355,-0.215981072147449,-0.05465288035450517,0.08670658682634731,-0.5267047363117232,-0.9405438538668858,-0.07862403110535841,-0.2772956088013203,REIT—Office,Real Estate,EQC
2022Q4,2022,Q4,2023-02-09,2022-12-31,20875000.0,15787000.0,-2977000.0,0.17,8801000.0,0.5574840058,2854885000.0,2816528000.0,2598231000.0,31153000.0,31153000.0,0.0,-1283395000.0,2739084150.0,156862150.0,25.675992524727654,83.402272654319,0.0,0.0,-0.0010385152655836057,25.675992524727654,0.007411607482687905,173.50251156014443,32.803402994011975,0.9725037883521839,5.400431137724551,0.0,0.041157552607502035,0.005529819940207749,83.402272654319,0.007312028330388089,83.87433475212053,0.5574840058275796,0.8888888888888891,2.097027267879056,-0.7502491706430559,-0.032739581217732655,-0.027836076438749587,0.7124692370795734,0.03375527426160337,0.45361402177696586,-0.32379111884838385,-0.033443888996859836,REIT—Office,Real Estate,EQC
2022Q3,2022,Q3,2022-10-26,2022-09-30,12190000.0,15126000.0,-3081000.0,0.09,9053000.0,0.5985058839,2968520000.0,2823453000.0,2708588000.0,137925000.0,137925000.0,0.0,-1302041000.0,2711389800.0,19035800.0,25.366811913211446,19.638122167844845,0.0,0.0,-0.0010891672114174532,25.366811913211446,0.004317408506534374,179.25358984529947,55.606845775225594,0.9603098758860161,0.16382280557834292,0.0,0.000736522649749586,0.005095468448924043,19.638122167844845,0.0041064234029078465,147.06241796387698,0.5985058839085019,8.0,-0.5908078560806129,-0.7832424296514584,-0.05290040694361013,0.011621410213431669,3.209254143646409,-0.023588039867109636,-0.4399800231038436,-0.3791493369038299,-0.03982942766352497,REIT—Office,Real Estate,EQC
2022Q2,2022,Q2,2022-08-02,2022-06-30,2896000.0,15541000.0,-3010000.0,0.01,8949000.0,0.5758316711,2968480000.0,2938429000.0,2707463000.0,22658000.0,22658000.0,0.0,-1200386000.0,3083497650.0,391994650.0,26.234802017767063,119.49258540030011,0.0,0.0,-0.00100701254982961,26.234802017767063,0.000985560651627111,198.4105044720417,266.1859159185083,1.0493694589864178,0.6895718232044199,0.0,0.0006476411616529041,0.0052353392982267015,119.49258540030011,0.0009755834635907939,279.5555439709882,0.5758316710636381,-0.13043478260869562,1.5522249843612885,-0.8120652465577255,-0.009272058423781357,-0.26363860775117254,1.2191570881226053,-10.53256704980843,-0.986967529958882,-0.49218528493056385,-0.11841112351730383,REIT—Office,Real Estate,EQC
2022Q1,2022,Q1,2022-05-05,2022-03-31,1305000.0,16686000.0,-261000.0,0.0115,12153000.0,0.7283351312,3000018000.0,2972977000.0,2737573000.0,19751000.0,19751000.0,0.0,-1200669000.0,3208605400.0,486676400.0,26.138359416212413,138.6042732013569,0.0,0.0,-8.725588817780104e-05,26.138359416212413,0.00043895395087146654,192.29326381397578,614.6753639846744,1.0792567180977184,2.650574712643678,0.0,0.0010780384524691007,0.005561966628200231,138.6042732013569,0.0004349973900156599,1100.3447873799726,0.7283351312477526,1.8394160583941606,-0.9402344109790918,-0.817198542539173,-0.013117684522214521,0.5554844489952643,1.7971899816737935,-3.1048387096774195,-0.9933530032252346,-0.5714720560363415,-0.059716055356559314,REIT—Office,Real Estate,EQC
2021Q4,2021,Q4,2022-02-10,2021-12-31,-1637000.0,14395000.0,124000.0,-0.0137,7813000.0,0.542757902,3081383000.0,3048728000.0,2816547000.0,26113000.0,26113000.0,0.0,-1200343000.0,3089481500.0,288483500.0,25.55835184641824,107.85995481177957,0.0,0.0,4.132911872260452e-05,25.55835184641824,-0.0005369452440493216,214.62184786384162,-471.8206322541234,1.0133673781327819,-1.2199144777031155,0.0,0.0006463867804354873,0.004671603627332273,107.85995481177957,-0.0005312549592179875,553.6705197132617,0.5427579020493227,0.6575,-1.139944341423658,-0.8542946575391475,-0.019971584819181352,0.004370741740583622,0.417022792022792,1.0283040401734764,-1.1083748164362246,-0.657720465043257,-0.022337941030691415,REIT—Office,Real Estate,EQC
2021Q3,2021,Q3,2021-10-28,2021-09-30,-2808000.0,13881000.0,-4381000.0,-0.04,7779000.0,0.5604063107845256,3244603000.0,3205313000.0,2977037000.0,32769000.0,32769000.0,0.0,-1197271000.0,3174496200.0,212932200.0,26.232203944676325,90.84918673136195,0.0,0.0,-0.001382514757018889,26.232203944676325,-0.000876045490721187,228.69362437864706,-282.6296474358974,0.9903857127213473,-0.7111823361823362,0.0,0.0006290761979806434,0.004278181336823026,90.84918673136195,-0.0008654371582594234,427.9450256133729,0.5604063107845256,-0.3333333333333334,-1.0333938065367467,-0.875595202826866,0.0012062053933831944,-0.06130083262941957,-0.45041322314049587,-0.2393210749646393,-1.0854618389582407,-0.7046955093522896,0.008820102539924024,REIT—Office,Real Estate,EQC
2021Q2,2021,Q2,2021-07-29,2021-06-30,-1936000.0,14875000.0,-3535000.0,-0.03,8287000.0,0.5571092436974789,3256268000.0,3225297000.0,2981098000.0,24432000.0,24432000.0,0.0,-1192382000.0,3201351800.0,235563800.0,26.395968540539656,122.01612639161755,0.0,0.0,-0.0011138212698581043,26.395968540539656,-0.0006002547982402861,215.21692773109243,-413.39770144628096,0.9925758154985417,-1.03150826446281,0.0,0.0006237989839167317,0.004568112944020578,122.01612639161755,-0.0005945456577898379,2048.209724888036,0.5571092436974789,0.7000000000000001,-1.0226377129248647,-0.8948932893040191,0.035723711025146015,0.0069258809234507895,0.8067478538630465,0.7016877637130802,-1.0521206799183207,-0.6950752058638944,-0.06550520295888887,REIT—Office,Real Estate,EQC
2021Q1,2021,Q1,2021-05-05,2021-03-31,-10018000.0,14851000.0,-11850000.0,-0.1,8230000.0,0.554171436266918,3260676000.0,3225176000.0,2985681000.0,29058000.0,29058000.0,0.0,-1190532000.0,3391655600.0,420603600.0,26.435435484664186,102.74901920297336,0.0,0.0,-0.0036856001977837983,26.435435484664186,-0.0031061870732015866,228.3789374452899,-84.63903972848873,1.0516187643713086,-0.8006588141345578,0.0,0.0023649217214153466,0.004554577026358951,102.74901920297336,-0.003072369042493029,2190.9919896640827,0.554171436266918,-2.3333333333333335,-1.2226876268224518,-0.8882984636044526,-0.017930069841732343,0.0644076564924987,-5.013205282112845,-1.9015670910871694,-1.0542174612118238,-0.7426431724735807,-0.037000347858888935,REIT—Office,Real Estate,EQC
2020Q4,2020,Q4,2021-02-11,2020-12-31,-1666000.0,14708000.0,-4084000.0,-0.03,7732000.0,0.5257002991569214,3277671000.0,3236678000.0,3001927000.0,34507000.0,34507000.0,0.0,-1178432000.0,3319239440.0,332014440.0,26.601448143795256,86.9947257078274,0.0,0.0,-0.0013236087980908,26.601448143795256,-0.0005147252831452495,225.6757846070166,-498.085150060024,1.02550807958036,-256.81632653061223,0.0,0.12890181854431085,0.00448733262124234,86.9947257078274,-0.0005082877445600855,2051.445883807169,0.5257002991569214,-1.9999999999999996,-1.040098262421804,-0.8900674981750862,-0.00219505879983195,-0.2299571755801215,-5.514905149051491,-0.7857455181460429,0.9210670104646784,-0.7902250783631353,0.0021239820428360307,REIT—Office,Real Estate,EQC
2020Q3,2020,Q3,2020-10-29,2020-09-30,369000.0,16485000.0,-2287000.0,-0.01,10041000.0,0.6090991810737034,3708774000.0,3236620000.0,3432726000.0,465668000.0,465668000.0,0.0,-1175151000.0,3240151990.0,-178088010.0,26.60097145628036,7.371616688284357,0.0,0.0,-0.0005928401189948289,26.60097145628036,0.00011400782297582046,196.55153108886867,2195.2249254742546,1.00109125878231,5.411924119241192,0.0,0.0006163291123883359,0.004444865068618363,7.371616688284357,9.949379498454207e-05,382.95142299964544,0.6090991810737034,-1.0476190476190477,-0.9871847570617356,-0.8904430382370577,0.02926611871276966,0.04724655819774718,-0.9867418798505317,0.26510282776349614,-0.9886689434924434,-0.7838976013171393,-0.006821616869148327,REIT—Office,Real Estate,EQC
2020Q2,2020,Q2,2020-07-31,2020-06-30,27832000.0,16265000.0,-3112000.0,0.21,9588000.0,0.5894866277282509,3733155000.0,3666394000.0,3455846000.0,34133000.0,59414000.0,0.0,-742329000.0,3917291000.0000005,504797000.0000005,30.137635115696025,101.24647701637711,0.006772019913451223,0.006895330943701086,-0.0008411980105004386,30.137635115696025,0.0075911099570859,240.84174608054107,35.18693410462777,1.0684315433638611,0.0717519402127048,0.0,0.0005097910775584453,0.00435690454856549,101.12627076436293,0.007455356126386394,341.4951617121437,0.5894866277282509,-0.9373134328358209,1.352573676920975,-0.9148477105886418,0.15429002945314968,-0.04682373993438712,-0.9344757850922523,0.4500795193497084,5.8861788228692715,-0.818912008019343,0.1381140662669283,REIT—Office,Real Estate,EQC
2020Q1,2020,Q1,2020-05-05,2020-03-31,424759000.0,18820000.0,-5659000.0,3.35,10059000.0,0.5344845908607864,3704057000.0,3637580000.0,3422428000.0,33956000.0,59443000.0,0.0,-768164000.0,3873313080.0,550451080.0,29.780102826079837,100.79008128165862,0.00688083363727934,0.007006581298555633,-0.0015447350738757488,29.780102826079837,0.11676966554687457,205.8083464399575,2.2797121897358266,1.0648049197543423,0.009259368253527295,0.0,0.0010154097845351557,0.005080915331486529,99.04915184356226,0.11467399124797485,328.86,0.5344845908607864,29.454545454545457,32.08925243281,-0.9062075004194532,0.16646106495369634,-0.38113695090439276,25.564040025015636,-3.9366891541255837,17.113824078968822,-0.808012082709959,0.12438031646084467,REIT—Office,Real Estate,EQC
2019Q4,2019,Q4,2020-02-13,2019-12-31,15990000.0,25995000.0,1927000.0,0.11,16254000.0,0.6252740911713791,3319377000.0,3244577000.0,2820199000.0,47814000.0,73505000.0,0.0,-1189736000.0,4009856200.0,1239905200.0,26.56440969379401,58.9827038105994,0.007739705372423801,0.007918135399468097,0.0005832322562846612,26.56440969379401,0.0049282233092326055,154.25490286593575,62.69318636647905,1.2358640895253834,26.859662288930583,0.0,0.1071075815636481,0.007831288823173747,58.8780691847576,0.004817169004906643,161.3559293388596,0.6252740911713791,-0.38888888888888884,1.1068370126314122,-0.8705889026709851,0.03548592867163044,-0.033190578158458245,-0.3305702084903291,-0.18,0.33500547335432745,-0.7430305187610141,0.018605444078011544,REIT—Office,Real Estate,EQC
2019Q3,2019,Q3,2019-10-30,2019-09-30,23886000.0,26735000.0,2350000.0,0.18,16812000.0,0.6288386010847204,3731343000.0,3226825000.0,3229578000.0,477334000.0,503230000.0,0.0,-1204010000.0,4183295000.0,1003416000.0,26.419068282299,6.7658662487901555,0.006940128527449768,0.008025226034879486,0.0007385750605802553,26.419068282299,0.007402322716602233,156.47260145876191,43.78396340952859,1.296412107876938,0.08360545926484134,0.0,0.0004773748922798894,0.0071649805445385215,6.756531066297393,0.006401448486510085,127.33372903540011,0.6288386010847204,-0.9067357512953368,-0.8391980921075326,-0.869755505870435,-0.024108170665747417,-0.24926319549879433,-0.9014140313513781,-0.5566037735849056,-0.7158222964031288,-0.7602965356034749,0.00833826851660074,REIT—Office,Real Estate,EQC
2019Q2,2019,Q2,2019-08-01,2019-06-30,242286000.0,33368000.0,5300000.0,1.93,22394000.0,0.6711220330855909,3702171000.0,3634173000.0,3202593000.0,40457000.0,66548000.0,0.0,-794358000.0,3964080120.0,809623120.0,29.75854473395457,79.1604172331117,0.007047486461322289,0.00717935001993576,0.0014459546403623525,29.75854473395457,0.06666881295964722,118.79885279309518,4.09029011168619,1.0907791456268043,0.008242325185937281,0.0,0.0005037738742777984,0.009013089886987933,79.10331957386855,0.06544430281583427,139.23220540198798,0.6711220330855909,0.15568862275449102,44.61539535399529,-0.8427940970223443,0.09302502503802654,-0.13776374557215462,0.1509039607064479,0.001701001701001701,1.8346126287924749,-0.7640924447741382,0.1676643097684608,REIT—Office,Real Estate,EQC
2019Q1,2019,Q1,2019-04-30,2019-03-31,210518000.0,41752000.0,5291000.0,1.67,25972000.0,0.6220540333397202,3713937000.0,3390289000.0,3102419000.0,47399000.0,322376000.0,0.0,-1034753000.0,3995409599.9999995,1200885599.9999995,27.798368317481142,65.45325850756345,0.07403922037449746,0.08110724483959922,0.0014346951674819714,27.798368317481142,0.062094411420383334,95.6938493964361,4.7447363170845245,1.1784864358171234,0.014996342355523043,0.0,0.0007901567839252326,0.01124197852575313,65.41597924006835,0.05668324476155627,312.87467501957707,0.6220540333397202,14.18181818181818,8.994767262516095,-0.8134343028397416,-0.02016724605626943,-0.05163222084276638,12.654926379970163,-0.30225504417776605,3.6811637101458894,-0.6858549167214181,0.03270254987476334,REIT—Office,Real Estate,EQC
2018Q4,2018,Q4,2019-02-14,2018-12-31,15417000.0,42925000.0,7583000.0,0.11,27386000.0,0.6379965055329062,3530772000.0,3182801000.0,2455190000.0,71819000.0,346774000.0,0.0,-1243310000.0,3653687490.0,1527839490.0,26.142317390697254,34.18580041493198,0.07787390406404039,0.08638774463122262,0.0021188494729343457,26.142317390697254,0.004843846662106742,85.11793803145021,59.247705292858534,1.147947198081187,19.88772134656548,0.0,0.08391768612919874,0.01215739787219339,34.13987941909522,0.004366467163555166,93.71072584575137,0.6379965055329062,-0.56,3.8280083069399327,-0.7759894546704725,-0.07987768740490783,0.028929966937180644,-0.5294530582346478,0.7140596745027125,-0.6291662588293641,-0.6793644977323301,-0.019416787918552766,REIT—Office,Real Estate,EQC
2018Q3,2018,Q3,2018-10-25,2018-09-30,32764000.0,46873000.0,4424000.0,0.25,26616000.0,0.5678322275083737,3813728000.0,3168318000.0,2733139000.0,364316000.0,644217000.0,0.0,-1257174000.0,3918535199.9999995,1525108199.9999995,26.002856087652344,7.502110804905631,0.07339301596757818,0.08834372054825305,0.0012804419146820456,26.002856087652344,0.010341133686706952,83.5989844900049,29.89970089122207,1.2367872164347138,0.06095104382859236,0.0,0.0005096292104253651,0.012290598595390128,7.4754636085156845,0.008591068896365971,146.94323320958486,0.5678322275083737,-0.13793103448275856,1.1470923522556327,-0.7743639995390457,-0.10060325195935661,-0.08583204533745492,-0.11527556503658899,-0.09195402298850575,0.13627616956936292,-0.6889284574363894,0.006123359245431869,REIT—Office,Real Estate,EQC
2018Q2,2018,Q2,2018-07-31,2018-06-30,37033000.0,48636000.0,4872000.0,0.29,29115000.0,0.5986306439674315,3776874000.0,3441014000.0,2572883000.0,54553000.0,334565000.0,0.0,-978817000.0,3837393000.0,1610288000.0,28.246244520694127,47.162997452019134,0.07413856008964027,0.0813748505527731,0.0013256331070651726,28.246244520694127,0.010762234620376435,78.90025906735751,25.905226419679746,1.1151924984902706,0.053924877811681475,0.0,0.0005204053898050056,0.012877316002598975,47.00867046725203,0.00980519869076914,158.23648509339822,0.5986306439674315,-0.5245901639344263,0.904022108496712,-0.8280956301432385,-0.0897149025333537,-0.14339933507899616,-0.8025948965612824,1.9123595505617978,2.1260214278820286,-0.7457245983684838,0.08184860207402832,REIT—Office,Real Estate,EQC
2018Q1,2018,Q1,2018-05-08,2018-03-31,187599000.0,58588000.0,-5340000.0,0.61,33989000.0,0.5801358639994538,4137306000.0,3400290000.0,2939458000.0,52385000.0,735827000.0,0.0,-1013853000.0,3799000890.0,1640359890.0,27.45113710673545,56.11258948172187,0.1641237075526925,0.1996976728455514,-0.0012882382403950673,27.45113710673545,0.05517147066867826,64.84264508090394,5.062661434762446,1.1172579074137794,0.010645046082335194,0.0,0.0005256645254431619,0.014160905671468342,55.23682351818269,0.04534327410155304,-10239.894582210243,0.5801358639994538,4.2105263157894735,4.555697158049403,-0.8380863968937136,-0.3067027420506129,-0.169967520574373,9.70084875469598,-1.5246610336018864,13.411381862190828,-0.7120693451966187,0.07523747687232792,REIT—Office,Real Estate,EQC
2017Q4,2017,Q4,2018-02-15,2017-12-31,-21561000.0,71623000.0,10178000.0,-0.19,40949000.0,0.571729751616101,4236945000.0,3299366000.0,2551714000.0,82136000.0,936450000.0,0.0,-1201357000.0,3792179430.0,2290065430.0,26.54506689837722,31.066937761760983,0.2005168818570928,0.25749765257931373,0.0024463240148470335,26.54506689837722,-0.006534891854980624,52.94639194113623,-43.97035654654237,1.1493660994263748,-0.09262093594916748,0.0,0.0005266101029401977,0.016904396918062423,29.769272913217105,-0.005088808091679264,106.3128519764508,0.571729751616101,-1.76,0.9049169202801811,-0.8028785902583047,-0.2841512901266427,-0.09839711127746709,-1.6491930627484042,-0.19196570339790409,0.8584358072465844,-0.6496150440870482,0.03473194269166206,REIT—Office,Real Estate,EQC
2017Q3,2017,Q3,2017-10-25,2017-09-30,33212000.0,77798000.0,12596000.0,0.25,45418000.0,0.5837939278644695,4260289000.0,3323560000.0,2348566000.0,77861000.0,935590000.0,0.0,-1177799000.0,3772305600.0,2391019600.0,26.783679455874413,30.163573547732497,0.19993737514051277,0.256288738581521,0.0029857690384836755,26.783679455874413,0.009992899180396924,48.48846499910023,28.395652173913042,1.1350195573421271,0.06012886908346381,0.0,0.0005293844698054155,0.018261202467719912,30.06523163072655,0.0077957152672037035,204.32811179720508,0.5837939278644695,5.166666666666667,0.2722252938686073,-0.79934266596864,-0.31808600813183396,-0.1638037374574243,6.7173351695644685,2518.2,-0.7799266626180921,-0.6269455299072568,-0.010639827975758593,REIT—Office,Real Estate,EQC
2017Q2,2017,Q2,2017-07-25,2017-06-30,-5809000.0,91599000.0,5000.0,-0.06,54315000.0,0.59296498870075,4491116000.0,3285335000.0,2437717000.0,96914000.0,1204655000.0,0.0,-1209014000.0,3920517200.0,3054752200.0,26.480329176976955,25.153404048950616,0.24532521538076504,0.3353642779199077,1.1482207445918909e-06,26.480329176976955,-0.0017681606289769536,42.800873371980046,-168.72599414701327,1.193338639742979,-0.3437768979170253,0.0,0.0005093715696490248,0.020395598777675748,21.492457230121552,-0.001293442431680678,80.74550397495572,0.59296498870075,-1.352941176470588,-1.2440225134521716,-0.7579398473084523,-0.3614365380475779,-0.0709667487684729,-1.2439321407575377,-0.9997250481165796,-2.076520060120569,-0.5752170933496212,-0.0273831358206292,REIT—Office,Real Estate,EQC
2017Q1,2017,Q1,2017-05-04,2017-03-31,23814000.0,99551000.0,18185000.0,0.17,58464000.0,0.5872768731604906,4518756000.0,3285483000.0,2111169000.0,82016000.0,1232231000.0,0.0,-1201208000.0,3872747340.0,3127468340.0,26.48579167573581,25.74094079204058,0.2530028175896198,0.3479725812003897,0.004074689109495515,26.48579167573581,0.0072482493441603565,38.90214402667979,40.6562037037037,1.1787452073256808,0.08385823465188545,0.0,0.0005156546050329221,0.02203062081687969,24.880730589153337,0.005270034496219756,-1439.6830260223048,0.5872768731604906,1.125,-0.3212591622856985,-0.7325763577125227,-0.3695831237075901,-0.03848431024274719,0.9424143556280588,2.286049873509216,0.11159593416261918,-0.5626478271631699,-0.0664327523966098,REIT—Office,Real Estate,EQC
2016Q4,2016,Q4,2017-02-16,2016-12-31,12260000.0,103546000.0,5534000.0,0.08,60804000.0,0.5872172754138257,4526075000.0,3260447000.0,2253237000.0,113855000.0,1265628000.0,0.0,-1223025000.0,3780635040.0,2829574040.0,26.079194695291193,19.790408853366124,0.2526721276160912,0.3507534396357309,0.0012279678719916026,26.079194695291193,0.0037602206077878278,36.51164738377146,77.09288417618271,1.1595450071723292,0.16288743882544862,0.0,0.0005282181376597514,0.02287765889871467,19.733037635589127,0.002708748750296891,81.64813061506565,0.5872172754138257,-0.8805970149253732,-0.46240115638250445,-0.7291761520687451,-0.4041241169160011,-0.06912230744500068,-0.8580821410381071,-0.7578965788782921,3.1900484008631844,-0.47377203892576847,-0.08209939558809014,REIT—Office,Real Estate,EQC
2016Q3,2016,Q3,2016-11-03,2016-09-30,86388000.0,114632000.0,22858000.0,0.67,65319000.0,0.5698147114243841,4965767000.0,3289040000.0,2606120000.0,109199000.0,1676727000.0,0.0,-1233288000.0,3793607260.0,2947833260.0,26.200600638875834,23.865786316724513,0.3140300380585718,0.47412010799503806,0.004700184379120763,26.200600638875834,0.02626541483229149,33.093789343289835,10.978397636245774,1.1534086724393744,0.023116636569893968,0.0,0.0005264118985263646,0.023084449995338083,23.40591031053398,0.017396708303067783,166.10943427620631,0.5698147114243841,0.1964285714285714,0.9663781371992922,-0.6881963258913167,-0.405313042409528,-0.3049247664247558,-0.016574837211420244,30.312328767123287,1.3764405506340422,-0.4643990770293375,-0.09376358766580167,REIT—Office,Real Estate,EQC
2016Q2,2016,Q2,2016-07-29,2016-06-30,87844000.0,145367000.0,730000.0,0.56,93974000.0,0.646460338316124,4911775000.0,3198638000.0,2126680000.0,143665000.0,1713137000.0,0.0,-1317679000.0,3656048040.0,3444029040.0,25.48553080281735,14.803048759266348,0.31766886716105686,0.4878069978534614,0.0001530186254184111,25.48553080281735,0.027462938913375007,25.150467712754615,10.404945243841354,1.1430015025145077,0.07947042484404171,0.0,0.0019094388048577172,0.02959561461996936,13.518511815682317,0.01788436970341679,51.57353702920017,0.646460338316124,0.806451612903226,1.5291891564742601,-0.6239239473529855,-0.4573545623167968,0.17648384391001165,0.8931080556872548,-0.9759187174242924,3.3837876734164913,-0.5012886975286694,-0.17868377603842567,REIT—Office,Real Estate,EQC
2016Q1,2016,Q1,2016-05-05,2016-03-31,46402000.0,137135000.0,30314000.0,0.31,79877000.0,0.5824698290006198,5103149000.0,3387371000.0,1975405000.0,144645000.0,1715778000.0,0.0,-1388933000.0,3551204800.0,3370539800.0,26.918078512396693,13.65691866293339,0.3059802878575562,0.4609660412160345,0.006111123457430512,26.918078512396693,0.013698529036234886,25.89568527363547,19.132821861126672,1.0483660632390133,0.15044610146114393,0.0,0.0019658117155056786,0.026872623158759424,13.26605136714024,0.009092817003775512,154.5076923076923,0.5824698290006198,0.10714285714285703,-0.4293229992178468,-0.6332653723452031,-0.38153623072733167,0.06341028303645126,0.07548962799860934,0.25099042588312975,0.3526382200450778,-0.6269561496338856,-0.3201655017295457,REIT—Office,Real Estate,EQC
2015Q4,2015,Q4,2016-02-18,2015-12-31,43145000.0,138934000.0,24232000.0,0.28,75114000.0,0.5406451984395468,5244372000.0,3368487000.0,2009650000.0,150927000.0,1875885000.0,0.0,-1428354000.0,3503685500.0,3415576500.0,26.6599683419074,13.315377632895373,0.3269447705082706,0.5090178468849664,0.0047645731099619035,26.6599683419074,0.012808421110130454,25.2183446816474,20.30180496001854,1.0401362688946105,0.1618032216942867,0.0,0.00199247335412953,0.026492018491441872,13.101731300562523,0.008226914490428979,87.32797038957155,0.5406451984395468,0.5555555555555558,-0.0022076193324434075,-0.5178849370922665,-0.44518451163840256,-0.12287912934829572,0.41616884395719816,-0.16053488533222476,1.1871699989780493,-0.6238498388095345,-0.28105270874319577,REIT—Office,Real Estate,EQC
2015Q3,2015,Q3,2015-11-05,2015-09-30,30466000.0,159208000.0,28866000.0,0.18,85637000.0,0.5378938244309331,5324243000.0,3327208000.0,1974454000.0,153350000.0,1997035000.0,0.0,-1464518000.0,3506850360.0,3690651360.0,25.84460031536675,12.875474404955982,0.34426734467228487,0.5509012361114785,0.005584488613630264,25.84460031536675,0.009156626216335137,22.026847645846942,28.77675408652268,1.0539919235587314,0.22914068141534827,0.0,0.0019906751880910028,0.02990246688590284,11.958532768177372,0.005722128009559293,201.3001756500775,0.5378938244309331,3.4999999999999996,-0.7656412741445753,-0.6303452818470644,-0.4917172841960329,-0.24885095782752087,1.4148700063411541,-0.15601426817145198,0.12488360654678249,-0.6042010430034369,-0.3419950160946385,REIT—Office,Real Estate,EQC
2015Q2,2015,Q2,2015-08-06,2015-06-30,12616000.0,203694000.0,34202000.0,0.04,114008000.0,0.559702298545858,5548046000.0,3387230000.0,1888123000.0,170786000.0,2160816000.0,0.0,-1488003000.0,3330246110.0,4022764110.0,26.109239746248065,11.055490496879136,0.3567778637740206,0.5843772049727949,0.0051713889281693425,26.109239746248065,0.00372457730948297,16.34925972291771,65.99251169150286,0.9831768465678445,0.5533449587824985,0.0,0.0020962414696732426,0.03671454778853672,8.759447495696369,0.0022739537487612756,39.79692056739284,0.559702298545858,-0.20000000000000004,-0.3717145686080322,-0.5259961050050057,-0.4574509046872442,-0.01020975135435477,-0.0743947175348496,0.005261146871234165,-0.49317734478188463,-0.48522597228493713,-0.3703852240701905,REIT—Office,Real Estate,EQC
2015Q1,2015,Q1,2015-05-07,2015-03-31,13630000.0,213055000.0,34023000.0,0.05,115184000.0,0.5406303536645467,5734296000.0,3311178000.0,704493000.0,179728000.0,2423118000.0,0.0,-1493638000.0,3443428800.0,5250987800.0,25.53030162842339,3.919773212854981,0.38876524685855074,0.673263412598175,0.006376537137619924,25.53030162842339,0.004116359797026919,16.162159066907606,63.15900220102715,1.0399407099225713,0.5121790168745415,0.0,0.0020273397260312164,0.03715451731127936,3.734220600017805,0.002376926478856341,85.40038193497185,0.5406303536645467,1.0390625,-0.8401467193621229,-0.5637482115575253,-0.5401880452185842,-0.02921196797302992,1.0859606082201803,1.274171192805454,-0.6284415263072566,-0.4525989994242738,-0.39232577223136506,REIT—Office,Real Estate,EQC
2014Q4,2014,Q4,2015-02-19,2014-12-31,-158561000.0,212808000.0,-124094000.0,-1.28,118650000.0,0.5575448291417616,5761639000.0,3319583000.0,644874000.0,193563000.0,2442056000.0,0.0,-1500287000.0,3321646660.0,5177037660.0,25.654051840059353,3.3315974643914386,0.3878148214423014,0.6731113516366363,-0.022380337585556707,25.654051840059353,-0.04776533679079571,15.608655031765723,-5.237174746627481,1.0006216624196473,-0.04402721980814955,0.0,0.0021016684538023678,0.03693532343834801,3.240076874195998,-0.02752012057680115,83.72562347188264,0.5575448291417616,-2.103448275862069,-5.684702535142341,-0.5691150547501134,-0.5033359381391357,0.01234610035579294,-2.0116179660584406,-10.89585326953748,-7.717685014035074,-0.4622295525931126,-0.41383808152488016,REIT—Office,Real Estate,EQC
2014Q3,2014,Q3,2014-11-04,2014-09-30,156740000.0,216595000.0,12540000.0,1.16,117203000.0,0.5411159075694268,6170796000.0,3489003000.0,851166000.0,196253000.0,2681793000.0,0.0,-1341730000.0,3313504800.0,5187991800.0,27.071717877094972,4.337085292963675,0.40057911491483433,0.7084809041436766,0.002084118261200539,27.071717877094972,0.044924008377178234,15.29815923728618,5.285033813959424,0.9496996133279335,0.08908383309940028,0.0,0.004213967035750181,0.03510000978804031,4.257830453547207,0.02540028871477845,104.96736465296037,0.5411159075694268,9.285714285714283,-0.05783413844394791,-0.5449866470009193,-0.48899610377396646,-0.04318614124888769,28.10677808727948,-0.21042689837551945,2.4750882670252494,-0.4261529334125555,-0.3855408979750796,REIT—Office,Real Estate,EQC
2014Q2,2014,Q2,2014-08-07,2014-06-30,5385000.0,215194000.0,15882000.0,-0.14,122493000.0,0.569221260815822,6593360000.0,3370888000.0,689235000.0,190662000.0,3222472000.0,0.0,-1477526000.0,3258731840.0,5848316840.0,27.22585855975188,3.6149573590962016,0.4577268646031765,0.8953005854837064,0.0029361197339669823,27.22585855975188,0.0015975019045426605,15.143228156918873,151.28745775301763,0.966728007575452,0.0,0.0,0.0,0.032637987308443646,3.4952219110257943,0.000816730771564119,39.48781387458346,0.569221260815822,-2.7500000000000004,-0.9591999867749533,-0.5430792414308536,-0.48033889874902547,0.0602792372477906,-0.7366490610328639,-0.6372978898328309,-0.8428321958428671,-0.43564980399266773,-0.42029899048348157,REIT—Office,Real Estate,EQC
2014Q1,2014,Q1,2014-05-08,2014-03-31,20448000.0,217260000.0,43788000.0,0.08,115529000.0,0.5317545797661788,6600714000.0,3359070000.0,649439000.0,204959000.0,3241644000.0,0.0,-1466702000.0,3113919881.6,5959367881.6,28.37052364864865,3.168628847720764,0.45798121233551403,0.8999523677684598,0.006228775398873107,28.37052364864865,0.006087399190847467,14.332688399153088,38.07120356025039,0.9270184549890297,1.9927621283255086,0.0,0.013085757357078433,0.03291462105463136,2.0361194190057526,0.0030978466874947166,66.78362068329508,0.5317545797661788,1.5714285714285714,-0.7740477646532226,-0.5228684340336358,-0.4500451262612364,0.1204441858209679,4.857385398981324,0.1390962774121381,-0.7327168911381131,-0.38248090672963675,-0.34816517516649553,REIT—Office,Real Estate,EQC
2013Q4,2013,Q4,2014-02-28,2013-12-31,-5301000.0,186329000.0,38441000.0,-0.14,103110000.0,0.5533760176891412,6646434000.0,3363586000.0,1041850000.0,231527000.0,3282848000.0,0.0,-1446402000.0,2759600851.613,5576496851.613,28.41178507775347,4.499907138260332,0.4572895781406992,0.9036025836711177,0.006016424135590376,28.41178507775347,-0.001575996570327026,14.810366886598436,-130.14529577499528,0.8204341591423558,-7.686662893793624,0.0,0.01476554117461704,0.028034431696756488,1.927282779114315,-0.0007975705468526431,61.33673071532084,0.5533760176891412,0.9270833333333333,-1.040084733669151,-0.5905907182316822,-0.44741877659051127,-0.03733579811220346,0.9754940711462451,0.2675921651388248,-1.1308394605936936,-0.30992889143306657,-0.40872778950904237,REIT—Office,Real Estate,EQC
2013Q3,2013,Q3,2013-11-07,2013-09-30,-216315000.0,201741000.0,30326000.0,-1.92,107109000.0,0.5309233125641293,6821987000.0,3421033000.0,1079984000.0,235604000.0,3400954000.0,0.0,-1400354000.0,2592566480.0,5579484480.0,28.91144107903455,4.583895010271473,0.46216857346693857,0.921624550245496,0.002451024584155146,28.91144107903455,-0.06323090130963367,12.850964751835274,-2.996286064304371,0.7578314737098414,-0.18829022490349723,0.0,0.01571030109129545,0.02957217596574136,1.6310886063054957,-0.03170850369547758,48.95421892407334,0.5309233125641293,-28.428571428571427,-2.2115532191343363,-0.5424335582677493,-0.43712210988663885,-0.35090175259981093,-12.451903224098682,-0.6000527530497857,-2.8104016370433764,-0.49037802852010354,-0.4314020874712249,REIT—Office,Real Estate,EQC
2013Q2,2013,Q2,2013-08-07,2013-06-30,18889000.0,274766000.0,75825000.0,0.07,165012000.0,0.6005546537781239,8019538000.0,3671141000.0,499046000.0,209251000.0,3947061000.0,0.0,-1143309000.0,2767247391.691,6403506391.691,31.030107599590902,2.3849157232223503,0.46309139005264394,1.0116143727522315,0.009945273737662904,31.030107599590902,0.005145266825763434,10.071287538090594,36.62511768345333,0.7537840120254166,2.1561226110434646,0.0,0.014717513194623588,0.03426207345111402,1.6846179946571342,0.0023553725912889246,29.47988570977639,0.6005546537781239,-0.5333333333333333,-0.8677673773310068,-0.35919991196652606,-0.3924126979413974,-0.002279474451142458,-0.26407449253905796,-0.06356518302623129,0.03151833825504506,-0.2988687205846818,-0.3551954415664371,REIT—Office,Real Estate,EQC
2013Q1,2013,Q1,2013-05-09,2013-03-31,25667000.0,275048000.0,80972000.0,0.15,165389000.0,0.6013095895989063,8082668000.0,3728032000.0,490649000.0,207326000.0,3955938000.0,0.0,-1121471000.0,2142945040.0000002,5819043040.0,39.595046413322855,2.366557981150459,0.46083669402232036,0.9991303722714826,0.010499843665460095,39.595046413322855,0.006884865795143389,7.791167505308165,20.872570226360697,0.5748193792327964,1.2507110297268866,0.0,0.014980318860627428,0.03402935763290042,1.5262195768982183,0.0031755603471526977,50.03140268957789,0.6013095895989063,1.082219015080113,-0.43937898652503304,-0.23479324201878657,-0.22250888819474016,0.10340249516311963,1.1679953398261598,0.006813886402069034,-0.5853433684990077,-0.2242142680072876,-0.28687580914823735,REIT—Office,Real Estate,EQC
2012Q4,2012,Q4,2013-02-25,2012-12-31,-152784000.0,244811000.0,80424000.0,-1.8243954862976894,149890000.0,0.6122682395807378,8189634000.0,3105428000.0,544071000.0,245181000.0,4688166000.0,0.0,-1115036000.0,1326520800.0,5643426800.0,37.08195116126336,2.2190585730541925,0.5395998160601561,1.4230325095284773,0.010218274885907158,37.08195116126336,-0.04919901540141971,5.4185506370220295,-2.1705819981149856,0.4271619886212142,-0.2101201696512724,0.0,0.02420090208913422,0.029892788859673093,1.4504101051875962,-0.01865577875641329,2.3437425792955278,0.6122682395807378,-10.602081506829945,-4.52008939502021,-0.2748871374761188,-0.32271934156677934,0.005406348099058249,-9.672039959132706,0.14909485776336281,-8.95250175922613,-0.23409840289407366,-0.2820910864177686,REIT—Office,Real Estate,EQC
2012Q3,2012,Q3,2012-11-09,2012-09-30,17618000.0,261661000.0,69989000.0,0.19,149084000.0,0.5697601094545997,7946955000.0,3289270000.0,332624000.0,271604000.0,4446831000.0,0.0,-930149000.0,1195878600.0,5344821600.0,39.277210579736106,1.224665321571111,0.5312252302926089,1.2834528634013018,0.008674257186002749,39.277210579736106,0.005356203656130387,4.5703356633200976,16.96955670337155,0.3635696066300425,3.176183448745601,0.0,0.04679237507887506,0.03292594459135606,1.1744782845613466,0.002216949762519103,-9.67868207643374,0.5697601094545997,5.333333333333334,-0.653104761192157,-0.21569159731167306,-0.2913280401082993,0.012241904930031708,0.0966697790227202,0.015348682015348681,-0.837021330640707,-0.15405651077938892,-0.2586060577959412,REIT—Office,Real Estate,EQC
2012Q2,2012,Q2,2012-08-09,2012-06-30,16065000.0,255374000.0,68931000.0,0.03,147281000.0,0.5767266832175554,7798584000.0,3472041000.0,389135000.0,274108000.0,4116458000.0,0.0,2522066000.0,1600860323.7269998,5349153323.726999,41.468594360242214,1.419641163337079,0.49843638281000757,1.1195426551702587,0.009237420621703856,41.468594360242214,0.004626961490374106,6.268689544460281,24.912236597058822,0.46107183749471853,3.4661686896981014,0.0,0.034783796671505225,0.03274620110522628,1.3673661476498316,0.0020599893519131166,-19.327292659901723,0.5767266832175554,-0.7229789002262339,-0.67732359906941,-0.23121280756982293,-0.25889031675876123,0.0008494386909130447,-0.3215793918918919,-0.029045117124223516,-0.8200082768241955,-0.19816572130636612,-0.20848720471829965,REIT—Office,Real Estate,EQC
2012Q1,2012,Q1,2012-05-08,2012-03-31,23680000.0,251246000.0,70993000.0,0.108295,147156000.0,0.5857048470423409,7713391000.0,3517424000.0,437347000.0,260103000.0,3990361000.0,0.0,-361890000.0,1558903723.722,5143942723.722,42.013138721005234,1.681437738126819,0.48987870574692766,1.0742594580579423,0.009445624530074392,42.013138721005234,0.006732199473250879,6.204690716357673,16.45802073186233,0.44319471400718247,2.343918918918919,0.0,0.03560450793425525,0.032572703756363446,1.6153293118495364,0.0030699856911182125,-18.824156830028738,0.5857048470423409,-0.40631068916829155,-0.5507359083293202,-0.22942179221101816,-0.25748410274950173,0.10659417510772215,0.5921468432730451,0.4353619086130206,-0.6299506790069472,-0.21968556960978794,-0.18558674887976018,REIT—Office,Real Estate,EQC
2011Q4,2011,Q4,2012-02-27,2011-12-31,14873000.0,249352000.0,49460000.0,0.18241022370486656,132981000.0,0.5333063300073791,7447026000.0,3568517000.0,615570000.0,301178000.0,3878509000.0,0.0,2482321000.0,1356758958.464,4811505958.464,43.766152374411305,2.043874386575381,0.4897941809253788,1.0221360862229323,0.005083365047110239,43.766152374411305,0.004167837788078353,5.441139266835638,22.805737888522827,0.38020246462718266,3.7439655752033887,0.0,0.04104192543017397,0.03348343352097871,1.362499916992609,0.0019971730997044995,74.29817416702262,0.5333063300073791,0.013390131693703173,-0.7471771279653064,-0.21974074404740135,-0.221343234252288,-0.0355169062504533,-0.47878044506746104,-0.2418064199650489,-0.8367044350757346,-0.20449172687150236,-0.1487914625288808,REIT—Office,Real Estate,EQC
2011Q3,2011,Q3,2011-11-07,2011-09-30,28535000.0,238790000.0,65234000.0,0.18,137878000.0,0.5774027388081578,7458190000.0,3592297000.0,615771000.0,308895000.0,3865893000.0,0.0,-779555000.0,1546737838.4640002,4965218838.464001,44.05780268838305,1.9934637983780896,0.48659983186269057,1.0102600091250806,0.008853216383034416,44.05780268838305,0.007943385527421591,6.477397874550862,13.551233909794991,0.4305707012710809,1.7163833888207465,0.0,0.03166470670209826,0.03201715161453382,1.370724679907412,0.003825995315217231,-7.223493823561829,0.5774027388081578,0.5109036882837812,-0.41402609055837686,-0.24090802878344034,-0.12450768012081803,0.04437206483866081,0.42932278100581045,-0.011815675462780622,-0.7680620261660525,-0.21401500731908638,-0.14223704890825353,REIT—Office,Real Estate,EQC
2011Q2,2011,Q2,2011-08-08,2011-06-30,19964000.0,222181000.0,66014000.0,0.119134,132020000.0,0.5942002241415782,6959999000.0,3388174000.0,488285000.0,273677000.0,3571825000.0,0.0,2438913000.0,1864149280.0,5176719280.0,46.96534612292423,1.7841652751235946,0.4838513626223222,0.9939291783715949,0.009630287827905919,46.96534612292423,0.0058922593703865265,8.390228147321329,23.34388499298738,0.5501929003646212,2.2494990983770786,0.0,0.0240908818203658,0.031922562057839374,0.9439558311440128,0.002868391216722876,-15.031643591501028,0.5942002241415782,-0.749460052280819,-0.539055144229652,-0.1833405430058466,-0.07432566538569983,0.06506393449235609,-0.5716982751222861,0.16801726883470752,-0.7708041172816226,-0.15024037218644729,-0.08039158905616572,REIT—Office,Real Estate,EQC
2011Q1,2011,Q1,2011-05-06,2011-03-31,46612000.0,214362000.0,56518000.0,0.475509,123955000.0,0.5782508093785279,6689687000.0,3139785000.0,236610000.0,242398000.0,3549902000.0,0.0,-734168000.0,1873449757.861,5220397757.861,43.52409930827985,0.9761219151973201,0.5041098335392972,1.074066217909825,0.008357731949029047,43.52409930827985,0.014845602485520505,8.739654219782425,10.048108630079165,0.5966809058139331,0.9634643439457651,0.0,0.023971286025452093,0.03204365166860572,0.9533081956121751,0.006967740045236795,-6.569197606696659,0.5782508093785279,0.38945247744799144,-0.7737512989661404,-0.1775584928455288,-0.14916171898049713,0.4343323304790558,1.0898493543758967,61.06163655685441,0.32880317368199374,-0.22162879150812143,-0.14535772964441412,REIT—Office,Real Estate,EQC
2010Q4,2010,Q4,2011-02-25,2010-12-31,22304000.0,148645000.0,-941000.0,0.3422276095929296,86420000.0,0.5813851794544048,6588520000.0,3131690000.0,390359000.0,249272000.0,3456830000.0,0.0,2372337000.0,1662563230.0,4740529230.0,48.05195403004311,1.5659961808787188,0.49662230667888996,1.0448052010256443,-0.00014656039352851176,48.05195403004311,0.00712203315142942,11.184790810319889,18.635258585903877,0.5308837177370686,2.139705882352941,0.0,0.028705073671092797,0.022561212533315524,1.5456088128630572,0.003385282278872949,-3.246211068914684,0.5813851794544048,-0.5826492565939883,-0.6056329108075437,-0.382634645580858,-0.08518712564171053,-0.3048192868002542,-0.6610849414982526,-1.0148011828362904,-0.339687152122991,-0.43426094493995,-0.12235850473619818,REIT—Office,Real Estate,EQC
2010Q3,2010,Q3,2010-11-03,2010-09-30,65810000.0,218035000.0,63576000.0,0.82,124313000.0,0.5701515811681611,6373775000.0,3313845000.0,534323000.0,210336000.0,3059930000.0,0.0,-289854000.0,1668428800.0,4363909800.0,50.84689978979025,2.5403307089609006,0.45031460947397733,0.8661249998113973,0.010214446826239372,50.84689978979025,0.019859106264777018,7.652114568761896,6.3380519677860505,0.5034721901597691,0.6832548244947576,0.0,0.026950505769260277,0.03420814195668972,1.7763102844971854,0.010325121297818013,-11.972163979362653,0.5701515811681611,21.5,0.32796340103526306,-0.08113404157545923,-0.03629879534580001,-0.004053870003765453,5.582316463292659,-0.0029170979580314294,0.6650404882504667,-0.16022051795035386,-0.0825781261809336,REIT—Office,Real Estate,EQC
2010Q2,2010,Q2,2010-08-04,2010-06-30,9998000.0,213966000.0,63762000.0,-0.04,124819000.0,0.5833590383518877,6205018000.0,3108523000.0,357933000.0,195131000.0,3096495000.0,0.0,-731296000.0,1604539800.0,4494919800.0,48.1232757953402,1.8343215583377321,0.47120298442325226,0.9405827140413631,0.010307174441236596,48.1232757953402,0.0032163184895205857,7.499040969125936,40.12151930386077,0.516174337458658,4.368273654730946,0.0,0.027219019434731376,0.03448273639173972,1.179843284767669,0.0016112765506884911,-15.600169171835805,0.5833590383518877,-1.0909090909090908,-0.8476336006637002,-0.0505924588265955,-0.056167313937563496,0.006182891045690517,-0.7319355444137599,-0.003376160555190847,-0.7397047549971926,-0.165087705645928,-0.1399605838723916,REIT—Office,Real Estate,EQC
2010Q1,2010,Q1,2010-05-07,2010-03-31,37297000.0,213626000.0,63978000.0,0.44,124052000.0,0.5806971061574902,6234751000.0,3149937000.0,487808000.0,170582000.0,3084814000.0,0.0,-697620000.0,1765492116.73175,4552944116.7317505,55.52335332507811,2.8596686637511577,0.4693297294470942,0.9289563569049158,0.010400771861731644,55.52335332507811,0.011840554271402888,8.264406564424508,11.834008879613307,0.5604848975493001,1.0598707670858245,0.0,0.02239035769424861,0.034263758087532285,2.003411848846889,0.005982115404448389,52.56161590793861,0.5806971061574902,3.4003023505315517,-0.0831658064548396,0.011703900636908864,-0.02106055780722712,-0.0012800798641022131,4.637667024285575,0.029280221371343996,0.044256830513625375,-0.03309214279322057,-0.018712389324184526,REIT—Office,Real Estate,EQC
2009Q4,2009,Q4,2010-02-23,2009-12-31,-10253000.0,213483000.0,62158000.0,-0.18331024002145443,124211000.0,0.5818308717790175,6121321000.0,2889066000.0,348523000.0,239591000.0,3232255000.0,0.0,-722250000.0,1447533044.0675,4469327044.0675,51.652724265856165,1.454658146591483,0.4966245031097046,1.0522424894412243,0.010622103783792067,51.652724265856165,-0.003548897809880425,6.780554161537453,-35.29535365423535,0.5010384131298835,-3.8554569394323615,0.0,0.027308530304028536,0.034875315311842,0.8871869143665664,-0.0016749652566823404,-11.013383478152534,0.5818308717790175,-1.1697317037235688,-1.1934736497880811,23.630928284886405,-0.007749974484990208,0.050117092058875747,-1.142010277150653,0.054401112788587135,-1.2540703060075062,-0.026189302288916708,-0.0810308643346692,REIT—Office,Real Estate,EQC
2009Q3,2009,Q3,2009-11-06,2009-09-30,72199000.0,206587000.0,58951000.0,1.08,118283000.0,0.5725578085745957,6007527000.0,2963165000.0,355974000.0,206757000.0,3044362000.0,0.0,-645604000.0,1682449600.0,4514821600.0,52.97751754346757,1.7217022881933863,0.47700143503308434,0.9670737201607066,0.009942516226639215,52.97751754346757,0.024365501077395286,8.144024551399653,5.8257371985761575,0.5677880239541166,0.5472651975789138,0.0,0.023484804537384062,0.034388026886937005,1.067543057792481,0.012018089972795794,-11.5796220077911,0.5725578085745957,0.28571428571428586,0.5716854648940246,-0.4897712131624829,0.014733676596818387,-0.061566290868989154,0.21106749865807836,-0.10893618307687657,1.1613084708040597,-0.04265952178861962,0.052739966711960275,REIT—Office,Real Estate,EQC
2009Q2,2009,Q2,2009-08-10,2009-06-30,59616000.0,212729000.0,66158000.0,0.84,126043000.0,0.5925050181216477,5926090000.0,2929959000.0,359562000.0,197053000.0,2996131000.0,0.0,-678291000.0,908209819.9999999,3694763820.0,52.39156537637966,1.8246969089534288,0.4766535776540687,0.9640721935016838,0.011343620760027873,52.39156537637966,0.02034704239888681,4.269327736227782,3.808582511406333,0.3099735593569739,0.6627247718733226,0.0,0.043502062111594436,0.035897024851124434,1.1501981700354726,0.010059921465924413,-10.46662310422717,0.5925050181216477,0.6153846153846153,0.3475370212713958,0.2133149798195753,-0.0016829133378119272,0.0068618992842535784,0.3828168491371312,-0.01327407230640735,0.7756291013768171,0.008669262629148454,0.03262365600899394,REIT—Office,Real Estate,EQC
2009Q1,2009,Q1,2009-05-08,2009-03-31,43112000.0,216923000.0,67048000.0,0.52,125184000.0,0.5770895663438178,6070451000.0,2909752000.0,376015000.0,190468000.0,3160699000.0,0.0,-698398000.0,719724610.0,3682493610.0,51.587002867666286,1.9741636390364785,0.4938819207996243,1.0303579136641199,0.011206612997868522,51.587002867666286,0.014816382976968485,3.317880584354817,4.1735747007793655,0.2473491245989349,0.9276999443310447,0.0,0.05556986581298088,0.035734247751938036,1.2513965600520822,0.007101943496455205,-146.70293721973096,0.5770895663438178,-0.5344904905220365,-0.3315513062600605,0.21591123183031755,-0.04711131066727332,0.005607056215156724,-0.3206750389991018,0.020843800910488892,-0.7323661963534717,0.06443037935943866,0.008457326870483239,REIT—Office,Real Estate,EQC
2008Q4,2008,Q4,2009-03-02,2008-12-31,63463000.0,218406000.0,65679000.0,1.1170555905144532,124486000.0,0.569975183831946,6016099000.0,2921112000.0,0.0,0.0,3094987000.0,0.0,-701515000.0,765835870.0,3698147870.0,51.4164866161205,0.0,0.48999027442866216,1.0091465168059286,0.011002297090081721,51.4164866161205,0.02172563051331137,3.5064781645192897,3.0168597056552637,0.2621727171022542,0.9530435056647181,0.0,0.07897645222598414,0.03630359141363864,0.0,0.010548862310942689,-33.609930220310716,0.569975183831946,-0.1273003199105834,0.13342354902351286,0.04835220242102388,-0.08806165676938123,0.01525914447661379,-0.25968223601325185,-0.01747273624844795,0.2872426109084063,0.040587044521185354,-0.021133170124788082,REIT—Office,Real Estate,EQC
2008Q3,2008,Q3,2008-11-10,2008-09-30,85724000.0,211689000.0,66847000.0,1.28,122615000.0,0.5792223497678197,6070543000.0,2918108000.0,0.0,0.0,3152435000.0,0.0,-704495000.0,1565759333.1872501,4544654333.18725,51.36361116122701,0.0,0.494806807232895,1.0293470975029027,0.01096542693179444,51.36361116122701,0.029376568653387742,7.3965077693562264,4.566280543334568,0.5365666154875866,0.7053683915822874,0.0,0.03861832321121392,0.03487150984681271,0.0,0.014121306776016578,-15.46413697827429,0.5792223497678197,0.28,1.186764043683561,0.042386058175941044,-0.09120679485463999,0.0,0.2596837712337624,0.008143936537620463,0.9843512255167055,0.023401715137348452,-0.026505565607688845,REIT—Office,Real Estate,EQC
2008Q2,2008,Q2,2008-08-07,2008-06-30,68052000.0,204273000.0,66307000.0,1.0,0.0,0.0,6003146000.0,2878478000.0,0.0,0.0,3124668000.0,0.0,-729752000.0,1526289730.0,4047335730.0,51.071027150264584,0.0,0.4254973975312278,0.8873866675374973,0.012207155884873444,51.071027150264584,0.023641660627595557,7.471813357614565,5.607071540880503,0.5302419299365845,0.8818256627285017,0.0,0.03931756783818496,0.03402765816456904,0.0,0.011336056127903603,21.45021052631579,0.0,2.571428571428571,0.4394026831338624,-0.028414325749921667,-0.17766898345828347,0.0,1.4831058892213385,-0.08494107256217051,0.18857761327711006,0.03879405833459876,0.001646374619188273,REIT—Office,Real Estate,EQC
2008Q1,2008,Q1,2008-05-09,2008-03-31,27406000.0,215164000.0,72462000.0,0.28,0.0,0.0,5959846000.0,2870279000.0,0.0,0.0,3089567000.0,0.0,-737794000.0,1517238120.0,4451469120.0,50.92668689341921,0.0,0.4977135315241367,1.033452148728399,0.012250490391342468,50.92668689341921,0.00954820071498276,7.0515426372441485,13.840382762898637,0.5286030103693753,2.189666496387652,0.0,0.03955213041971289,0.036102275125900904,0.0,0.004598440966427656,-23.293030382117692,0.0,-0.459752538301976,-0.4260916415834594,0.01937913525151407,-0.1443075068777387,0.0,-0.0026565741111394155,0.007410084944876197,-0.32187454768435897,0.025690694611920712,-0.10210497971396325,REIT—Office,Real Estate,EQC
2007Q4,2007,Q4,2008-02-29,2007-12-31,27479000.0,213748000.0,71929000.0,0.5182810098171428,0.0,0.0,5859332000.0,2902883000.0,0.0,0.0,2956449000.0,0.0,-705190000.0,1639362940.0,4445649940.0,54.75123303690152,0.0,0.4823358703688407,0.9735721350119864,,54.75123303690152,0.009466106625723461,7.6696059846174,14.914688853306162,0.5647361398995413,2.295461989155355,0.0,0.03847653162148462,0.0364799263806864,0.0,0.004689783750093014,-40.19622744213417,0.0,0.6196281556785711,-0.4715122149768586,0.12419082731144819,-0.08459589518907742,0.0,-0.14539404117683646,-0.019853923091597853,-0.4529835399624214,25.01645659123131,0.05177245053375284,REIT—Office,Real Estate,EQC
2007Q3,2007,Q3,2007-11-07,2007-09-30,32154000.0,211217000.0,73386000.0,0.32,0.0,0.0,5800512000.0,2938536000.0,0.0,0.0,2861976000.0,0.0,-669592000.0,2120780000.0,4832840000.0,55.42368373900169,0.0,0.4719754049297717,0.9316540617504772,,55.42368373900169,0.010942183454618217,10.040763764280337,16.48923928593643,0.7217131251752573,1.8632829507992785,0.0,0.028249983496638032,0.03641350970397096,0.0,0.00554330376352984,-378.4403997144897,0.0,0.0,-0.28200839443353665,0.2570272158561043,-0.07529380759508376,0.0,0.02160513439664485,-0.007197164425444411,-0.2615891570029285,-0.44967474687422143,0.06158765036266273,REIT—Office,Real Estate,EQC
2007Q2,2007,Q2,2007-08-08,2007-06-30,31474000.0,209995000.0,73918000.0,0.32,0.0,0.0,5750889000.0,2961698000.0,0.0,0.0,2789191000.0,0.0,-641834000.0,2201898294.1395,4836140294.1395,55.95473287959154,0.0,0.46310544334971515,0.8992368566950445,,55.95473287959154,0.010627011937071234,10.485479626369676,17.489819328171663,0.7434580751107979,1.8996949863379298,0.0,0.027154296889705467,0.03651522399406422,0.0,0.005472892973590692,-38.080631838046074,0.0,0.0,-0.28581886626172315,0.26835281013436363,0.09608212366405297,0.0,-0.05050078436104742,0.01313048245614035,-0.24833204472860584,0.26547053755733446,0.06621295836484176,REIT—Office,Real Estate,EQC
2007Q1,2007,Q1,2007-05-07,2007-03-31,33148000.0,205050000.0,72960000.0,0.32,0.0,0.0,5636768000.0,2979177000.0,0.0,0.0,2657591000.0,0.0,-613517000.0,2590490752.65225,5114941752.65225,56.582140364371895,0.0,0.4519451572248494,0.8551052857886591,,56.582140364371895,0.01112656280576817,12.633458925395026,19.537308077804468,0.8695323415333328,1.865813925425365,0.0,0.023875012847151645,0.03637722893686595,0.0,0.005880674883195477,-54.303428489272385,0.0,-0.5564759616653906,-0.042080840166392006,0.2709308483699057,0.1056068974202486,0.0,-0.12485149299046915,-0.028598817702508387,-0.4494129626133639,0.23127421808761625,0.045156310199995955,REIT—Office,Real Estate,EQC
