Quarters,Year,Quarter,FillingDate,Date,NetIncome,Revenue,OperatingIncome,EPSDiluted,GrossProfit,GrossProfitRatio,TotalAssets,CommonStockEquity,CurrentAssets,CurrentLiability,TotalLiability,Inventory,RetainedEarnings,MarketCap,EnterpriseValue,bookValuePerShare,currentRatio,debtToAssets,debtToEquity,roic,shareholdersEquityPerShare,roe,priceToSalesRatio,peRatio,pbRatio,payoutRatio,inventoryTurnover,dividendYield,assetTurnover,quickRatio,returnOnAssets,priceToFreeCashFlowsRatio,grossProfitMargin,epsdilutedGrowth,fiveYNetIncomeGrowthPerShare,fiveYRevenueGrowthPerShare,fiveYShareholdersEquityGrowthPerShare,grossProfitGrowth,netIncomeGrowth,operatingIncomeGrowth,threeYNetIncomeGrowthPerShare,threeYRevenueGrowthPerShare,threeYShareholdersEquityGrowthPerShare,Industry,Sector,Symbol
2023Q1,2023,Q1,2023-04-27,2023-03-31,-5993000.0,24717000.0,2957000.0,-0.26,17479000.0,0.707165109,981254000.0,478629000.0,113816000.0,66607000.0,502625000.0,0.0,300066000.0,391885348.54,850489348.54,21.080493493256434,1.7087693485669675,0.47452239685137587,0.9728349097108616,0.003144083515185016,21.080493493256434,-0.012521180287863878,15.854891311243275,-16.347628422326046,0.8187664110198087,-1.6440847655598199,0.0,0.02514255773202069,0.02518919668098168,1.5808098247931899,-0.006107491026788171,42.01622692612845,0.7071651090342679,-0.7333333333333335,-1.4019583596951402,-0.27206187595944,0.7962671631286892,0.12361789663152481,-0.9464111724585904,-0.06866141732283465,0.6957429934815409,0.19849548044505472,0.09458984460871352,REIT—Diversified,Real Estate,CTO
2022Q4,2022,Q4,2023-02-23,2022-12-31,-3079000.0,22530000.0,3175000.0,-0.15,15556000.0,0.6904571682,986545000.0,504770000.0,95591000.0,26307000.0,481775000.0,-5421000.0,316279000.0,363493814.96000004,840413814.96,25.384738942574277,3.633671646329874,0.5030211495674297,0.9831269687184262,0.001792439467051151,25.384738942574277,-0.006099807833270599,16.13376897292499,-29.51395054887951,0.7201177069952652,-3.1825267944137705,-1.2864785095000921,0.02695781770338599,0.022837275542423305,3.562930018626221,-0.003120992960280575,16.509688647863015,0.6904571682201509,-1.789473684210526,-1.1050963969093663,0.07022477944805598,1.2757575106318455,-0.04803867572363992,-1.6391945194104214,-0.4335414808206958,-1.0226978048482485,15.095460901288769,0.25709810712849385,REIT—Diversified,Real Estate,CTO
2022Q3,2022,Q3,2022-10-27,2022-09-30,4817000.0,23117000.0,5605000.0,0.19,16341000.0,0.7068823809,845772000.0,444404000.0,147159000.0,67391000.0,401368000.0,0.0,329317000.0,344561791.9,705360791.9,24.170210266427397,2.183659539107596,0.43786150404600765,0.8333205821729778,0.007119758617800249,24.170210266427397,0.010839236370509717,14.905125747285547,17.882592479759186,0.7753345872224372,1.7209881669088645,0.0,0.024059545181393634,0.02733242528719324,1.4998293540680507,0.005695388355254134,29.533024076454957,0.7068823809317818,1.8106508875739649,3.366443703378786,0.6365244176596369,1.4420259478972113,0.13298204257089372,2.9548440065681447,0.11653386454183266,1.5747648172845938,0.5629635548379978,0.7738089717786848,REIT—Diversified,Real Estate,CTO
2022Q2,2022,Q2,2022-07-28,2022-06-30,1218000.0,19463000.0,5020000.0,0.0676,14423000.0,0.741047115,802355000.0,431494000.0,157049000.0,66290000.0,370861000.0,0.0,332916000.0,366974758.9422,703145758.9422,23.95520807899655,2.3691205310001506,0.4278754416685881,0.7956263586515687,0.005510036557958359,23.95520807899655,0.002822750721910386,18.854994550798953,75.323226383867,0.8504747666067198,6.548440065681445,0.0,0.021734464852543857,0.024257342448168205,1.880721074068487,0.001518031295374242,33.40689658099226,0.7410471150387915,4.929824561403508,-0.6972257643035604,-0.22062513397309616,1.476327365759852,0.09739024575819828,5.02970297029703,0.4400458978772232,-0.9052120484097403,-0.10526144938433828,0.8017198575694242,REIT—Diversified,Real Estate,CTO
2022Q1,2022,Q1,2022-04-28,2022-03-31,202000.0,17210000.0,3486000.0,0.0114,13143000.0,0.7636839047,754219000.0,430539000.0,109384000.0,62694000.0,323680000.0,0.0,339828000.0,391878308.3292,680650308.3292,24.28763294370586,1.744728363160749,0.3954050481358863,0.6926712794891984,-0.003116353567335563,24.28763294370586,0.0004691793310245994,22.770383981940732,484.99790634801985,0.910203972994781,37.68316831683168,0.0,0.019424397416775332,0.022818306088815053,1.2739656107442499,0.0002678267187647089,34.29106653213161,0.763683904706566,-0.8963636363636363,-0.9850062433018165,-0.579401986452041,1.5774087538939803,0.0247953216374269,-0.8954451345755694,-0.3244186046511628,-0.9717455373546539,0.09192906620010086,0.8206005577120351,REIT—Diversified,Real Estate,CTO
2021Q4,2021,Q4,2022-02-24,2021-12-31,1932000.0,24700000.0,5160000.0,0.11,12825000.0,0.5192307692,733139000.0,430480000.0,130967000.0,56026000.0,302659000.0,0.0,343459000.0,361787656.1202,631643656.1201999,24.360549717240385,2.337611109127905,0.3798338377851949,0.6468848727002416,0.004360379566117985,24.360549717240385,0.0044880133804125625,14.647273527133603,46.81517289340062,0.8404284894076379,3.6625258799171845,0.0,0.019558434015916445,0.03369074622956902,1.7489558419305322,0.0026352437941509045,23.78304339470155,0.5192307692307693,-0.9147286821705426,-0.6395698680067428,-0.15044141959342183,1.7596052323189817,0.039218863949436834,-0.9193218357205496,-0.8071748878923767,-0.8489421084287572,-0.22970577040756238,0.8749609272799364,REIT—Diversified,Real Estate,CTO
2021Q3,2021,Q3,2021-10-28,2021-09-30,23947000.0,16577000.0,26760000.0,1.29,12341000.0,0.7444652228991977,686682000.0,435147000.0,124985000.0,68885000.0,251535000.0,0.0,348681000.0,317242867.20000005,540322867.2,24.58001438716035,1.814400812949118,0.33506776062282106,0.5287523526532413,0.040164704125045206,24.58001438716035,0.05503197769949006,19.13753195391205,3.3119270388775215,0.7290475797833835,0.2937319914811876,0.0,0.022172287314392292,0.02414072307123239,0.7815344414604051,0.03487349311617313,-53.5430999493671,0.7444652228991977,7.142857142857143,1.8180974246403967,0.3037840810684696,1.9102794575457605,0.12569552129891454,7.430451127819549,3.9185298287708585,74.23852431951124,-0.16296337578589173,0.9655160691138367,REIT—Diversified,Real Estate,CTO
2021Q2,2021,Q2,2021-07-29,2021-06-30,-3724000.0,14283000.0,-9169000.0,-0.21,10963000.0,0.7675558356087656,689872000.0,344891000.0,71900000.0,67029000.0,344981000.0,0.0,331895000.0,315675945.6,616050945.6,19.491049368064363,1.0726700383416132,0.4422211656655148,0.8845577298334836,-0.006832136289005492,19.491049368064363,-0.010797614318726787,22.10151547994119,-21.191994199785178,0.9152919200559017,-1.5751879699248121,0.0,0.018582347124519078,0.020703840712479996,0.7824672902773426,-0.005398102836468214,26.41197670682731,0.7675558356087656,-1.4772727272727273,-3.2548946472530975,0.054986213595355604,1.3880584396361253,-0.06403141808247247,-1.4783558124598588,-3.0562906481273826,-1.2464942083000121,-0.03206380027947697,0.5602716376386623,REIT—Diversified,Real Estate,CTO
2021Q1,2021,Q1,2021-04-29,2021-03-31,7785000.0,14712000.0,4459000.0,0.44,11713000.0,0.796152800435019,673435000.0,354373000.0,56123000.0,8450000.0,319062000.0,0.0,341645000.0,305771798.7585,726390798.7585,20.09229894334464,6.641775147928994,0.6315531565778435,1.200176085649866,0.006058249136336908,20.09229894334464,0.021968377952044878,20.783836239702282,9.819261360260116,0.8628529790884182,0.7615928066795119,0.0,0.019390277403190975,0.021846206389629287,5.842248520710059,0.011560135722081567,48.244209333938144,0.796152800435019,-0.9204819229205977,4.296742605354405,-0.22301996537392893,1.4982638467264453,-0.04670572245959853,-0.9022989416697574,17.72543135783946,-0.3278245510914309,-0.4422267719961797,0.7120631846327815,REIT—Diversified,Real Estate,CTO
2020Q4,2020,Q4,2021-03-05,2020-12-31,79681839.0,15960851.0,-266600.0,5.533333,12286867.0,0.7698127750205801,665931000.0,350899000.0,75969000.0,8527000.0,315032000.0,0.0,339917000.0,202353522.9132,636215522.9132,24.369671680068983,8.909229506274189,0.6579525506396309,1.2486527462318218,0.007898433461678744,24.369671680068983,0.22707912818218348,12.678116155159897,0.6348796835411894,0.5766717001564553,0.1287683382909875,0.0,0.050705803646429536,0.023967724884409947,5.149173214495133,0.11965479756911752,76.71170960572346,0.7698127750205801,51.30302727272728,15.769223928676677,-0.03401910185006984,2.117211973977526,0.3215214687449852,53.370443324499966,-1.1796238141021538,2.7560024654168696,0.047027854518093486,1.1847561041699255,REIT—Diversified,Real Estate,CTO
2020Q3,2020,Q3,2020-11-06,2020-09-30,-1521504.0,14571974.0,1484213.0,-0.11,9297516.0,0.6380409407812558,685431961.0,280982312.0,81387217.0,12767679.0,404449649.0,0.0,320690858.0,205255908.89999998,644940083.9,20.123367013089677,6.374472368862031,0.6507370131227365,1.5874164598659861,0.0015352118947034796,20.123367013089677,-0.0054149458347399464,14.085662580786925,-33.725824726717775,0.7304940565084396,-1.2236129513954612,0.0,0.00907029673336727,0.02125954847325831,3.825994215550062,-0.0022197739331854703,-8.293345631239779,0.6380409407812558,-1.1217789468556678,-1.9080578357735425,1.1799005702968837,1.6569005854757717,-0.1046862839619184,-1.1206535113053193,-0.8622308712646858,-2.816115706474553,0.3584029039555266,1.0331550227877868,REIT—Diversified,Real Estate,CTO
2020Q2,2020,Q2,2020-08-07,2020-06-30,12610524.0,13009743.0,10773190.0,0.903276,10384646.0,0.798220687372533,688852871.0,283676527.0,94273384.0,33967195.0,405176344.0,0.0,324074094.0,183818731.86270002,444205557.8627,20.31938578947847,2.7754244646930664,0.39353593258087766,0.9556249149934073,0.01457750651138759,20.31938578947847,0.04445388602772904,14.129313074262882,3.6441533250858567,0.647987106323746,0.0922338358025408,0.0,0.006327521619879136,0.018886098247821632,1.542802665925167,0.01830655649542905,32.54115414485676,0.798220687372533,2.0422411375995626,66.74567450291998,1.0633713725507024,1.6093218464746615,0.12864674826167805,2.0284349216542124,36.252080761557,3.0445177854917422,-0.32784827233980013,1.100480652056399,REIT—Diversified,Real Estate,CTO
2020Q1,2020,Q1,2020-05-11,2020-03-31,-12261859.0,12838432.0,289197.0,-0.866667,9200971.0,0.7166740455532264,717035731.0,272207585.0,60648326.0,10591630.0,444828146.0,0.0,312626687.0,213567580.67999998,707528299.68,19.258806024088543,5.726061616578374,0.7148231850108457,1.8829518104721439,0.00027625766080481426,19.258806024088543,-0.04504598576854499,16.63502059129962,-4.354306730325312,0.7845761560244546,-0.09661283823276715,0.0,0.0055469701732260126,0.017904870629103977,4.777628750249018,-0.01710076425745093,-1.588829557894184,0.7166740455532264,-1.1270419827524523,-44.37659510401305,1.1958655425292601,1.5884904947533087,0.7096424808753933,-1.1271687660211853,1.5395063801208866,-2.141489316185195,-0.6064909041733453,1.0437485757085923,REIT—Diversified,Real Estate,CTO
2019Q4,2019,Q4,2020-03-06,2019-12-31,96421939.0,994965.0,-536040.0,6.821894473173839,5381810.0,5.40904453925515,703286203.0,285413422.0,183239137.0,84643246.0,417872781.0,0.0,326073199.0,284191877.8596,565300431.8596001,20.193124783680535,2.1648406182343245,0.40891345482573044,1.0076021967880684,-0.0006730760268338567,20.193124783680535,0.3378325319262666,285.6300250356545,0.7368444381200424,0.9957200886635247,0.00656523822861517,0.0,0.002227484489591004,0.0014147369815528715,0.6008984107249384,0.13710199146335308,-3.753099008149872,5.40904453925515,65.01854657441321,169.547361829346,-0.8516668873543685,1.6805706687982642,-0.4580085289628735,63.88594314216075,-1.0962462628802814,21.489762058327816,-0.9572142437956741,1.2875121233605544,REIT—Diversified,Real Estate,CTO
2019Q3,2019,Q3,2019-10-23,2019-09-30,1486022.0,11748131.0,5569463.0,0.103333,9929695.0,0.8452148686459148,583461366.0,199001922.0,27345629.0,88620942.0,384459444.0,0.0,230284293.0,319350011.6133,596409505.6133001,13.626163048544482,0.30856847583497815,0.4841301197652905,1.41943966249733,0.00862940505488269,13.626163048544482,0.0074673751140956314,27.18304823237841,53.72565339094913,1.6047584284804046,0.36035469192246145,0.0,0.0016768278707577733,0.020135233769702585,0.15007591546476678,0.0025469072788617164,-10.481481931934471,0.8452148686459148,-0.8551405865142927,-0.4912416457534473,-0.0055028291356663305,0.866579177065331,-0.1601738129922818,-0.8597668842984456,-0.6806803780558451,-0.7880173586312789,0.1200532964994259,0.6133408947906416,REIT—Diversified,Real Estate,CTO
2019Q2,2019,Q2,2019-07-31,2019-06-30,10596798.0,17938831.0,17441656.0,0.713333,11823512.0,0.6591015880577725,577523306.0,197500410.0,75276722.0,86384791.0,380022896.0,0.0,229333766.0,296493963.72,573162682.72,13.29574516168838,0.8714117511727267,0.48359948957627,1.4141235251106568,0.027286053244049417,13.29574516168838,0.05365456203356742,16.52805379124203,6.9948951494593,1.5012321428598554,0.04663031228867437,0.0,0.0016665836761069557,0.03106165727621735,0.11314482430130554,0.018348693273341248,-9.227867698254348,0.6591015880577725,0.7685956765253525,15.462554701602215,2.2175505785289995,0.8114753324414483,0.10483983553055153,0.6383172242725412,0.4877373969728783,6.643329109574783,0.5783845004516173,0.6290049778768929,REIT—Diversified,Real Estate,CTO
2019Q1,2019,Q1,2019-04-30,2019-03-31,6468099.0,14259319.0,11723612.0,0.403333,10701562.0,0.7504960089608768,518507258.0,213948954.0,73167904.0,85629151.0,304558304.0,0.0,219231100.0,317597602.113,522350460.113,13.34045122683492,0.8544742432398985,0.40006202381838213,0.9695539946411703,0.020841131055878107,13.34045122683492,0.030231972996699018,22.272985274612342,12.275538845068699,1.484455035536187,0.08269755920557184,0.0,0.0016841940759039047,0.027500712439400415,0.15117773385374333,0.012474461832894922,78.89326081350097,0.7504960089608768,-0.4423965172334181,3.6535555827094615,1.1679970270423052,0.9090938451093872,-0.6158504674614864,-0.4516892468395684,-0.47246935977781424,3.8396979350414435,-0.1718132581920233,0.6587433370863053,REIT—Diversified,Real Estate,CTO
2018Q4,2018,Q4,2019-02-28,2018-12-31,11796411.0,29575119.0,22223566.0,0.723333,27857803.0,0.9419337585759164,556329872.0,211761473.0,107537507.0,84727319.0,344568399.0,0.0,213297897.0,285226672.5,530540994.5,12.992563931762026,1.2692188100511006,0.4451042869759832,1.16935723714011,0.03413327519707531,12.992563931762026,0.055706124598028275,9.64414285196959,6.044776510838763,1.346924293920075,0.03688960989914644,0.0,0.0015256812982663813,0.05316111984725494,0.10993925111686823,0.021203986328456582,-5.285946141097546,0.9419337585759164,42.39911201775964,5.78530048653672,2.2636531336228902,0.8773420110913658,1.8751740618617818,38.82959564037114,6.981243854315034,1.193228478642586,0.58131853552895,0.6619253797284835,REIT—Diversified,Real Estate,CTO
2018Q3,2018,Q3,2018-10-26,2018-09-30,296172.0,18428697.0,2784474.0,0.016667,9689084.0,0.5257606655532944,476159770.0,206012014.0,25347235.0,84121763.0,270147756.0,0.0,201936651.0,337048689.78000003,509087689.78000003,12.50562881342526,0.30131602210952235,0.37247895386038177,0.8609182035373918,0.0047434345726304296,12.50562881342526,0.0014376443113652585,18.289339163805234,284.5041815060168,1.636063272407016,1.2982557432843078,0.0,0.0011408055027627528,0.03870275937003246,0.14916868777464876,0.0006220013085103767,42.847071499016444,0.5257606655532944,-0.9804683517454499,-0.754836645083825,1.9738877190418616,0.806560073958528,0.03099480399723297,-0.9790881929050164,-0.870480484908475,-0.8501779518508195,1.3367069306734176,0.6511259022667303,REIT—Diversified,Real Estate,CTO
2018Q2,2018,Q2,2018-08-01,2018-06-30,14162908.0,13833185.0,21498490.0,0.853333,9397801.0,0.6793663932059031,480549646.0,207219742.0,17852863.0,85617328.0,273329904.0,0.0,202024986.0,340110380.664,512931664.664,12.492087209610757,0.20851927310789237,0.3686062605069529,0.854810484225002,0.041753401316395954,12.492087209610757,0.06834729096419781,24.586556217096785,6.00354073937358,1.6413029829175252,0.023461707157880287,0.0,0.0009769945843795642,0.028786172490490192,0.18156732244668977,0.0294723097142808,127.32560767539212,0.6793663932059031,0.3061226051645944,57.387123133353235,1.8877941960310098,0.8563432397835011,-0.5315133252585218,0.29788489116729666,0.2655966306156259,63.035023944905014,0.8464926043597059,0.6041762483284524,REIT—Diversified,Real Estate,CTO
2018Q1,2018,Q1,2018-05-01,2018-03-31,10912299.0,24851599.0,16986842.0,0.653333,20059911.0,0.8071879398987566,484443604.0,195020885.0,17551560.0,83749800.0,289422719.0,0.0,188194364.0,348141108.3,543675982.3,11.735722795566225,0.20957136614057587,0.411316376880063,1.0217346106290104,0.03256311576358306,11.735722795566225,0.05595451482029733,14.008801135894718,7.975888222545954,1.78514782301393,0.03044353898294026,0.0,0.0009542366358922745,0.05129926124486515,0.27694136583012735,0.022525426922552577,-20.103904778684225,0.8071879398987566,-0.5525116438356164,31.833333754570575,3.9852542923863488,0.7184210631268015,0.7510355902617897,-0.5514367360616238,2.0214719135858465,31.833333754570575,2.6153277888213875,0.5773463249687925,REIT—Diversified,Real Estate,CTO
2017Q4,2017,Q4,2018-02-28,2017-12-31,24327224.0,17480622.0,5622042.0,1.46,11456027.0,0.6553557991243103,466130378.0,184178208.0,23371693.0,79308810.0,281952170.0,0.0,177614274.0,349497988.723,538754943.723,11.15441290382753,0.2946922668490424,0.4200892566585738,1.0631896472790092,0.10620867143639483,11.15441290382753,0.1320852464804088,19.993452677084374,3.5916345071163893,1.8976077165600393,0.011321801451739829,0.0,0.0007880674821802614,0.037501572145980155,0.32297751031694966,0.05218974164348499,-9.583302416325017,0.6553557991243103,23.333333333333332,441.0000133238935,3.811628832284167,0.8112337862828964,0.28511533479105033,24.160020684662324,0.4962390707099418,35.83333444365779,1.2308302524872565,0.48071149849127726,REIT—Diversified,Real Estate,CTO
2017Q3,2017,Q3,2017-10-30,2017-09-30,966900.0,12380602.0,3757449.0,0.06,8914396.0,0.7200292845210596,436710801.0,159499918.0,37288981.0,77987255.0,277210883.0,0.0,153562478.0,322675479.5,490382465.5,9.897605833074776,0.4781419861488906,0.3976350701708429,1.0887248857394396,0.006438012976597991,9.897605833074776,0.006062072082068406,26.062987849863845,83.43041666666666,2.0230447986813385,0.28541007343055125,0.0,0.000855233872829807,0.028349658336020867,0.16287740862272945,0.002214051032825268,451.5375125067344,0.7200292845210596,-0.7313428826013173,2.8,2.3402504072970793,0.4482244968890151,-0.36249624909284545,-0.7371774450461931,-0.5326792536745963,-0.7000000000000001,-0.050204924120034855,0.3558229770919379,REIT—Diversified,Real Estate,CTO
2017Q2,2017,Q2,2017-08-09,2017-06-30,3678908.0,22837783.0,8040407.0,0.223333,13983284.0,0.6122872784980924,432041488.0,159351905.0,20764933.0,78643810.0,272689583.0,0.0,152871541.0,312706623.5426,474263175.5426,9.673683863541193,0.2640377290978146,0.3904947225809018,1.0587254730340374,0.015270012055921413,9.673683863541193,0.02308668980141781,13.692512252288235,21.249962185966595,1.9623651411170766,0.06020155981068295,0.0,0.0007082549051597826,0.05286016189260046,0.17702788051596177,0.008515172968758963,-43.23415959144791,0.6122872784980924,-0.7048463855302266,5.700000157836696,4.376598744421563,0.5215469155187697,-0.4744234175901343,-0.7113765212932412,-0.6481131614289751,4.153846180201326,2.693814962036822,0.31798853539522043,REIT—Diversified,Real Estate,CTO
2017Q1,2017,Q1,2017-05-09,2017-03-31,12746392.0,38713284.0,22849411.0,0.756667,26605607.0,0.6872474833186458,414941060.0,158043107.0,19215874.0,77146601.0,256897953.0,0.0,149414109.0,299317142.6256,451702588.6256,9.423275569702248,0.2490825746166056,0.3779170709208676,0.9922185976766452,0.044479023230791136,9.423275569702248,0.08065136304869025,7.731639161007369,5.870624852617117,1.893895585244347,0.017620201857906144,0.0,0.0007503546172794145,0.09329827228956325,0.138895361054209,0.03071856036613971,50.6789700119926,0.6872474833186458,1.5222233333333333,24.333333456925732,7.021459299895567,0.3623448499444205,0.8280539588266093,1.5017093965091373,1.2154009920986195,7.769230755600844,4.628412148915122,0.3485239056007854,REIT—Diversified,Real Estate,CTO
2016Q4,2016,Q4,2017-02-24,2016-12-31,5095073.0,27635543.0,10313894.0,0.3,14554060.0,0.5266428092257858,408623426.0,148275842.0,26885642.0,76497262.0,260347584.0,0.0,136892311.0,299098142.7248,459790308.7248,8.827548749343928,0.3514588796655232,0.41229091941488444,1.136204830993305,0.019809418940391225,8.827548749343928,0.03436212488343179,10.822951541961741,14.67585168675699,2.017173793724267,0.0443522595260166,0.0,0.0007555312712453793,0.06763083377407736,0.5075412110828228,0.012468871522799086,-12.400204072922275,0.5266428092257858,-0.375,10.504108474679786,7.749113650841952,0.33955998946358434,0.7819902915355442,-0.3756813797893252,-0.3504903709554244,1.8437499925581697,1.95915223999958,0.2755240773983933,REIT—Diversified,Real Estate,CTO
2016Q3,2016,Q3,2016-10-28,2016-09-30,8161014.0,12210945.0,15879509.0,0.48,8167306.0,0.6688512641732478,377543470.0,143598635.0,25491127.0,76782114.0,228272017.0,0.0,131144058.0,290112137.68960005,418945780.68960005,8.445929246907678,0.3319930342110664,0.36519007731745434,0.9601423370075907,0.03394507143145337,8.445929246907678,0.0568321140378528,23.75836904429592,8.887135155312809,2.020298714466193,0.027878766045493858,0.0,0.0007842450226726799,0.03234314978352029,0.5325015146105511,0.021616090989469372,-145.98408970304226,0.6688512641732478,4.142875510269679,2.954193351339772,2.6401305523961254,0.27586074908374064,-0.09707899914509287,4.196631778421757,2.3551556899537447,5.545454702818649,0.90925243932923,0.22009686938428183,REIT—Diversified,Real Estate,CTO
2016Q2,2016,Q2,2016-07-29,2016-06-30,1570443.0,12873938.0,4732868.0,0.093333,9045427.0,0.7026153924308164,387130138.0,137333242.0,82052949.0,80357238.0,244211912.0,0.0,123210563.0,266245614.8775,397806157.8775,8.161881235634361,1.0211021563483802,0.40374738016392825,1.1381277884636263,0.009789989495154864,8.161881235634361,0.011435272168117898,20.6809769378647,42.38383928571428,1.9386829510476422,0.0,0.0,0.0,0.033254806940398944,0.3876242610528749,0.004056628109899312,-257.753163641829,0.7026153924308164,0.12000048000191994,4.0277594092514635,2.450139255294718,0.19133228862640334,-0.3283787672868407,0.10228339924111297,-0.2597162411493504,5.382598721054932,1.649513807536209,0.21286801808660727,REIT—Diversified,Real Estate,CTO
2016Q1,2016,Q1,2016-05-03,2016-03-31,1424718.0,18354435.0,6393316.0,0.083333,13468048.0,0.7337762235666747,408254856.0,137499616.0,78836596.0,84349039.0,265180455.0,0.0,121868720.0,262945954.08,428882576.08000004,8.042504785742395,0.9346472340959332,0.4245088954924764,1.2604240145659753,0.007607615196699766,8.042504785742395,0.010361614391708556,14.326017340223222,46.14000000000001,1.9123395521337312,0.0,0.0,0.0,0.044958277238470866,0.1622090323992903,0.003489776004036067,-220.1495433093017,0.7337762235666747,-0.7448992398987349,6.52710453641297,3.829629807519825,0.1769203057302836,-0.03171370749302672,-0.7495803542144389,-0.4414279237810901,3.166666666666666,2.578780992001222,0.17763599778781483,REIT—Diversified,Real Estate,CTO
2015Q4,2015,Q4,2016-03-01,2015-12-31,5689322.0,19783432.0,11445821.0,0.326667,13909159.0,0.7030710849361224,406016513.0,134781388.0,24683438.0,87654022.0,265628187.0,0.0,120444002.0,302913300.9,469914983.9,7.817778156733295,0.2816007461699818,0.42131872601940207,1.2691838430985738,0.02277901586398208,7.817778156733295,0.042211481009529296,15.311463698512977,13.310606294563746,2.2474416193131947,0.040618548220684295,0.0,0.0007628981603428824,0.04872568323347972,0.12119141549488739,0.014012538450622081,12.696332932774421,0.7030710849361224,1.722225,62.392736409671194,4.463316080193608,0.14155019800778013,1.494294963999104,1.7354206102205376,1.2253241021573111,97.99999825989813,4.215330264452037,0.26943695317939687,REIT—Diversified,Real Estate,CTO
2015Q3,2015,Q3,2015-10-30,2015-09-30,2079871.0,8297715.0,5143440.0,0.12,5576389.0,0.6720391095620902,333357568.0,131274535.0,26943063.0,75444704.0,196425836.0,0.0,114985772.0,287715482.8,435583201.8,7.57400074473851,0.35712331776131034,0.4562271194635065,1.1585397198321823,0.010889281595658717,7.57400074473851,0.01584367447959347,34.67406181099255,34.58333266822798,2.19170826085958,0.0,0.0,0.0,0.024891335300358322,0.16019840173274455,0.006239159388155844,-127.38066964005054,0.6720391095620902,8.000225005625142,12.642453880266523,1.4065869858732645,0.10927576681209449,0.08912975501563367,8.259633064282756,1.3527269949468497,4.600000069235065,1.0814737676741961,0.10823300129122097,REIT—Diversified,Real Estate,CTO
2015Q2,2015,Q2,2015-07-31,2015-06-30,224617.0,7608208.0,2186161.0,0.013333,5120041.0,0.6729628054332899,305810248.0,131185795.0,40687012.0,74270832.0,174624453.0,0.0,112905901.0,323672535.4575,424412738.4575,7.787228630661675,0.5478195262441654,0.432996028962378,1.0093670812453437,0.004947991438605407,7.787228630661675,0.0017122051972166652,42.542545558362754,360.249375,2.4672834086762214,0.0,0.0,0.0,0.024878852326753943,0.5277121037233028,0.0007344979491988771,211.19826554611814,0.6729628054332899,-0.33335000000000004,1.3859846148918273,1.8914854300338557,0.13847865276580335,0.10727697900926753,-0.36433228811736607,0.4634045279194477,-0.5999999999999999,0.751449197693961,0.2248316019586523,REIT—Diversified,Real Estate,CTO
2015Q1,2015,Q1,2015-05-06,2015-03-31,353356.0,7308325.0,1493887.0,0.02,4623993.0,0.6327021581552544,305088117.0,131451413.0,42705280.0,73398051.0,173636704.0,0.0,112914471.0,351354238.26000005,458489752.26000005,7.440168725025187,0.5818312532576648,0.43336429586341446,1.0058035435495851,0.003427247697011547,7.440168725025187,0.0026881110817728524,48.07589129656933,248.58375,2.6728829324946095,0.0,0.0,0.0,0.023954800573238975,0.42446474498348735,0.0011582096460348208,-1030.6363505323986,0.6327021581552544,-0.5,3.412808440098176,0.9165266724327763,0.08193504989241772,-0.14821112090907232,-0.4817398344411656,-0.24930226060528704,-0.3333333468176642,0.4374820020521156,0.07564248442921037,REIT—Diversified,Real Estate,CTO
2014Q4,2014,Q4,2015-02-27,2014-12-31,681812.0,8089161.0,1989998.0,0.04,5428567.0,0.6710914766067828,275922755.0,128404699.0,7410009.0,3775697.0,147518056.0,0.0,112561115.0,317042580.0,422075294.0,7.533143975172042,1.9625539337505102,0.3874776801210179,0.8326323711875996,0.005064847873916013,7.533143975172042,0.005309867982323606,39.19350597670142,116.25,2.469088611780477,0.3404222864953976,0.0,0.0007320909386997797,0.029316759322731464,0.7865861587939922,0.0024710249069526723,619.4488232053051,0.6710914766067828,-0.7999999999999999,7.49013091367609,1.3456062281359689,0.09581194312073532,-0.3854194097065062,-0.8040032874434665,-0.6693443707068727,2.253289032907845,1.5236269703525833,0.14313707582290097,REIT—Diversified,Real Estate,CTO
2014Q3,2014,Q3,2014-10-28,2014-09-30,3478691.0,14069135.0,6018340.0,0.2,8832962.0,0.6278255201901183,252336474.0,126973480.0,7662867.0,4938021.0,125362994.0,0.0,112111407.0,284499525.3985,366536591.3985,7.300072354802424,1.5518093179433623,0.3339046498684134,0.6635741731265458,0.01788186191836203,7.300072354802424,0.02739698872551969,20.22153639143416,20.445874999999997,2.2406216274335398,0.0,0.0,0.0,0.05575545531321009,0.6244602847983028,0.013785922204809757,32.36953042467871,0.6278255201901183,3.6154201186162966,15.37855596149994,2.196657293709807,0.0701064008577605,1.1692338787016565,3.8120798220520453,2.5817077793892635,1.8142472057794325,3.09970017446711,0.10276507305265814,REIT—Diversified,Real Estate,CTO
2014Q2,2014,Q2,2014-08-01,2014-06-30,722908.0,6261442.0,1680299.0,0.043333,4071927.0,0.6503177702516449,240579283.0,122445036.0,5629946.0,3883491.0,118134247.0,0.0,108632716.0,255242127.60000002,330697608.6,7.339732936781867,1.4497126425682458,0.3299742397187209,0.648331435828889,0.00503506042084627,7.339732936781867,0.005903938808919947,40.7641127395255,88.26922914119086,2.0845445102404967,0.0,0.0,0.0,0.026026521992751968,1.2327666009783464,0.0030048638892983984,1182.4319593073353,0.6503177702516449,-0.5000057692085799,2.9616038300763705,0.2243389663385799,0.07525414369854147,-0.21487026134761297,-0.5181920638866654,-0.42135853924539984,1.3343169116352362,0.6924819647890385,0.07132909497712443,REIT—Diversified,Real Estate,CTO
2014Q1,2014,Q1,2014-04-30,2014-03-31,1500407.0,7099985.0,2903869.0,0.086667,5186311.0,0.7304678812701717,209802834.0,120976278.0,2671687.0,4725673.0,88826556.0,0.0,108081712.0,232448239.9596,281865781.9596,6.9878446578253675,0.5653558762952917,0.24058871387790692,0.4172404279126524,0.010178734895474634,6.9878446578253675,0.012402489354152555,32.739257894150484,38.73086435207247,1.9214365312148223,0.0,0.0,0.0,0.03384122542405695,0.39340301370831204,0.007151509688377231,-1857.7430385825262,0.7304678812701717,-0.1874994140643311,3.620933128784153,0.8319373621336574,0.02174607917583162,0.07499517566287221,-0.18990102195960537,0.010405488725676452,6.748188871112945,0.8449450458358395,0.022583944949981106,REIT—Diversified,Real Estate,CTO
2013Q4,2013,Q4,2014-03-10,2013-12-31,1852128.0,9654120.0,2873964.0,0.106667,4824497.0,0.49973451749097797,226183680.0,120169357.0,6028971.0,5260743.0,106014323.0,0.0,106581305.0,210043469.79,271678378.78999996,6.920722944994442,1.1460303230931448,0.2943069146279696,0.5539467187129911,0.008115150504029438,6.920722944994442,0.01541264800143684,21.756873727486294,28.351640624999998,1.7478954288654471,0.09313881114048272,0.0,0.0008212823763217648,0.042682655088112455,1.07633579515289,0.008188601405724763,83.8020501678886,0.49973451749097797,0.454556611620962,-0.299042849091177,0.52441083738566,-0.07263588062922811,0.09260652891972411,0.4908814589665654,0.16380496911261797,19.490581825910887,1.6471082033994642,0.010562398910101816,REIT—Diversified,Real Estate,CTO
2013Q3,2013,Q3,2013-10-31,2013-09-30,1242304.0,6372495.0,2469455.0,0.073333,4415585.0,0.6929130583860795,228724403.0,117268017.0,4269086.0,6692660.0,111456386.0,0.0,104901682.0,217346730.47,286761955.47,6.922343183430911,0.6378758221693617,0.30673880040688095,0.5982760755645762,0.007947461896807234,6.922343183430911,0.010593715420292303,34.10700682699633,43.73863612891852,1.853418656085913,0.0,0.0,0.0,0.02786101927217622,2.801494174214737,0.005431444934190078,37.626662837870356,0.6929130583860795,4.500112502812571,10.000000059030103,0.8040116634744429,-0.0698238638157879,0.50953307080396,3.9342812884775786,6.393976322077238,8.11483282817819,0.8909552143314624,0.013835065737362429,REIT—Diversified,Real Estate,CTO
2013Q2,2013,Q2,2013-07-30,2013-06-30,251770.0,4971925.0,333982.0,0.013333,2925133.0,0.5883300733619272,201016878.0,115862120.0,2312141.0,640061.0,85154758.0,0.0,103659378.0,219749411.93039998,266444510.93039998,6.729405931991147,3.6123760079117457,0.23853271166613182,0.4138462251510675,0.0011613457349876808,6.729405931991147,0.002173013923791486,44.19805446188347,218.2045239011796,1.8966458746862218,0.0,0.0,0.0,0.02473386836701344,3.247427979520702,0.001252481893585075,460.4492654382399,0.5883300733619272,-0.33335000000000004,-0.8845545338029582,-0.14588636166432115,-0.022131524349985048,-0.10420185257945981,-0.25300775860790103,-0.5482535813654027,1.4233216629035101,0.8488528266693786,-0.016173100504368626,REIT—Diversified,Real Estate,CTO
2013Q1,2013,Q1,2013-05-03,2013-03-31,337045.0,5055378.0,739313.0,0.02,3265393.0,0.6459245975276231,205799077.0,115090148.0,3083005.0,451237.0,90708929.0,0.0,103579688.0,217281114.925,268611773.925,6.8293639128306305,6.832340876302253,0.2563679573742695,0.45842576377606187,0.002697809707439249,6.8293639128306305,0.0029285304246893487,42.98019157518983,161.16625,1.8879210662323591,0.0,0.0,0.0,0.024564629121247225,4.864084727094631,0.0016377381517605155,-273.9950832018724,0.6459245975276231,5.0006000600060005,1.0,0.29096341179396273,-0.08234891737682642,0.28800559475424736,4.451949984633053,0.8759718444236937,3.412808440098176,0.3898733606118371,-0.0068870130714849594,REIT—Diversified,Real Estate,CTO
2012Q4,2012,Q4,2013-03-08,2012-12-31,61821.0,4080661.0,394096.0,0.003333,2535232.0,0.6212797387482077,184696900.0,114216668.0,4974959.0,440541.0,70480232.0,0.0,103242643.0,191707539.21,223234843.21,6.158461148584893,11.292839939982885,0.17774550087196916,0.2874277771787214,0.0017505054547577595,6.158461148584893,0.0005412607553916737,46.979530818659036,775.2524999999999,1.678455015077134,1.8475275391857136,0.0,0.0005957825157563869,0.02209382507232119,3.499013712685085,0.00033471595895762194,24.786916437501223,0.6212797387482077,1.0999909999099993,-0.9947857140104381,-0.8172668389814374,-0.10013063148035733,0.1765422198461493,1.1110677930169635,1.5089345326110117,-0.29248909052699246,0.08750061913321186,-0.10415686994615758,REIT—Diversified,Real Estate,CTO
2012Q3,2012,Q3,2012-11-07,2012-09-30,-556606.0,3840622.0,-774355.0,-0.033333,2154816.0,0.5610591201112737,172505425.0,114120431.0,6145357.0,8218745.0,58384994.0,0.0,103295038.0,182289021.606,196634571.606,6.834303558830962,0.7477245005168064,0.09696419112616314,0.14657190525331962,-0.003665895460870602,6.834303558830962,-0.004877356272865812,47.463411292754145,-81.87525000000001,1.5973390567198262,0.0,0.0,0.0,0.022263775182722514,0.2897399785490364,-0.003226599975044263,-921.0702925875398,0.5610591201112737,-2.0,-1.270270266842452,-0.3605915814012256,0.09347856328337861,0.0033193849941821132,-1.9283172055384883,-2.114386699113936,-3.729759326916657,-0.09103540554667301,0.0018300680127878548,REIT—Diversified,Real Estate,CTO
2012Q2,2012,Q2,2012-08-08,2012-06-30,599586.0,4638245.0,694871.0,0.033333,2147687.0,0.46303871399634994,176564149.0,114361352.0,10984376.0,7467202.0,62202797.0,0.0,103851644.0,172560251.214,186827131.214,6.357795323217465,1.471016319097836,0.1182394564142237,0.182551610617545,0.003188830440862759,6.357795323217465,0.005242907586472045,37.203781002081605,71.94975,1.508903560479068,0.19098177742642422,0.0,0.0006635943051449943,0.026269460851874295,0.8852002396613886,0.003395853594265051,-28.127826770590815,0.46303871399634994,0.11110000000000009,-0.5,-0.0951423004134799,0.019344139513569673,-0.06169757006291649,0.2127524013907739,-0.09600398612661416,2.0473875053911152,-0.15885826570963668,-0.06859747827907156,REIT—Diversified,Real Estate,CTO
2012Q1,2012,Q1,2012-05-09,2012-03-31,494401.0,4742322.0,768666.0,0.03,2288907.0,0.48265533213476436,171460632.0,113991617.0,4456430.0,7673371.0,57469015.0,0.0,103366568.0,163427543.2511,177977473.2511,6.916953200275752,0.5807656113590755,0.09463891979588644,0.14235124851330078,0.0036460461343300805,6.916953200275752,0.004337169811355514,34.46150287793617,82.63916499516587,1.433680366610643,0.0,0.0,0.0,0.027658372331206618,0.21853745896034482,0.0028834665674158954,262.10431284768276,0.48265533213476436,1.9399667746808835,1.900000018203847,-0.4002585956703722,0.16811155805723668,2.291828340500194,1.902066501726038,1.4807350374216903,0.5995537650585321,0.2854143017616304,0.011380498321474029,REIT—Diversified,Real Estate,CTO
2011Q4,2011,Q4,2011-12-31,2011-12-31,-548076.0,3229280.0,-1598939.0,-0.03191602172341137,695330.0,0.21532044294703465,170265803.0,113164443.0,31011514.0,8187850.0,57101360.0,0.0,102872167.0,154952086.87530002,170212626.87530002,6.589886842528677,3.7875039234964003,0.08966400610696912,0.1349073401085887,-0.007751403951818492,6.589886842528677,-0.004843182058519919,47.983478321886,-70.68001831648348,1.3692647864250083,-0.20887979039403295,0.0,0.0007388219307567706,0.018966110299905612,0.04959531500943471,-0.003218943500944814,-38.37257094627542,0.21532044294703465,0.8706108975930652,-1.09947935018412,-0.8150553502837325,0.12058901228660815,-0.2627194754326419,0.8700623424605831,-2.856135806756574,-1.2097352842711238,-0.48440905854556954,-0.1169673086112031,REIT—Diversified,Real Estate,CTO
2011Q3,2011,Q3,2011-09-30,2011-09-30,-4217992.0,3388141.0,-414648.0,-0.246667,943101.0,0.2783535277900182,167593651.0,113677940.0,642707.0,8939034.0,53915711.0,0.0,103534725.0,150315527.8053,161960994.8053,6.6197892308961785,0.07189893225599098,0.07047690607324976,0.10390302639192793,-0.002008666599597201,6.6197892308961785,-0.037104754009441056,44.36519253634958,-8.909187582936383,1.3222928547552848,0.0,0.0,0.0,0.020216404259848723,0.07189893225599098,-0.025167970116003975,353.1758526102474,0.2783535277900182,-13.33335,-2.713667313849068,-0.5962400643381195,0.11788434333202366,-0.07715001996195486,-14.231587730800358,-2.098574085554867,-37.84384765101245,-0.053793917693492184,-0.11047895113212275,REIT—Diversified,Real Estate,CTO
2011Q2,2011,Q2,2011-06-30,2011-06-30,318782.0,3808210.0,377442.0,0.02,1021944.0,0.268352848188519,178611127.0,117649168.0,5123218.0,8068099.0,60961959.0,0.0,107752717.0,163709831.586,180564655.586,6.851053491587091,0.6349969181092101,0.09513911190986439,0.14443709453176923,0.0019345020672170948,6.851053491587091,0.0027095984223194846,42.9886565042369,128.3869788648669,1.3915086215144337,0.179561581268704,0.0,0.0003496491288608416,0.021321236050428145,0.6349969181092101,0.0017847824228778312,-133.63467892135455,0.268352848188519,2.1999760004799906,-0.9168793886126629,-0.5419479430986051,0.18008291825283512,-0.15762645362735045,2.2312701570073967,1.6513898740337671,-0.8534452377444747,-0.3440885394690945,-0.004454583046277307,REIT—Diversified,Real Estate,CTO
2011Q1,2011,Q1,2011-03-31,2011-03-31,-258905.0,3817125.0,-579441.0,-0.016667,1213172.0,0.31782349281199856,176913777.0,117344742.0,32037573.0,8206553.0,59569035.0,0.0,107491176.0,185456952.0,200902341.0,6.833516888598493,3.9039013091123644,0.08797611618455244,0.13263642439130335,-0.002792331395506672,6.833516888598493,-0.0022063621734325343,48.58550663129974,-179.07818697978024,1.5804453513562629,-0.2210849539406346,0.0,0.0003086430537260204,0.021576188495483876,0.6020404669292941,-0.0014634530130460106,-270.5173433844251,0.31782349281199856,-4.201717443366782,-1.119030631416735,-0.5216775030044722,0.254539366595847,0.43215747012728223,-3.8963206586792856,-3.478149858865794,-2.50772131745161,-0.04338934791570659,-0.08179088843619156,REIT—Diversified,Real Estate,CTO
2010Q4,2010,Q4,2010-12-31,2010-12-31,89391.0,3606767.0,233820.0,0.005205643625589188,847094.0,0.23486241279239828,177758950.0,117600100.0,32353910.0,9024447.0,60158850.0,0.0,107807321.0,165422449.602,180334080.602,6.848387543865166,3.5851404523734254,0.08578610528471281,0.1296703659265596,0.0006728749620961631,6.848387543865166,0.0007601269046539926,45.864467985317596,462.63731696143907,1.406652286877307,0.6403329194214182,0.0,0.00034602316757923254,0.02029021323539546,0.58802417477769,0.0005028776328843077,-63.447731994642574,0.23486241279239828,1.520564362558919,-0.959174498760666,-0.5538349221523979,0.24157004938356572,0.05139340711715592,1.5050538721870357,1.8272216856472685,-0.9918568856129315,-0.8255612944610511,0.0006808561083159986,REIT—Diversified,Real Estate,CTO
2010Q3,2010,Q3,2010-09-30,2010-09-30,-176993.0,3416026.0,-282657.0,-0.01,805687.0,0.2358550549673802,176524383.0,117247929.0,7038491.0,10243344.0,59276454.0,0.0,107775170.0,163190097.40199998,175642672.40199998,6.82787902822861,0.6871282464007847,0.0713308767095365,0.10739327429826075,-0.0013631668891566245,6.82787902822861,-0.0015095618447981286,47.77191315347131,-230.5036038176651,1.391837781646446,-0.3233969705016583,0.0,0.0003507504493915358,0.019351581588589947,0.6871282464007847,-0.001002654687086486,236.2765898267489,0.2358550549673802,0.7101449275362318,-1.0657900354058265,-0.47066456546763286,0.2647149318139999,9.148725248148335,0.7016155543679647,0.6951712832901058,-1.083571125928543,-0.44697122607415324,0.0924506477931817,REIT—Diversified,Real Estate,CTO
2010Q2,2010,Q2,2010-06-30,2010-06-30,-593171.0,2682061.0,-927265.0,-0.0345,79388.0,0.029599625064456028,175825726.0,117454376.0,5146585.0,9912440.0,58371350.0,0.0,108009402.0,163130352.0,189189301.0,6.84003043161459,0.5192046559676528,0.1488697052216352,0.22285354442647587,-0.004129868863986855,6.84003043161459,-0.005050224778342869,60.822759810459196,-68.75350952760671,1.3888827096574077,-0.09649831161671761,0.0,0.0003508850394683143,0.015254087447931254,0.5192046559676528,-0.0033736303184665937,468.3239705105533,0.029599625064456028,-11.351035103510352,-1.6908738234071854,-0.5505940106045574,0.27889713164763785,-0.9402087136754455,-8.622444390187486,-8.612700628053036,-1.5181553675553892,-0.4519037600858817,0.09666080458726332,REIT—Diversified,Real Estate,CTO
2010Q1,2010,Q1,2010-03-31,2010-03-31,77819.0,3705879.0,121805.0,0.003333,1327752.0,0.35828260987474225,176238184.0,118073468.0,5244408.0,8903791.0,58164716.0,0.0,108659813.0,180341839.55609998,193602320.55609998,6.876724000913919,0.5890084347217943,0.07645344325608802,0.11411552678371402,0.0005915658561740337,6.876724000913919,0.0006590727054785923,48.66371502040406,579.3631361110397,1.5273697182850594,0.7354630617201454,0.0,0.00031735841300540907,0.02102767354888314,0.5890084347217943,0.00044155584353955895,-912.5502952885276,0.35828260987474225,-0.2925598416179398,-0.9915547930952476,-0.8417540690460936,0.29975278415757084,1.300057685411827,-0.03800081589259886,1.7913732165596818,1.135967832763357,-0.5501667224307623,0.16131778753641368,REIT—Diversified,Real Estate,CTO
2009Q4,2009,Q4,2009-12-31,2009-12-31,80893.0,3473834.0,-153916.0,0.004711352558247025,577269.0,0.1661763342750402,176575132.0,118033579.0,5233533.0,45331164.0,58541553.0,0.0,108639227.0,199971556.24679998,212915276.24679998,6.874486103627042,0.11545110555731593,0.07481454976344007,0.11192060015396127,-0.0012235856384702026,6.874486103627042,0.0006853388729320831,57.565086946238644,618.0125482019457,1.6941920929704248,3.537549602561408,0.0,0.001431018517687709,0.019673404519952448,0.11545110555731593,0.00045812226831578977,-75.81348301301371,0.1661763342750402,-0.6466397241245762,-0.9941195735886985,-0.8868844628262031,0.46138999774033285,-0.702615710749528,-0.614174242351976,-1.453828689370485,-0.9853151406198314,-0.8010189005947128,0.16898419911038368,REIT—Diversified,Real Estate,CTO
2009Q3,2009,Q3,2009-09-30,2009-09-30,209662.0,4344610.0,339150.0,0.013333,1941155.0,0.44679614510853677,173814104.0,117129298.0,7731462.0,9929323.0,56684806.0,0.0,108844497.0,219201736.7268,229264404.7268,6.821819165786633,0.7786494607940542,0.059244191138827264,0.08791545903399849,0.0016453528047410194,6.821819165786633,0.0017900047518427029,50.45372006389526,261.3751379921016,1.8714509560776162,1.3648777556257214,0.0,0.0013054777953545895,0.024995727619434152,0.7455471032617229,0.0012062427339038033,181.8731765962937,0.44679614510853677,0.33329999999999993,-0.7182056422899867,0.07179185810678045,0.7482499935902575,-0.2802707982720463,0.11635757604800621,0.09047589956625328,-0.9148063586791711,-0.4821794998378362,0.15200115479247742,REIT—Diversified,Real Estate,CTO
2009Q2,2009,Q2,2009-06-30,2009-06-30,187809.0,5263530.0,311011.0,0.01,2697063.0,0.512405742913976,174201460.0,117201851.0,10077783.0,9088862.0,56999609.0,0.0,108920998.0,200771669.1132,211691777.1132,6.826044781874039,1.1088058108924967,0.06677810277824307,0.09925477200867758,0.001457751745038491,6.826044781874039,0.0016024405621375382,38.14392035633881,267.2551223759245,1.713041794136852,3.047388570302808,0.0,0.002850636260225081,0.030215188781999875,1.1088058108924967,0.0010781138114456675,-88955.10372760301,0.512405742913976,-0.5,-0.5898125749578343,0.28448675265035905,0.9085612819130046,0.7487176694164399,-0.41711513752071655,-0.39830564218444087,-0.9510223997175455,-0.3668053810632811,0.17577520832528057,REIT—Diversified,Real Estate,CTO
2009Q1,2009,Q1,2009-03-31,2009-03-31,322206.0,3845927.0,516892.0,0.02,1542309.0,0.40102399239507147,173804166.0,117492857.0,9605515.0,8623419.0,56311309.0,0.0,109305516.0,170077317.3,180658976.3,6.839120599769714,1.1138870788952735,0.06240044326670512,0.09230737320482385,0.0025105986665836986,6.839120599769714,0.002742345434667573,44.22271075348024,131.963182948176,1.4475545292085288,1.7777229474311464,0.0,0.003367838869363446,0.022127933343093743,1.1138870788952735,0.0018538450913771537,-74.58357096404558,0.40102399239507147,-0.8685705342045957,3.8132846730879146,0.32187832625259577,1.0616813510283418,-0.5340285853349926,-0.8658781570286945,-0.8727348471120285,-0.851932384269051,-0.5182811708606104,0.2555681306097415,REIT—Diversified,Real Estate,CTO
2008Q4,2008,Q4,2008-12-31,2008-12-31,2402338.0,5757915.0,4061536.0,0.15217287751236785,3309879.0,0.574839850883523,173146063.0,117814307.0,10266113.0,43654211.0,55331756.0,0.0,109556103.0,200967237.0,209128765.0,7.46278921130811,0.2351689050112485,0.04938209308287882,0.07257450489438434,0.020295365410968276,7.46278921130811,0.020390885123994323,34.902779391498484,20.913713744693712,1.7057965379366022,0.23841399503317184,0.0,0.002849972008123891,0.033254668920771245,0.22456820946781056,0.013874632540735276,231.1033441850784,0.574839850883523,21.82479038733581,-0.7466114824048389,-0.6825838842119194,1.2341216464097955,2.678088790753547,21.825931626855176,1.5682858243134805,0.19342283996074452,-0.22524347854530807,0.3529572487355975,REIT—Diversified,Real Estate,CTO
2008Q3,2008,Q3,2008-09-30,2008-09-30,105246.0,3291854.0,1581419.0,0.006667,899891.0,0.2733690497816732,171505031.0,117485641.0,10048500.0,45439840.0,54019390.0,0.0,107726516.0,227279263.23,235647733.23,7.4419703044929655,0.22113854274134767,0.05002506311316313,0.07302637094179024,0.007740925885780942,7.4419703044929655,0.000895820111327477,69.04293544914204,539.8762499999999,1.9345280095122432,5.4420405526100755,0.0,0.002520040728134492,0.0191939209060287,0.2110030537079356,0.0006136612983673931,-91.95852434978825,0.2733690497816732,-0.9473659279844,2.0,0.3662499698351163,1.2904755504156646,-0.7090350076516896,-0.9515261662717991,-0.539100770584875,-0.9574468089854128,-0.44515347637408975,0.37846188066551417,REIT—Diversified,Real Estate,CTO
2008Q2,2008,Q2,2008-06-30,2008-06-30,2171192.0,5795355.0,3431160.0,0.126667,3092781.0,0.5336654959014591,169663724.0,117959292.0,11184926.0,51704432.0,51704432.0,0.0,108194023.0,240316665.78,246454778.78,6.881708634198412,0.2163243181938446,0.03932297277643157,0.056559189927996516,0.017043172903777173,6.881708634198412,0.01840628205872921,41.467117334485984,27.671051866900758,2.0372847420956037,0.26379564773635866,0.0,0.0023833178533041485,0.03415789105277449,0.2163243181938446,0.012797031379554064,-28.53679629168497,0.5336654959014591,11.6667,10.50000026252861,1.1628394431154538,1.2170361064608555,1.657304582349196,12.906843278419718,1.3269879356286542,1.5333334033409625,-0.02719556681594287,0.28668980658813475,REIT—Diversified,Real Estate,CTO
2008Q1,2008,Q1,2008-03-31,2008-03-31,156124.0,3627868.0,1474507.0,0.01,1163879.0,0.32081624800020286,168608126.0,116190961.0,20969976.0,52417165.0,52417165.0,0.0,106595582.0,291691152.91999996,298452980.91999996,7.442222912556685,0.4000593317093742,0.041079722337937614,0.05961199511896627,0.007375769612254248,7.442222912556685,0.0013436845573555416,80.40291237718681,467.0825,2.510446169044079,3.667469447362353,0.0,0.0019629666318917716,0.02151656676381066,0.21861151781100713,0.0009259577441718319,-61.67244004462031,0.32081624800020286,-0.9843571420313143,-0.9032258055207512,-0.26578774560295565,1.29564611941104,-0.928848361930014,-0.9856742605577132,-0.9169263047705597,-0.9813664598461668,-0.8296297154135324,0.406636350336478,REIT—Diversified,Real Estate,CTO
2007Q4,2007,Q4,2007-12-31,2007-12-31,10898146.0,20526958.0,17749385.0,0.6392693726439429,16357726.0,0.7968899239721736,171832530.0,116670608.0,26608891.0,48354534.0,55161922.0,0.0,107012038.0,356185113.1395,362128675.1395,6.843727949886833,0.5502874042794001,0.039616410233848036,0.05834706886930768,0.09158760701818541,6.843727949886833,0.09340952435938278,17.3520651788492,8.170773109928515,3.05291211938743,0.05253930347418726,0.0,0.0016075377068770094,0.11945909194260249,0.33546680441590027,0.06342306663354139,45.647382828190146,0.7968899239721736,4.183279192462219,2.1890420262614723,1.270561250169871,1.1710388437894752,3.8009334359005362,4.183264813817796,3.0588030026578648,-0.2021024840836257,-0.32681503442282234,0.45485137688237726,REIT—Diversified,Real Estate,CTO
2007Q3,2007,Q3,2007-09-30,2007-09-30,2102564.0,6132292.0,4373059.0,0.123333,3407197.0,0.5556155838632603,156514061.0,106549825.0,14979475.0,43091455.0,49964236.0,0.0,96686473.0,386929165.4072,390568792.4072,6.250057192076686,0.34762054333045844,0.043911588237429994,0.06450297783220198,0.024353277258508565,6.250057192076686,0.01973315301080973,63.096989740084126,46.00682374082311,3.6314387696760644,0.27185331813918623,0.0,0.001477244547844994,0.03918045420851996,0.31224585013432476,0.013433706764531527,120.24066376519752,0.5556155838632603,0.8499857500712495,-0.4032257954316153,-0.3044776910975203,1.1043742847878115,0.6215435326188865,0.8841192178790974,0.5610875703693655,1.846153908153734,0.5236284404533719,0.601722675497928,REIT—Diversified,Real Estate,CTO
2007Q2,2007,Q2,2007-06-30,2007-06-30,1115940.0,4770158.0,2801290.0,0.066667,2101206.0,0.44048981186786684,154276015.0,104404163.0,13072944.0,42934998.0,49871852.0,0.0,95155498.0,386617970.96999997,392061781.96999997,6.237143155844699,0.3044822314886331,0.04496391743071663,0.06644231226680108,0.015554840536090905,6.237143155844699,0.010688654244563025,81.04930087640702,86.612625,3.7030896073559827,0.460982669319139,0.0,0.0013305873979663446,0.03091963452646868,0.2739579491770327,0.0072333991774418075,-235.17694994053934,0.44048981186786684,3.000030000300003,-0.5652173980311544,-0.30234525049335537,1.240435922866172,-0.10743197119254683,2.911471501099669,0.10305855409940123,1.5000000678841001,0.1940390354096905,0.7439044596665737,REIT—Diversified,Real Estate,CTO
2007Q1,2007,Q1,2007-03-31,2007-03-31,-583812.0,8403558.0,2539566.0,-0.033333,2354113.0,0.28013289133007707,155118473.0,103710992.0,16745802.0,44407717.0,51407481.0,0.0,94553987.0,440486154.0,446656782.0,5.9214833999072765,0.3770921617069394,0.045125276600679276,0.0674929808790181,0.014169255154236995,5.9214833999072765,-0.0056292200926975995,52.416625672126024,-188.625,4.247246559940338,-0.8776301275068001,0.0,0.0011631943373184893,0.054175094928893476,0.3338805955730622,-0.0037636523149631573,213.50082761435254,0.28013289133007707,-1.1038959431856423,-3.9999999999999996,2.4572868446741114,1.354276835653204,-0.7914291045384407,-1.1038969821554638,-0.7769764536462941,-3.9999999999999996,1.8331565796313203,0.7850558003647143,REIT—Diversified,Real Estate,CTO
