Quarters,Year,Quarter,FillingDate,Date,NetIncome,Revenue,OperatingIncome,EPSDiluted,GrossProfit,GrossProfitRatio,TotalAssets,CommonStockEquity,CurrentAssets,CurrentLiability,TotalLiability,Inventory,RetainedEarnings,MarketCap,EnterpriseValue,bookValuePerShare,currentRatio,debtToAssets,debtToEquity,roic,shareholdersEquityPerShare,roe,priceToSalesRatio,peRatio,pbRatio,payoutRatio,inventoryTurnover,dividendYield,assetTurnover,quickRatio,returnOnAssets,priceToFreeCashFlowsRatio,grossProfitMargin,epsdilutedGrowth,fiveYNetIncomeGrowthPerShare,fiveYRevenueGrowthPerShare,fiveYShareholdersEquityGrowthPerShare,grossProfitGrowth,netIncomeGrowth,operatingIncomeGrowth,threeYNetIncomeGrowthPerShare,threeYRevenueGrowthPerShare,threeYShareholdersEquityGrowthPerShare,Industry,Sector,Symbol
2023Q1,2023,Q1,2023-05-24,2023-03-31,170545000.0,1398913000.0,35259000.0,0.38,606904000.0,0.4338397027,4857083000.0,1998403000.0,2959586000.0,1356891000.0,2858680000.0,1190253000.0,929562000.0,3787763559.9999995,4597034560.0,4.500380586057489,2.181152354905442,0.3131881831131978,0.7611983168560095,0.0597577183731936,4.500380586057489,0.08534064450463695,2.707647695031785,5.552440059808261,1.8953952531096079,0.0,0.66541231150016,0.0,0.28801504936193184,1.084663395954428,0.03511263859398738,-30.42649197921101,0.43383970268344063,0.40740740740740733,6.626270818022408,0.17749113272928688,-0.011809982983893647,-0.13101423958877728,0.40231217675160547,-0.6275156086584477,1.2949596011807087,0.5336857296555356,0.3147452917651118,Apparel Manufacturing,Consumer Cyclical,UA
2022Q4,2022,Q4,2023-02-08,2022-12-31,121617000.0,1581781000.0,94659000.0,0.27,698405000.0,0.4415307808,4827555000.0,1832002000.0,3116604000.0,1502129000.0,2995553000.0,1217780000.0,772891000.0,4003590360.0,4673189360.0,4.081700766209258,2.074791179718919,0.31468206990909475,0.8292267148179969,0.01953417534263715,4.081700766209258,0.06638475285507331,2.5310648945713723,8.229915143442117,2.1853635312625204,0.0,0.7253986762797878,0.0,0.3276567537811584,1.0319286825565581,0.025192255707081536,173.00105263157894,0.44153078080973285,0.42105263157894746,2.361673844233072,0.14042137734325955,-0.10662637420049138,-0.021614268863629358,0.3991026747195858,-0.20727744744996232,8.9962501110608,0.10436239067946235,-0.14263263052038308,Apparel Manufacturing,Consumer Cyclical,UA
2022Q3,2022,Q3,2022-11-08,2022-09-30,86925000.0,1573885000.0,119410000.0,0.19,713834000.0,0.4535490204,4770071000.0,1816333000.0,3079403000.0,1473264000.0,2953738000.0,1080420000.0,716325000.0,2707759120.0,3364700120.0,3.9978979666404,2.090190895861163,0.31668144981489793,0.8316718355059342,0.02287964090741984,3.9978979666404,0.047857413811233956,1.7204300949561118,7.787630486051194,1.490783419119732,0.0,0.7960339497602784,0.0,0.3299500154190577,1.1150336938932872,0.018222999196448018,-18.28183482769796,0.453549020417629,8.5,0.5565194828465774,0.087557353841378,-0.16019622771250935,0.13271564288627208,10.31541265295496,2.4628657599396804,-0.15591001750945446,0.09391999311322448,-0.16208401225074964,Apparel Manufacturing,Consumer Cyclical,UA
2022Q2,2022,Q2,2022-08-04,2022-06-30,7682000.0,1349057000.0,34483000.0,0.02,630197000.0,0.4671388978,4605800000.0,1729075000.0,3000087000.0,1458680000.0,2876725000.0,954394000.0,654599000.0,3474785700.0,3880477700.0,3.7718551967104044,2.0567136040804015,0.3159288288679491,0.8415511183725403,0.005239281720077465,3.7718551967104044,0.0044428379335772015,2.5757145176223095,113.08206521739129,2.0096211558203088,0.0,0.7532109380402643,0.0,0.29290394719701246,1.1949495434228206,0.0016678969994354943,67.14691491623026,0.4671388977634007,1.1538461538461537,1.5996502045554508,0.19100830597968418,-0.17915031824213984,0.04136564633719124,1.1273076795598422,-0.48832205603038936,1.4356935476877195,0.11386886477351503,-0.1693710723470712,Apparel Manufacturing,Consumer Cyclical,UA
2022Q1,2022,Q1,2022-03-31,2022-03-31,-60342000.0,1300945000.0,67392000.0,-0.13,605164000.0,0.4651726245,4452832000.0,1728954000.0,2832825000.0,1298595000.0,2723878000.0,824455000.0,721926000.0,7335373000.0,7802336000.0,3.6675059659542875,2.181453801993693,0.3314973482044685,0.8537543508965536,0.019447328355184243,3.6675059659542875,-0.03490087069985667,5.638495862622939,-30.390826455868222,4.242665218392161,0.0,0.843928413315463,0.0,0.29216125827338646,1.317836584924476,-0.013551375843508132,-20.29901263538905,0.4651726245152562,-1.5652173913043477,-23.752511974855974,0.0851380541936152,-0.20231232796608978,-0.22008214626778344,-1.5517184628466412,-0.3448118297864066,-3.561173216705828,0.030219323787186513,-0.19531100211777258,Apparel Manufacturing,Consumer Cyclical,UA
2021Q4,2021,Q4,2022-02-23,2021-12-31,109371000.0,1529205000.0,102859000.0,0.23,775933000.0,0.5074094055,4991396000.0,2088994000.0,3336299000.0,1450176000.0,2902402000.0,811410000.0,1027833000.0,8590251120.0,8425104120.0,4.387002339461294,2.3006166148108917,0.301379814384593,0.7201102540265794,0.024729222071484768,4.387002339461294,0.052355822946356,5.617462093048348,19.63557780398826,4.112147339820028,0.0,0.9283494164479117,0.0,0.3063681983957995,1.543582985789311,0.021911906007858323,19.397128496010044,0.5074094055407875,-0.04166666666666659,-0.024887875685091987,0.0782650576973229,-0.053302651389873223,-0.015443393257742632,-0.03590317689785268,-0.40220499349079414,23.41904571683562,0.03607271896888964,-0.024578887244973303,Apparel Manufacturing,Consumer Cyclical,UA
2021Q3,2021,Q3,2021-11-04,2021-09-30,113444000.0,1545532000.0,172064000.0,0.24,788104000.0,0.5099240908632109,4822301000.0,1977749000.0,3127944000.0,1354538000.0,2844552000.0,837740000.0,918664000.0,8234435040.0,8514275040.0,4.207958689537492,2.30923311121578,0.31801125645205475,0.7753997094676827,0.033682073058976,4.207958689537492,0.05736016046525621,5.327896827758985,18.146475441627587,4.163538972842357,0.0,0.9041325470909829,0.0,0.3204967918842063,1.4687553985196429,0.023524869144418818,105.42640821447776,0.5099240908632109,0.846153846153846,-0.17583411535310065,-0.021632538379406378,-0.04200570883028609,0.17834816789544586,0.9160572229635009,0.41961140216987747,0.4337007657425021,0.018813558057105353,-0.062150457903613086,Apparel Manufacturing,Consumer Cyclical,UA
2021Q2,2021,Q2,2021-08-05,2021-06-30,59207000.0,1351534000.0,121205000.0,0.13,668821000.0,0.4948606546339197,4871509000.0,1846710000.0,3143185000.0,1361962000.0,3024799000.0,881117000.0,806140000.0,8534846280.0,8892228280.0,4.018045970008965,2.3078360482891593,0.35044069507004916,0.9244413037239199,0.023268389218643472,4.018045970008965,0.03206080001732811,6.314932720893444,36.03816389953891,4.621649463099241,0.0,0.7748267256221364,0.0,0.27743641651898826,1.4603704068101753,0.01215372895749551,36.605889987347474,0.4948606546339197,-0.23529411764705885,7.844170780708714,0.27977698128556233,-0.012033888363204527,0.06391565297204604,-0.23851476489350756,0.13392272429600524,1.5994882729876223,0.11289010909325588,-0.07140882355263337,Apparel Manufacturing,Consumer Cyclical,UA
2021Q1,2021,Q1,2021-05-07,2021-03-31,77752000.0,1257195000.0,106890000.0,0.17,628641000.0,0.5000346008375789,4914296000.0,1770199000.0,3157718000.0,1234317000.0,3144097000.0,851829000.0,747231000.0,8418018440.0,9041442440.0,3.8818961698544343,2.5582714975164405,0.4013109914421109,1.1140899977912089,0.020096959867882472,3.8818961698544343,0.043922745408849516,6.695873305254953,27.066887154028194,4.755407973905759,0.0,0.7378875337655797,0.0,0.2558240285078473,1.6568061527144162,0.0158215947920109,-52.92587024450969,0.5000346008375789,-0.575,2.854784505202864,0.14104299856565874,-0.0333229914201153,-0.0936835913509087,-0.5784725648268122,0.9140135372273753,3.4977494098391477,0.030446002393933726,-0.14761630293500488,Apparel Manufacturing,Consumer Cyclical,UA
2020Q4,2020,Q4,2021-02-24,2020-12-31,184453000.0,1403766000.0,55846000.0,0.4,693622000.0,0.49411511605210556,5030628000.0,1675993000.0,3222975000.0,1413276000.0,3354635000.0,895974000.0,673855000.0,6767587680.0,7255757680.0,3.685031804419858,2.280499350445348,0.3986641429260919,1.1966225395929457,0.010039319822135495,3.685031804419858,0.11005594892102771,4.821022649073991,9.172509636601195,4.037957008173662,0.0,0.7925944279633115,0.0,0.2790438887550421,1.4467810958369065,0.036665998758007946,15.31409077229085,0.49411511605210556,3.444444444444445,0.6586769200887549,0.13868216003406342,-0.04596001239540125,0.01063935190581653,3.7361218096852054,-0.046508451425644526,3.0380665111301846,-0.001225294828297643,-0.19344645458699067,Apparel Manufacturing,Consumer Cyclical,UA
2020Q3,2020,Q3,2020-11-05,2020-09-30,38946000.0,1433021000.0,58570000.0,0.09,686320000.0,0.47893226965969093,4863551000.0,1470346000.0,2973341000.0,1448399000.0,3393205000.0,1056845000.0,490071000.0,4472683440.0,5634097440.0,3.2347929009704295,2.0528466258261706,0.4167783991573235,1.378602723440605,0.014256758149961536,3.2347929009704295,0.0264876430445623,3.1211569404774946,28.71080110922816,3.0419258052186358,0.0,0.7065378555985031,0.0,0.29464500320856096,1.1547405100390156,0.008007729331922293,114.90221034783949,0.47893226965969093,1.2249999999999999,-0.6320491199469964,0.1297449230479049,-0.090855422185432,0.9655811369279632,1.2129418518822275,1.3451913669743154,-0.30295081188834844,-0.010257015156113611,-0.32049509430411344,Apparel Manufacturing,Consumer Cyclical,UA
2020Q2,2020,Q2,2020-08-06,2020-06-30,-182895000.0,707640000.0,-169674000.0,-0.4,349169000.0,0.4934274489853598,5003341000.0,1423414000.0,3089009000.0,1618614000.0,3579927000.0,1198509000.0,450750000.0,4014429640.0,5213842640.0,3.134437737959707,1.9084284455713345,0.45546006158684765,1.6009551683487728,-0.03516893333631116,3.134437737959707,-0.12849037595527374,5.672982929173026,-5.4873419721698244,2.8202825319970155,0.0,0.2990974619297811,0.0,0.1414334941392162,1.0180555710008687,-0.03655457423349718,105.81553165691392,0.4934274489853598,0.6923076923076923,-12.760505556187514,-0.1425324044947408,-0.045262815345323934,-0.18983303324485365,0.689840778319125,0.6960227883478448,-13.411618284705117,-0.3693562460909077,-0.31786824108783657,Apparel Manufacturing,Consumer Cyclical,UA
2020Q1,2020,Q1,2020-05-11,2020-03-31,-589681000.0,930240000.0,-558180000.0,-1.3,430984000.0,0.46330409356725144,4837575000.0,1550180000.0,2868007000.0,1691502000.0,3287395000.0,940236000.0,634452000.0,3650140260.0,4927615260.0,3.4230056682808128,1.6955386396232461,0.4623789812044258,1.4429246926163413,-0.11997915127997824,3.4230056682808128,-0.38039517991459054,3.9238693885448916,-1.54750630425603,2.3546557561057426,0.0,0.5309900918492804,0.0,0.19229469310553324,0.9622968225872627,-0.12189599127662104,-9.166370156450114,0.46330409356725144,-42.333333333333336,-48.6732366167637,0.09575237766082458,0.06160382392657949,-0.3676200649424014,-37.53116832200732,-8.535539265319347,-250.79947024058492,-0.1922831066640626,-0.25549148433918756,Apparel Manufacturing,Consumer Cyclical,UA
2019Q4,2019,Q4,2020-02-26,2019-12-31,-15304000.0,1441225000.0,74073000.0,-0.03,681527000.0,0.4728803621918854,4843531000.0,2150087000.0,2702209000.0,1422009000.0,2693444000.0,892258000.0,1226986000.0,8662244220.0,9173394220.0,4.760737242294007,1.9002755960053699,0.2682386052654561,0.6042648506781354,0.007364718943849373,4.760737242294007,-0.007117851510194704,6.010334416902288,-141.5029440015682,4.028787774634235,0.0,0.8514331056712297,0.0,0.29755667920779283,1.0525854618360362,-0.003159678342102074,23.633240079884757,0.4728803621918854,-1.1304347826086956,-1.1651986585061638,0.5242526090734702,0.5075491649503772,-0.012133677732070539,-1.149577285832967,-0.4667938381802476,-1.143861583386094,0.07146777717019648,0.02734782796187473,Apparel Manufacturing,Consumer Cyclical,UA
2019Q3,2019,Q3,2019-11-08,2019-09-30,102315000.0,1429456000.0,138920000.0,0.23,689898000.0,0.48262975565529825,4633765000.0,2153666000.0,2459089000.0,1199661000.0,2480099000.0,906544000.0,1242437000.0,8183610050.0,9066938050.0,4.77123962914142,2.04981990745719,0.280534511353079,0.6035898788391515,0.026007728458594066,4.77123962914142,0.047507366509013,5.724982126067539,19.996115061330205,3.799851067900036,0.0,0.8157993434405831,0.0,0.3084869431229249,1.050378398564261,0.022080316977662873,-210.05159265913758,0.48262975565529825,6.75,0.0863324072332161,0.44190302558378575,0.6246412932732992,0.24458211036565455,6.897458066747363,13.098937467340185,-0.22602845543731984,-0.05779072717251234,0.08623222416248937,Apparel Manufacturing,Consumer Cyclical,UA
2019Q2,2019,Q2,2019-08-01,2019-06-30,-17349000.0,1191729000.0,-11482000.0,-0.04,554321000.0,0.4651401451168848,4679908000.0,2048274000.0,2444447000.0,1332641000.0,2631634000.0,965711000.0,1141129000.0,9955026620.0,10808580620.0,4.5409629632914035,1.834287703890245,0.2797661834377941,0.6392113555120067,-0.0019478272173539645,4.5409629632914035,-0.00847005820510342,8.353431543580797,-143.452455761139,4.860202599847481,0.0,0.6600401155211031,0.0,0.2546479546179113,0.8936442747896846,-0.0037071241571415506,61.69413067593781,0.4651401451168848,-1.7999999999999998,-1.9270417056659426,0.847765008974195,0.6972538673254697,0.01750041759439928,-1.7718556746896827,-1.3256473524490202,-3.640597564553665,0.14981649310549539,0.11654210912865663,Apparel Manufacturing,Consumer Cyclical,UA
2019Q1,2019,Q1,2019-05-09,2019-03-31,22477000.0,1204722000.0,35259000.0,0.05,544787000.0,0.4522097214129069,4436072000.0,2049807000.0,2206708000.0,1094012000.0,2386265000.0,875252000.0,1158482000.0,8473271160.0,9476839160.0,4.557668833060218,2.0170784232714083,0.2913149290633696,0.6304466713207634,0.006383361891666523,4.557668833060218,0.010965422598322672,7.033382938138425,94.2437954353339,4.133692176873238,0.0,0.7539942782193014,0.0,0.2715740411787726,0.9436852612219976,0.005066869969648825,-67.40868066825776,0.4522097214129069,4.0,0.5680625265592529,0.7733615511931718,0.7463313414798036,-0.1286572716789262,4.328828828828829,4.374712863705972,0.1298865808573551,0.1086492724523062,0.1349591748111172,Apparel Manufacturing,Consumer Cyclical,UA
2018Q4,2018,Q4,2019-02-25,2018-12-31,4218000.0,1389980000.0,-10448000.0,0.01,625227000.0,0.4498100692096289,4245022000.0,2016871000.0,2593628000.0,1315977000.0,2228151000.0,1019496000.0,1139082000.0,7251242460.000001,7422673460.000001,4.497547041062533,1.9708763906967979,0.1716914541314509,0.36136867454586835,0.000819695469790035,4.497547041062533,0.002091358346666693,5.216796256061239,429.77966216216225,3.5952931347617176,0.0,0.7501284948641289,0.0,0.32743764343270776,0.9194302028074959,0.000993634426394021,15.747583344734803,0.4498100692096289,-0.9411764705882353,-0.9380248274191937,0.919372032595547,0.8051774884878035,-0.060101592436640025,-0.9439587595992879,-1.0878234117310828,-0.9615309725501449,0.1435229930946091,0.16439693089213772,Apparel Manufacturing,Consumer Cyclical,UA
2018Q3,2018,Q3,2018-11-05,2018-09-30,75266000.0,1442976000.0,118966000.0,0.17,665207000.0,0.4609965792916861,4227169000.0,2005921000.0,2587030000.0,1299739000.0,2221248000.0,1173115000.0,1134684000.0,8646333800.0,9281106800.0,4.486816382222023,1.990422692555967,0.19006928750660312,0.40054169630807995,0.029956181395541584,4.486816382222023,0.03752191636659669,5.992014974608033,28.71925504211729,4.310405943205142,0.0,0.662994676566236,0.0,0.3413575373967778,0.7968953766871657,0.017805297114924908,-163.07068386707405,0.4609965792916861,1.8095238095238095,-0.02363776758747133,0.8840011979871792,0.9596578107278392,0.26324954803032374,1.787762706187725,2.1343599523241954,-0.2770248707856826,0.15660345786492685,0.2610281122859487,Apparel Manufacturing,Consumer Cyclical,UA
2018Q2,2018,Q2,2018-08-03,2018-06-30,-95544000.0,1174859000.0,-104875000.0,-0.21,526584000.0,0.4482103809903997,4241152000.0,1923912000.0,2561515000.0,1338399000.0,2317240000.0,1299332000.0,1060402000.0,9372716080.0,9955207080.0,4.327034406444967,1.9138649984048106,0.1837637509808656,0.40509649089979166,-0.030464519261246936,4.327034406444967,-0.04966131507054377,7.97773697098971,-24.52460667336515,4.871696875948588,0.0,0.4989294499019496,0.0,0.27701412257801655,0.6887512617687251,-0.022527841492122894,111.17495884041467,0.4482103809903997,-1.9999999999999996,-6.15085912350723,1.4477204498286125,1.0774533238363178,0.005981434818407765,-2.159105938367941,-2.6591535536094346,-7.274863869673643,0.45401143330388327,0.3179973547033306,Apparel Manufacturing,Consumer Cyclical,UA
2018Q1,2018,Q1,2018-05-10,2018-03-31,-30244000.0,1185370000.0,-28661000.0,-0.07,523453000.0,0.4415946075908788,4264319000.0,2017732000.0,2592005000.0,1317057000.0,2246587000.0,1148493000.0,1155946000.0,6357796200.0,6994857200.0,4.554165199570254,1.968027959306241,0.21590903494790142,0.45630688317378126,-0.00859116057038519,4.554165199570254,-0.014989106581052389,5.36355416452247,-52.55419422034122,3.1509616738000883,0.0,0.576335249757726,0.0,0.2779740446247103,0.82688676344304,-0.007092339949239257,-187.51242258007431,0.4415946075908788,0.65,-4.66554301599011,1.3803743732309202,1.266350179228664,-0.11234468876705732,0.6560054595086442,0.22721635030198448,-3.499289371999473,0.42722075618457944,0.4124192768530672,Apparel Manufacturing,Consumer Cyclical,UA
2017Q4,2017,Q4,2018-02-28,2017-12-31,-87920000.0,1365361000.0,-37088000.0,-0.2,589703000.0,0.43190262502004967,4006367000.0,2018642000.0,2337679000.0,1060375000.0,1987725000.0,1158548000.0,1184441000.0,5885122320.0,6489685320.0,4.568861950179483,2.204577625839915,0.22889715295678104,0.45428857618141305,-0.022845267180095517,4.568861950179483,-0.0435540328597146,4.310304981612921,-16.734310509554142,2.9153868392711533,0.0,0.669508729892935,0.0,0.34079778512552644,0.8696480018861252,-0.021945068936520293,28.315502331108878,0.43190262502004967,-2.666666666666667,-2.6621649691798663,1.558091384435471,1.3419638642535738,-0.08622762841868753,-2.6208841856863687,-1.5964618848504342,-1.9701073403308338,0.47605726163892725,0.44678936627212096,Apparel Manufacturing,Consumer Cyclical,UA
2017Q3,2017,Q3,2017-11-09,2017-09-30,54242000.0,1405615000.0,62180000.0,0.12,645350000.0,0.45912287504046273,4130365000.0,2100696000.0,2456842000.0,1100426000.0,2029669000.0,1180653000.0,1272556000.0,6627950500.0,7438330500.0,4.760514418446547,2.2326280913028227,0.258665275344915,0.5085847738082997,0.020651080330836128,4.760514418446547,0.025820966003648315,4.7153384817321955,30.548055473618227,3.155121207447436,0.0,0.6439360252334937,0.0,0.3403125389644741,0.9008274977145214,0.013132495554266996,-264.3250448654038,0.45912287504046273,5.0,-0.10343550594855916,1.315153646149512,1.62425256174446,0.2952437149520518,5.407052323691908,13.994775339602926,-0.41088928683150927,0.450338726730368,0.620989282154947,Apparel Manufacturing,Consumer Cyclical,UA
2017Q2,2017,Q2,2017-08-08,2017-06-30,-12308000.0,1088245000.0,-4785000.0,-0.03,498246000.0,0.45784359220579923,3894244000.0,2023771000.0,2166470000.0,936539000.0,1870473000.0,1168786000.0,1218426000.0,8878927680.0,9667959680.0,4.595062019921757,2.3132725919582633,0.24516106335401686,0.4717514975755656,-0.0012748578930552054,4.595062019921757,-0.0060817157672483696,8.158941855923988,-180.34870978225544,4.387318367542573,0.0,0.5047964297998093,0.0,0.27944961846253086,0.820553121653236,-0.003160562101398885,-84.81161218836566,0.45784359220579923,-1.9999999999999996,-2.748904629493176,1.7907324639968245,1.7824832081256732,-0.01419998694163107,-4.417253521126761,-1.634952229299363,-1.6735695018990346,0.7280886309363975,0.7174742112980561,Apparel Manufacturing,Consumer Cyclical,UA
2017Q1,2017,Q1,2017-05-09,2017-03-31,-2272000.0,1117331000.0,7536000.0,-0.01,505423000.0,0.45234849834113616,3577160000.0,2020033000.0,1906028000.0,627539000.0,1557127000.0,901613000.0,1232416000.0,8040288000.0,8729212000.0,4.5976716132556446,3.0373060479109664,0.24070827136611167,0.4262564027419354,-0.002599662199840988,4.5976716132556446,-0.00112473410087855,7.19597684124042,-884.7147887323944,3.980275569755544,0.0,0.6786814298374136,0.0,0.3123514184436816,1.2769931430556507,-0.0006351407261626542,-64.14168102623013,0.45234849834113616,-1.0434782608695652,-1.1465122648277386,1.7481481778944206,1.8331600998691306,-0.13411078217726793,-1.0220088926775872,-0.9540207443563148,-1.1622493809607377,0.6836118971590806,0.7616589379683567,Apparel Manufacturing,Consumer Cyclical,UA
2016Q4,2016,Q4,2017-02-23,2016-12-31,103231000.0,1305277000.0,163900000.0,0.23,583704000.0,0.4471878382902633,3644331000.0,2030900000.0,1965153000.0,685816000.0,1613431000.0,917491000.0,1259414000.0,11031004200.0,11597922200.0,4.634007210331767,2.865423087242059,0.22429027440152938,0.40247574966763505,0.038520065607755394,4.634007210331767,0.05083017381456497,8.451082950209036,26.71436923017311,5.431584125264661,0.0,0.7864633004574432,0.0,0.3581664234121434,1.2731621892752576,0.02832646101575296,33.06963236991447,0.4471878382902633,-0.20689655172413784,1.985298354222501,2.0480154227758938,2.003943885119657,-0.16449477830707218,-0.19492298693702476,-0.17766293713310924,0.5520005698039585,0.8442673128728337,0.8599484165939518,Apparel Manufacturing,Consumer Cyclical,UA
2016Q3,2016,Q3,2016-11-02,2016-09-30,128225000.0,1471573000.0,199310000.0,0.29,698624000.0,0.47474641081346286,3685337000.0,1923154000.0,2026561000.0,857250000.0,1762183000.0,970621000.0,1156650000.0,16935264400.0,17829078400.0,4.392467396021287,2.3640256634587344,0.29136222820328234,0.5583369818537673,0.0447997672254023,4.392467396021287,0.06667432769294607,11.508273391805911,33.01864768960811,8.805984544139472,0.0,0.7963448142992992,0.0,0.399304866827647,1.0425021872265967,0.03479329027440367,-1324.7234355444305,0.47474641081346286,27.999999999999996,1.6267464982662208,1.9779760532451454,2.060026639021938,0.46263663332963467,19.21201134930643,9.285375167715966,0.6984581700462253,0.9618865499939524,0.9184500339899462,Apparel Manufacturing,Consumer Cyclical,UA
2016Q2,2016,Q2,2016-08-03,2016-06-30,6344000.0,1000783000.0,19378000.0,0.01,477647000.0,0.47727329501000715,3426924000.0,1771348000.0,1849185000.0,709354000.0,1655576000.0,1086749000.0,1029371000.0,17478340590.0,18372240590.0,4.0669876453071225,2.606857788917804,0.29621783266859725,0.5730754205271917,0.004135185289777171,4.0669876453071225,0.003581453220936823,17.464665756712495,688.7744557849937,9.867253972680693,0.0,0.4813770245015178,0.0,0.2920353646593855,0.8207058816895373,0.0018512228459107935,-134.24637154751298,0.47727329501000715,-0.75,-0.03685566312755155,2.2548287993254967,2.1169367452454626,-0.006218843365873551,-0.6692387904066737,-0.44448585270762264,-0.6508570767211661,1.1285301410119128,0.952602223166995,Apparel Manufacturing,Consumer Cyclical,UA
2016Q1,2016,Q1,2016-04-29,2016-03-31,19180000.0,1047702000.0,34883000.0,0.04,480636000.0,0.4587525842271944,3218124000.0,1741317000.0,1768783000.0,605900000.0,1476807000.0,834287000.0,1082027000.0,36420291102.6,37197815102.6,4.0157116962543755,2.919265555372174,0.2903943415480572,0.5366771242685852,0.007564689053272437,4.0157116962543755,0.011014651553967485,34.76207080123928,474.71703731230446,20.915371010907265,0.0,0.6797013497753172,0.0,0.3255629677414543,1.1937398910711339,0.005959994083509523,-133.4819793533396,0.4587525842271944,-0.8333333333333333,0.4995988322864221,2.1799528653060976,2.146901851795841,-0.14427332775473142,-0.8183746519952274,-0.8035668029417395,1.3751283353380297,1.1496536591347604,0.9983923559460575,Apparel Manufacturing,Consumer Cyclical,UA
2015Q4,2015,Q4,2016-02-22,2015-12-31,105602000.0,1170686000.0,177582000.0,0.24,561670000.0,0.47977852301983626,2868900000.0,1668222000.0,1498763000.0,478810000.0,1200678000.0,783031000.0,1076533000.0,34273711734.399998,34812859734.399994,3.862554874321596,3.130183162423508,0.23319042141587368,0.40102576275819407,0.046831460902905575,3.862554874321596,0.06330212645559165,29.276605113924653,81.1388793166796,20.545054395877766,0.0,0.7777674191698668,0.0,0.40806092927602916,1.1768551199849626,0.03680923001847398,173.84674400783163,0.47977852301983626,0.04347826086956513,3.329968341851476,2.657563736101359,2.1585269415740864,-0.04341235779004019,0.051006698050300066,0.03608581247046331,1.0423523825712562,1.2437841374588485,0.9799162325318936,Apparel Manufacturing,Consumer Cyclical,UA
2015Q3,2015,Q3,2015-11-04,2015-09-30,100477000.0,1204109000.0,171397000.0,0.23,587160000.0,0.48763027267464987,3035502000.0,1535254000.0,1773111000.0,848604000.0,1500248000.0,867082000.0,971117000.0,34241175610.399998,34986451610.399994,3.558062138748418,2.0894445465729596,0.2980310999630374,0.5892666620637367,0.04302248104908047,3.558062138748418,0.06544649940661285,28.43694018597984,85.19655147546203,22.30326422233715,0.0,0.7115232469362759,0.0,0.3966754098663088,0.837358768047287,0.033100620589279796,-175.7913966331764,0.48763027267464987,6.666666666666667,1.7216952585947203,2.460217369289873,2.1417669174804352,0.5490182111736354,5.804618718678044,4.372778282812451,0.6984591872107118,1.0282517171489527,0.9613959462606658,Apparel Manufacturing,Consumer Cyclical,UA
2015Q2,2015,Q2,2015-08-04,2015-06-30,14766000.0,783577000.0,31901000.0,0.03,379053000.0,0.4837469706231806,2762258000.0,1415580000.0,1557936000.0,591295000.0,1346678000.0,836605000.0,870640000.0,34216892551.999996,34761396552.0,3.2830372466255393,2.634786358754936,0.2591141015792153,0.5056160725638961,0.007984586223208414,3.2830372466255393,0.010431060060187344,43.66755603086869,579.3189176486522,24.17164169598327,0.0,0.4835304594163315,0.0,0.2836726330415189,0.8872762326757372,0.005345626657611273,-341.30542280031517,0.4837469706231806,0.0,2.9713113462375405,2.6038659698318356,2.1511074348618955,0.003677872394509405,0.2590381991814461,0.15303430079155672,1.143151569138837,1.0525067145119116,0.9880027670534586,Apparel Manufacturing,Consumer Cyclical,UA
2015Q1,2015,Q1,2015-05-01,2015-03-31,11728000.0,804941000.0,27667000.0,0.03,377664000.0,0.4691822133547676,2548054000.0,1384526000.0,1434479000.0,448219000.0,1163528000.0,577947000.0,856640000.0,34075162021.6,34519969021.6,3.22437202196584,3.2003975735075936,0.26563291044852266,0.48886550342861024,0.006665069992379445,3.22437202196584,0.008470769057424707,42.332496445826465,726.3634469133697,24.611428042232504,0.0,0.7393013546224827,0.0,0.31590421553075404,1.4010048659249161,0.004602728199637841,-139.00002864264007,0.4691822133547676,-0.85,0.5365016984885232,2.2959880343116637,2.1502152221136774,-0.15372066758689923,-0.8662851018709596,-0.8108872924626963,-0.2261546879239923,1.025754863899355,0.9869105338950678,Apparel Manufacturing,Consumer Cyclical,UA
2014Q4,2014,Q4,2015-02-20,2014-12-31,87709000.0,895201000.0,146299000.0,0.2,446264000.0,0.498507039201252,2095083000.0,1350300000.0,1549399000.0,421627000.0,744783000.0,536714000.0,856687000.0,33932003075.999996,33623029075.999996,3.1579316635094368,3.674809725183634,0.13565142765226962,0.21047248759534917,0.055229586784360796,3.1579316635094368,0.06495519514182034,37.90434000408846,96.71756340854415,25.12923281937347,0.0,0.8364547971545366,0.0,0.4272866516505551,2.0705742279313233,0.041864212539550937,137.04529164731397,0.498507039201252,0.0,4.3808838385146025,2.7571061364901026,2.1483551639160976,-0.040911240060176234,-0.015666909825486786,0.0013209587559716918,1.5997169226548213,1.1425912544819838,1.0470942490281023,Apparel Manufacturing,Consumer Cyclical,UA
2014Q3,2014,Q3,2014-11-05,2014-09-30,89105000.0,937908000.0,146106000.0,0.2,465300000.0,0.49610409549763945,1978110000.0,1254141000.0,1463903000.0,490479000.0,723969000.0,637459000.0,770484000.0,33888674481.6,33830853481.6,2.936795740017422,2.984639505463027,0.096884399755322,0.1528121638635528,0.06376484431307854,2.936795740017422,0.07104863009821065,36.13219471589964,95.08073194994668,27.021423015115523,0.0,0.7413935641351052,0.0,0.47414350061422267,1.4245054324446103,0.04504552325199306,-621.5254375350756,0.49610409549763945,4.0,2.190700131320275,2.262226287844928,2.1145839275875735,0.5512481997119539,4.0370265686828715,3.211275724909206,0.8714594454708776,0.9459537859626587,1.0459282648198185,Apparel Manufacturing,Consumer Cyclical,UA
2014Q2,2014,Q2,2014-08-05,2014-06-30,17690000.0,609654000.0,34694000.0,0.04,299952000.0,0.4920036610930134,1863945000.0,1140759000.0,1368319000.0,480245000.0,723186000.0,662388000.0,681380000.0,33835664406.399998,33731867406.399998,2.6754765746664915,2.8492102989099313,0.10549506557328676,0.17237383180847138,0.013611685454253597,2.6754765746664915,0.015507219316262243,55.499782510079484,478.17501987563594,29.660659619078174,0.0,0.46755376003188465,0.0,0.32707724745097094,1.1859925662942874,0.00949062338212769,465.5173684222112,0.4920036610930134,0.3333333333333334,10.469587544631528,2.454679234978112,2.0613285813331332,-0.002454354983537863,0.3066922736002364,0.2918528448019065,1.7434327654461597,1.0253959878679997,1.0504835455411625,Apparel Manufacturing,Consumer Cyclical,UA
2014Q1,2014,Q1,2014-05-07,2014-03-31,13538000.0,641607000.0,26856000.0,0.03,300690000.0,0.4686513706988858,1599016000.0,1108577000.0,1125157000.0,387252000.0,490439000.0,472244000.0,664870000.0,33707900602.399998,33679632602.399998,2.6098534251799816,2.9054904816501916,0.09484457941634104,0.136804209360288,0.01147752198632227,2.6098534251799816,0.012212052027058112,52.53667837539179,622.4682486777958,30.406458552179952,0.0,0.721908589627396,0.0,0.40125114445383914,1.3201352091144785,0.00846645687097565,-180.01452917421,0.4686513706988858,-0.8,2.180409337494471,1.9859468921712193,2.0459255580064752,-0.14175131938359312,-0.7890159897765172,-0.7272588786090771,0.08055423082375522,0.9880054511062336,1.0452047352590506,Apparel Manufacturing,Consumer Cyclical,UA
2013Q4,2013,Q4,2014-02-21,2013-12-31,64166000.0,682756000.0,98467000.0,0.15,350353000.0,0.5131452524767267,1577741000.0,1053354000.0,1128811000.0,426630000.0,524387000.0,469006000.0,653842000.0,33550616217.6,33356050217.6,2.4914708219800183,2.6458781614044957,0.09692528748381388,0.14517721487742963,0.053909535512130576,2.4914708219800183,0.06091589342234425,49.139980047923416,130.71804467163295,31.851225910377703,0.0,0.7087393338251536,0.0,0.4327427632291992,1.3066146309448468,0.040669539550534595,162.36342712459893,0.5131452524767267,-0.11764705882352951,6.086961122988817,2.4999892440121996,1.9238137791099892,0.0006226169905893442,-0.1184051439876896,-0.18507146463183508,1.687683858927641,1.1791024147022524,1.037350399261776,Apparel Manufacturing,Consumer Cyclical,UA
2013Q3,2013,Q3,2013-11-05,2013-09-30,72784000.0,723146000.0,120829000.0,0.17,350135000.0,0.48418300038996276,1396990000.0,966455000.0,1122915000.0,332984000.0,430535000.0,497406000.0,590582000.0,33496971291.199997,33364776291.199997,2.2895917632454252,3.372279148547678,0.03878481592566876,0.056062620608305615,0.07179002057227765,2.2895917632454252,0.07531028345861938,46.32117344381356,115.0560950593537,34.65962853024714,0.0,0.7499125462901534,0.0,0.5176457956034045,1.62060038920789,0.052100587692109464,-757.3873717683767,0.48418300038996276,3.25,1.6148751771733483,1.874495067670798,1.7865035229545827,0.594196629801804,3.1434589547990437,2.73967811822965,1.0153565100550925,1.124255217332501,1.0217082714667,Apparel Manufacturing,Consumer Cyclical,UA
2013Q2,2013,Q2,2013-08-06,2013-06-30,17566000.0,454541000.0,32310000.0,0.04,219631000.0,0.48319293529076585,1275388000.0,877007000.0,1011955000.0,303895000.0,398381000.0,490943000.0,517798000.0,33413805783.999996,33245462783.999996,2.082855175034437,3.3299494891327597,0.04351538512201777,0.06328227710839252,0.019759651698368193,2.082855175034437,0.020029486651759906,73.5110931335127,475.5465926221109,38.0998165168579,0.0,0.4784873193018334,0.0,0.35639428942408113,1.4369370999851923,0.013773063569674483,-895.6444041064678,0.48319293529076585,1.0,10.77900413070044,1.6748917401199257,1.7801670527953122,0.014222977497217746,1.2480163808548759,1.394752445893863,3.8379187790255935,1.1407928036051591,0.9991550307684324,Apparel Manufacturing,Consumer Cyclical,UA
2013Q1,2013,Q1,2013-05-01,2013-03-31,7814000.0,471608000.0,13492000.0,0.02,216551000.0,0.4591758409526556,1140488000.0,843158000.0,887441000.0,206329000.0,297330000.0,323509000.0,500946000.0,33297310588.799995,33102033588.799995,2.0094711052641614,4.301096792016634,0.05299924242955647,0.07168881751700155,0.008970051470192931,2.0094711052641614,0.009267539417285966,70.60378659564722,1065.309399436908,39.49118740354714,0.0,0.7884077413611368,0.0,0.4135142149676279,2.432716680641112,0.0068514530621979364,-358.55608236472295,0.4591758409526556,-0.8333333333333333,1.5130858362292943,1.766637820886223,1.7230458570857357,-0.14822506735893956,-0.8441314928588526,-0.83464065104422,0.047638057537357184,0.9762028139803337,0.9632556110387382,Apparel Manufacturing,Consumer Cyclical,UA
2012Q4,2012,Q4,2013-02-25,2012-12-31,50132000.0,505863000.0,81592000.0,0.12,254235000.0,0.5025767846235047,1157083000.0,816922000.0,903598000.0,252228000.0,340161000.0,319286000.0,493181000.0,33230333787.199997,32950381787.199997,1.9508678250403584,3.5824650712847106,0.053487087788862166,0.07575876277049706,0.05836064686651984,1.9508678250403584,0.061366935888616046,65.69038215327075,165.7141834915822,40.677486696649126,0.0,0.7880959390640366,0.0,0.43718817059796056,2.0511798848660736,0.043326191811650504,172.47011146969217,0.5025767846235047,-0.07692307692307698,1.7254592332911973,1.6543948509731587,1.6720180780081086,-0.09328402124176596,-0.12535547917720746,-0.10318751373928337,2.14050350356391,1.1679068344691825,0.9449517739905405,Apparel Manufacturing,Consumer Cyclical,UA
2012Q3,2012,Q3,2012-11-08,2012-09-30,57317000.0,575196000.0,90980000.0,0.13,280391000.0,0.4874703579301664,1078639000.0,758380000.0,842302000.0,253841000.0,320259000.0,312158000.0,443437000.0,33175736583.999996,33090923583.999996,1.8140458307419987,3.3182267639979357,0.06696772506835003,0.09524776497270497,0.07003243399496066,1.8140458307419987,0.07557820617632321,57.67727276267567,144.7028655721688,43.745532034072625,0.0,0.9444095618244607,0.0,0.5332608963703334,1.843862890549596,0.053138260344749264,4855.222681691789,0.4874703579301664,5.5,1.6384429584394395,1.838165704420693,1.6813867761634709,0.6545463128514696,7.595830833833233,6.762798634812286,1.0965314178067784,1.0436367704961385,0.9238648133910597,Apparel Manufacturing,Consumer Cyclical,UA
2012Q2,2012,Q2,2012-08-06,2012-06-30,6668000.0,369473000.0,11720000.0,0.02,169467000.0,0.45867221691436183,1004689000.0,689133000.0,777295000.0,251538000.0,315556000.0,380895000.0,386454000.0,33115108294.399998,33046066294.399998,1.6514248878493922,3.0901692785980646,0.07354116547508732,0.1072158785024081,0.009387784242840482,1.6514248878493922,0.009675926127467411,89.62795195968312,1241.5682473905217,48.0532905758395,0.0,0.5250948424106381,0.0,0.36774862668945313,1.2649261741764664,0.006636879671221642,1051.5403370506795,0.45867221691436183,-0.3333333333333333,0.0736633808463764,1.8193221006084028,1.6939863899783516,-0.032744686194379126,-0.5451879135120388,-0.5197311805925501,3.4173731598295674,1.139220432813412,0.8895901601113448,Apparel Manufacturing,Consumer Cyclical,UA
2012Q1,2012,Q1,2012-05-04,2012-03-31,14661000.0,384389000.0,24403000.0,0.03,175204000.0,0.45579868310487553,920237000.0,674088000.0,694102000.0,182694000.0,246149000.0,324354000.0,380248000.0,32963378857.6,32932107857.6,1.6228068486027387,3.7992599647498,0.0823494382425397,0.11242004011345699,0.020627461295665065,1.6228068486027387,0.02174938583686403,85.75526057613511,562.0929482572813,48.90070563131223,0.0,0.6449280724147074,0.0,0.41770652560155697,1.661045245054572,0.01593176540391225,-402.5471547083175,0.45579868310487553,-0.6129032258064516,0.35255213354655557,1.835430484878225,1.7279292683836616,-0.1572881845073471,-0.5496129270090931,-0.5587320530903042,2.522022178941377,0.8292957244381104,0.8939564989271951,Apparel Manufacturing,Consumer Cyclical,UA
2011Q4,2011,Q4,2012-02-27,2011-12-31,32552000.0,403126000.0,55302000.0,0.0775,207905000.0,0.5157320539980056,919210000.0,636432000.0,689663000.0,183607000.0,282778000.0,324409000.0,366164000.0,32739276383.999996,32641616383.999996,1.5426410703897615,3.7561912127533263,0.08455521589190718,0.1221245946149785,0.046775371111791746,1.5426410703897615,0.05114764813837142,81.21350739967156,251.43828631113294,51.441907987027676,0.0,0.601774303425614,0.0,0.4385570217904505,1.6852679908718078,0.03541301769998151,250.5991578947368,0.5157320539980056,-0.29545454545454547,1.5024550864724293,1.714820979614763,1.7045508297151768,-0.07639237497834306,-0.29214778089460064,-0.2622957380110718,2.6843780406403455,1.117743798113583,0.8103343527186372,Apparel Manufacturing,Consumer Cyclical,UA
2011Q3,2011,Q3,2011-11-04,2011-09-30,45987000.0,465523000.0,74965000.0,0.11,225101000.0,0.4835443146740333,900138000.0,592065000.0,672004000.0,209364000.0,308073000.0,318888000.0,333612000.0,32731658169.6,32773315169.6,1.4354343651809613,3.209739974398655,0.12166578902346084,0.18497293371504817,0.06803906252892902,1.4354343651809613,0.07767221504395633,70.31158110254488,177.93973389001238,55.28389310227762,0.0,0.7539386869371064,0.0,0.5171684786110574,1.4508989128981105,0.05108883304559968,-407.3077508940904,0.4835443146740333,10.0,1.6341756527225308,2.3335870536177343,1.7574886142727768,0.6701489104385698,6.3685306841852265,5.600193696073252,0.6907821562730122,0.8937134182600021,0.746967725756128,Apparel Manufacturing,Consumer Cyclical,UA
2011Q2,2011,Q2,2011-08-05,2011-06-30,6241000.0,291336000.0,11358000.0,0.01,134779000.0,0.46262391190927316,766189000.0,538466000.0,621327000.0,172553000.0,227723000.0,311066000.0,287813000.0,32748799151.999996,32665972151.999996,1.3048027527381991,3.600789322700851,0.048104318908258926,0.06844814714392367,0.01151598586148686,1.3048027527381991,0.011590332537244692,112.40903682346156,1311.8410171446883,60.818694498817,0.0,0.5032919058977837,0.0,0.3802403845526365,1.502576020121354,0.008145509789360067,-1869.9708303545935,0.46262391190927316,-0.6666666666666666,1.3405364627768388,2.311982670813363,1.9192123322434187,-0.07081647144797347,-0.4858719828651454,-0.4627755179264024,3.2699269237886277,0.7492740920717418,0.7416331519542124,Apparel Manufacturing,Consumer Cyclical,UA
2011Q1,2011,Q1,2011-05-04,2011-03-31,12139000.0,312699000.0,21142000.0,0.03,145051000.0,0.463867808979242,691710000.0,525175000.0,558104000.0,136056000.0,166535000.0,248614000.0,281825000.0,32659285132.8,32562085132.8,1.276084188632299,4.102016816604928,0.01972502927527432,0.0259799114580854,0.02375235767990044,1.276084188632299,0.023114200028561908,104.44320299329387,672.6106996622456,62.18743301337649,0.0,0.674330488226729,0.0,0.45206661751311966,2.0155597695066736,0.01754926197394862,-336.8881532926225,0.463867808979242,-0.46332737030411447,0.2559061067014348,2.2220639510041416,1.9530827426390072,-0.06766380850762961,-0.4710214397768869,-0.399204319408923,2.980332106330161,0.8702519713593959,0.7292290265059567,Apparel Manufacturing,Consumer Cyclical,UA
2010Q4,2010,Q4,2011-02-24,2010-12-31,22948000.0,301166000.0,35190000.0,0.0559,155578000.0,0.5165855375440787,675378000.0,496966000.0,555850000.0,149147000.0,178412000.0,215355000.0,270021000.0,32249171257.6,32061243257.6,1.2228975550218513,3.7268600776415215,0.023604559224611996,0.03207865326803041,0.04569141086108283,1.2228975550218513,0.04617619716439354,107.08104918085043,351.3287787345302,64.89210782548504,0.0,0.6760372408349005,0.0,0.4459221354559965,2.051023486895479,0.03397800935180003,433.61979316947236,0.5165855375440787,-0.3788888888888889,1.4027238794715662,1.5261633181766747,1.4128126314000053,-0.07046578878187511,-0.34165303956163756,-0.37924465063768986,0.28554015162451724,0.6283760149903693,0.67494913424117,Apparel Manufacturing,Consumer Cyclical,UA
2010Q3,2010,Q3,2010-11-03,2010-09-30,34857000.0,328568000.0,56689000.0,0.09,167372000.0,0.5093983589393977,642863000.0,461391000.0,536345000.0,152334000.0,181472000.0,196170000.0,247074000.0,32330432211.199997,32215039211.199997,1.1325035345403134,3.5208489240747305,0.028844403862098144,0.04018934049428793,0.07357093866814848,1.1325035345403134,0.07554763747017172,98.39799436098463,231.87905019938603,70.07165768556386,0.0,0.8217158586939899,0.0,0.5111011210786747,2.0228117163601036,0.05422150598183439,-1201.6067870066156,0.5093983589393977,8.0,4.7879298725649075,2.5835293643088866,8.629400719998953,0.6749594700078058,8.953455168475157,7.225333720255368,0.6465060401386296,0.6636279889913173,0.6739819634174814,Apparel Manufacturing,Consumer Cyclical,UA
2010Q2,2010,Q2,2010-08-05,2010-06-30,3502000.0,204786000.0,6892000.0,0.01,99926000.0,0.4879532780561171,570099000.0,423115000.0,467550000.0,122883000.0,146984000.0,179150000.0,212780000.0,32227586316.8,32087089316.8,1.0418677606177607,3.804838749053978,0.027349635765016252,0.03685050163667088,0.008952680382067512,1.0418677606177607,0.008276709641586803,157.37201916537262,2300.6557907481438,76.16743986103069,0.0,0.5853195646106615,0.0,0.3592112948803629,2.0540107256496016,0.00614279274301481,-3745.6515942352394,0.4879532780561171,-0.5,0.3345810991547503,1.365711414116775,1.3309524822656826,-0.07158718213154203,-0.5115760111576011,-0.4926383981154299,-0.42058852636476546,0.6056861132770133,0.699609584373325,Apparel Manufacturing,Consumer Cyclical,UA
2010Q1,2010,Q1,2010-05-05,2010-03-31,7170000.0,229407000.0,13584000.0,0.02,107631000.0,0.4691705135414351,549251000.0,412847000.0,447232000.0,111618000.0,136404000.0,147865000.0,209278000.0,32008562652.8,31860515652.8,1.0235402328487277,4.006808937626547,0.03261714589504616,0.04339379964006036,0.01830149617240877,1.0235402328487277,0.017367208675368843,139.527401747985,1116.0586699023709,77.53129525659625,0.0,0.8235620329354478,0.0,0.41767243027322665,2.4753534376175885,0.013054141002929443,-1690.8907898996301,0.4691705135414351,-0.4666666666666666,-0.24310799430245572,1.4118751949522335,1.3686517119704271,-0.057034720214471576,-0.5283515326930667,-0.4956373222440872,-0.31879923796177806,0.7426905183501762,0.7205654270934042,Apparel Manufacturing,Consumer Cyclical,UA
2009Q4,2009,Q4,2010-02-25,2009-12-31,15202000.0,222217000.0,26933000.0,0.0375,114141000.0,0.5136465706944113,545588000.0,399997000.0,448000000.0,120162000.0,145591000.0,148488000.0,202188000.0,31646062617.6,31478988617.6,1.0030417469106083,3.728300128160317,0.03706643107986246,0.05055787918409388,0.03712313741045739,1.0030417469106083,0.0380052850396378,142.41062842896807,520.4259738455465,79.11574991212433,0.0,0.7278433274069285,0.0,0.4072981810450376,2.219112531415922,0.027863516059737383,353.23997206768763,0.5136465706944113,-0.375,0.7389065616617373,1.2482446451988976,12.271493457075183,-0.1485509678863153,-0.41937208769383544,-0.4277245394471241,0.2090346180529897,0.5481999914542811,0.7585279174245242,Apparel Manufacturing,Consumer Cyclical,UA
2009Q3,2009,Q3,2009-11-04,2009-09-30,26182000.0,269546000.0,47063000.0,0.06,134055000.0,0.4973362617141416,516068000.0,377514000.0,419391000.0,115350000.0,138554000.0,152753000.0,186986000.0,31771763155.199997,31696664155.199997,0.9429175158853854,3.635812743823147,0.035415875427269275,0.04841409854998755,0.06664882455643431,0.9429175158853854,0.06935371933226317,117.8713954397394,303.37410391872277,84.16048982342376,0.0,0.8869940361236768,0.0,0.5223071378190471,2.0669180754226266,0.050733624251067685,2290.682275068493,0.4973362617141416,0.0,3.4239098332221767,1.9914984960194024,7.017397146625105,0.8047739572955653,17.19457956914524,12.919846199349305,0.545037986467603,0.9885212659815026,0.811357159422984,Apparel Manufacturing,Consumer Cyclical,UA
2009Q2,2009,Q2,2009-08-05,2009-06-30,1439000.0,164648000.0,3381000.0,0.0,74278000.0,0.4511321121422671,481704000.0,347668000.0,385891000.0,108201000.0,134036000.0,181365000.0,161412000.0,31568610771.199997,31509401771.199997,0.873959296947271,3.5664272973447564,0.04221056914619767,0.058483955957982905,0.005423681532631142,0.873959296947271,0.004139006178308041,191.733946183373,5484.470252119527,90.80102503307752,0.0,0.49827695531111293,0.0,0.3418032650756481,1.524597739392427,0.0029873117100958266,5643.298314479799,0.4511321121422671,-1.0,-0.440162569428322,0.9417363978210926,0.9552938190644353,-0.17971088116089276,-0.6367995961635537,-0.5718085106382979,-0.440162569428322,0.9417363978210926,0.9552938190644353,Apparel Manufacturing,Consumer Cyclical,UA
2009Q1,2009,Q1,2009-05-07,2009-03-31,3962000.0,200000000.0,7896000.0,0.01,90551000.0,0.452755,458316000.0,338758000.0,364206000.0,97332000.0,119558000.0,164426000.0,159973000.0,31374346303.999996,31327427303.999996,0.8568342776203967,3.7418937245715695,0.040698993707398386,0.05506290626346832,0.012405158523608446,0.8568342776203967,0.01169566475182874,156.87173151999997,1979.7038303886923,92.61580923254948,0.0,0.665642903190493,0.0,0.4363801394670926,1.762739900546583,0.008644690562843104,-3183.2737727272724,0.452755,-0.5192307692307692,-0.5733018888119822,1.1452091847994665,0.9828648776334415,-0.0042994436014162874,-0.5238553058526619,-0.6547894897914571,-0.5733018888119822,1.1452091847994665,0.9828648776334415,Apparel Manufacturing,Consumer Cyclical,UA
2008Q4,2008,Q4,2009-02-20,2008-12-31,8321000.0,179279000.0,22873000.0,0.0208,90942000.0,0.5072652123226926,487555000.0,331097000.0,396423000.0,133110000.0,156458000.0,182232000.0,156011000.0,30834087932.8,30777636932.8,0.8521304741707674,2.97816091954023,0.09350945021587308,0.13769680788409439,0.02825580543810715,0.8521304741707674,0.025131607957788803,171.98940161870604,926.3937006609782,93.12705319830744,0.0,0.4847502085253962,0.0,0.36771030960609574,1.377387123431748,0.01706679246443991,564.551109229727,0.5072652123226926,-0.6533333333333333,-0.023123602704199442,0.8615910618414199,10.27474907935171,-0.23104500832861238,-0.6757588746444297,-0.5078852815249898,-0.0887826141210339,0.5727958581554599,0.6812783403131143,Apparel Manufacturing,Consumer Cyclical,UA
2008Q3,2008,Q3,2008-11-05,2008-09-30,25663000.0,231946000.0,46479000.0,0.06,118267000.0,0.5098902330714907,474886000.0,319775000.0,387785000.0,129724000.0,155111000.0,163612000.0,147690000.0,30883606326.399998,30881018326.399998,0.8216719427713939,2.9893080694397334,0.07910108952464381,0.11747009616136346,0.07457064725413971,0.8216719427713939,0.08025330310374482,133.14998459296558,300.8573269532011,96.57917700383082,0.0,0.6948084492580007,0.0,0.4884245903227301,1.4741913601184051,0.05404033810219716,1725.3411355530725,0.5098902330714907,0.0,3.4609173891908243,1.6482323919121007,5.986475676243596,0.6679877016811463,17.664,13.196395846059866,3.4609173891908243,1.6482323919121007,5.986475676243596,Apparel Manufacturing,Consumer Cyclical,UA
2008Q2,2008,Q2,2008-08-06,2008-06-30,1375000.0,156677000.0,3274000.0,0.0,70904000.0,0.45254887443594144,417453000.0,290851000.0,333199000.0,99676000.0,126602000.0,183909000.0,122027000.0,30808059033.6,30824309033.6,0.7491834610946257,3.3428207391949916,0.07084629886478239,0.10168436759715456,0.005642549453738792,0.7491834610946257,0.004727506523959003,196.6342158300197,5601.465278836363,105.92385459771498,0.0,0.46638826811085915,0.0,0.3753165026961119,1.218247120670974,0.0032937839708901363,-2209.4132984509465,0.45254887443594144,-1.0,-0.45185561613777603,0.8933468950488127,0.6761350281877068,-0.05252889690652769,-0.5209059233449478,-0.23842754128867177,-0.45185561613777603,0.8933468950488127,0.6761350281877068,Apparel Manufacturing,Consumer Cyclical,UA
2008Q1,2008,Q1,2008-05-07,2008-03-31,2870000.0,157342000.0,4299000.0,0.01,74835000.0,0.4756199870346125,388529000.0,285805000.0,311307000.0,81422000.0,102724000.0,167949000.0,120652000.0,30734416294.399998,30735640294.399998,0.7379497851772288,3.823376974282135,0.04842624360086377,0.06583159846748657,0.00842240557997809,0.7379497851772288,0.010041811724777383,195.3351062932974,2677.213962926829,107.53631425062542,0.0,0.49126222841457823,0.0,0.4049684836910501,1.4686694013902877,0.007386835989076748,-1087.9054296980637,0.4756199870346125,-0.7630331753554502,-0.6844720306870645,0.7227967142107481,0.7077452999999331,-0.17625238037579666,-0.829925925925926,-0.8478445529836484,-0.6844720306870645,0.7227967142107481,0.7077452999999331,Apparel Manufacturing,Consumer Cyclical,UA
2007Q4,2007,Q4,2008-02-22,2007-12-31,16875000.0,174838000.0,28254000.0,0.0422,90847000.0,0.5196067216508997,390613000.0,280485000.0,322245000.0,95699000.0,110128000.0,166082000.0,117782000.0,30486189475.199997,30459933475.199997,0.7301102642593865,3.3672765650633756,0.03669104714896842,0.05109720662424016,0.057421808185042986,0.7301102642593865,0.06016364511471202,174.36821214610094,451.64725148444444,108.69097982138081,0.0,0.5057200659914982,0.0,0.44759903024220904,1.4012999090899592,0.04320132714476989,1241.7999786232178,0.5196067216508997,-0.15600000000000003,1.003714486924957,0.8361943891273463,8.660269500154143,-0.03882899372599638,-0.15751372940589117,-0.18063973552185134,1.003714486924957,0.8361943891273463,8.660269500154143,Apparel Manufacturing,Consumer Cyclical,UA
2007Q3,2007,Q3,2007-11-07,2007-09-30,20030000.0,186863000.0,34483000.0,0.05,94517000.0,0.5058090686759819,384270000.0,260779000.0,319975000.0,118188000.0,123491000.0,151760000.0,100907000.0,30589035369.6,30589177369.6,0.6765326982545711,2.7073391545672996,0.03803315377208733,0.05604362314450167,0.0725827200220321,0.6765326982545711,0.07680833195924519,163.69765747954384,381.7902567348976,117.29869111239785,0.0,0.6085002635740643,0.0,0.4862804798709241,1.2083037194977493,0.05212480807765373,-1252.622251007371,0.5058090686759819,4.0,2.515280072751865,1.1540448874520526,4.7523921585990445,0.5992994805326656,2.5066526610644257,3.2232700551132885,2.515280072751865,1.1540448874520526,4.7523921585990445,Apparel Manufacturing,Consumer Cyclical,UA
2007Q2,2007,Q2,2007-08-08,2007-06-30,5712000.0,120531000.0,8165000.0,0.01,59099000.0,0.4903219918527184,317862000.0,235271000.0,261543000.0,77600000.0,82591000.0,128760000.0,80877000.0,30456986319.999996,30436816319.999996,0.6130041688379364,3.3703994845360823,0.017321982495548383,0.023402799325033686,0.019984437897266182,0.6130041688379364,0.02427838535136077,252.6900657922028,1333.026362044818,129.45491080498658,0.0,0.47710469089779434,0.0,0.37919285727768653,1.4374613402061855,0.017970062479944128,-935.6122729087948,0.4903219918527184,-0.5,1.3033390947223955,0.4733336699840053,0.37146348414194447,-0.02446311549825853,-0.42540991851926363,-0.49086487497661657,1.3033390947223955,0.4733336699840053,0.37146348414194447,Apparel Manufacturing,Consumer Cyclical,UA
2007Q1,2007,Q1,2007-05-08,2007-03-31,9941000.0,124329000.0,16037000.0,0.02,60581000.0,0.487263631172132,289318000.0,226623000.0,238869000.0,57288000.0,62695000.0,80068000.0,75165000.0,30230979292.8,30180207292.8,0.5948859698859699,4.169616673648932,0.022224680109775404,0.02837311305560336,0.04074579415124287,0.5948859698859699,0.043865803559215086,243.1530800762493,760.2600164168593,133.39766613627037,0.0,0.7961732527351751,0.0,0.42973129912414715,2.4744274542661637,0.03436011585867454,-1855.9137634477254,0.487263631172132,-0.3311036789297659,0.11111444360814637,0.38399513255835094,0.3766705262536002,-0.11439055053650264,-0.1611678339380643,-0.09625246548323471,0.11111444360814637,0.38399513255835094,0.3766705262536002,Apparel Manufacturing,Consumer Cyclical,UA
