Quarters,Year,Quarter,FillingDate,Date,NetIncome,Revenue,OperatingIncome,EPSDiluted,GrossProfit,GrossProfitRatio,TotalAssets,CommonStockEquity,CurrentAssets,CurrentLiability,TotalLiability,Inventory,RetainedEarnings,MarketCap,EnterpriseValue,bookValuePerShare,currentRatio,debtToAssets,debtToEquity,roic,shareholdersEquityPerShare,roe,priceToSalesRatio,peRatio,pbRatio,payoutRatio,inventoryTurnover,dividendYield,assetTurnover,quickRatio,returnOnAssets,priceToFreeCashFlowsRatio,grossProfitMargin,epsdilutedGrowth,fiveYNetIncomeGrowthPerShare,fiveYRevenueGrowthPerShare,fiveYShareholdersEquityGrowthPerShare,grossProfitGrowth,netIncomeGrowth,operatingIncomeGrowth,threeYNetIncomeGrowthPerShare,threeYRevenueGrowthPerShare,threeYShareholdersEquityGrowthPerShare,Industry,Sector,Symbol
2023Q3,2023,Q3,2023-04-06,2023-02-25,7019000.0,186777000.0,10119000.0,0.21,71607000.0,0.3833823222,532320000.0,406835000.0,262554000.0,102090000.0,125485000.0,0.0,80711000.0,604061300.0,519409300.0,12.15666646745951,2.5717895974140466,0.03616809437932071,0.04732385365074293,0.022728390466004104,12.15666646745951,0.01725269458134133,3.234131076096093,21.515219404473573,1.4847820369437241,0.670750819205015,0.0,0.0077939109822132285,0.35087353471596033,2.502772063865217,0.013185677787796814,15.121568578366336,0.3833823222345364,-0.5882352941176472,0.4350547064251201,0.017723021366689753,0.42130360019979407,-0.13045537340619306,-0.5973497016980266,-0.5689824083145206,-0.028395847965030026,0.0680176726040305,0.29109529305298637,Consulting Services,Industrials,RGP
2023Q2,2023,Q2,2023-01-05,2022-11-26,17432000.0,200355000.0,23477000.0,0.51,82350000.0,0.4110204387,550512000.0,402146000.0,243211000.0,100990000.0,148366000.0,-6562000.0,78608000.0,646743000.0,585233000.0,12.000775887794688,2.408268145360927,0.05075093730926846,0.06947476787037543,0.03891752504944831,12.000775887794688,0.043347440979146876,3.227985326046268,9.275226594768244,1.6082293495397195,0.270823772372648,-17.983084425480037,0.007299653803752031,0.36394302031563347,2.408268145360927,0.03166506815473596,22.696718722582908,0.41102043872126975,-0.03773584905660381,0.9287395970684442,0.15098575623688185,0.4320946776394688,-0.013382534414798662,-0.03902976846747519,-0.06618670697267412,0.34863989115771826,0.036443629482091705,0.27831354302108247,Consulting Services,Industrials,RGP
2023Q1,2023,Q1,2022-10-06,2022-08-27,18140000.0,204062000.0,25141000.0,0.53,83467000.0,0.4090276485,534021000.0,391955000.0,262157000.0,91811000.0,142066000.0,0.0,66082000.0,681180190.0,651368190.0,11.778555759233104,2.8553985905828276,0.08007737523430726,0.1091018101567782,0.03966611968713212,11.778555759233104,0.046280823053666875,3.338104056610246,9.38781959757442,1.7379040706203517,0.2561742006615215,0.0,0.0068219834754736485,0.3821235494484299,2.793205607171254,0.03396870160536758,-113.43550208159867,0.40902764845978185,-0.13114754098360648,6.693901272696312,0.2947137042546188,0.44019068971491937,-0.06922776693615836,-0.11628586739416379,-0.1065107683559599,2.508466177651935,0.13183985641787743,0.2981154261313865,Consulting Services,Industrials,RGP
2022Q4,2022,Q4,2022-07-28,2022-05-28,20527000.0,217031000.0,28138000.0,0.61,89675000.0,0.4131898208,581473000.0,372449000.0,308541000.0,124322000.0,209024000.0,9889000.0,52738000.0,599158260.0,570479260.0,11.301058955608823,2.4817892247550715,0.12992004787840536,0.20283313957078689,0.04431423128569578,11.301058955608823,0.05511358602117337,2.7607035861236415,7.297197106250304,1.6086988017151342,0.22580016563550445,12.87855192638285,0.007735852627651332,0.37324346960219995,2.3529946429433246,0.03530172510159543,22.673059108453796,0.41318982080900885,0.05172413793103453,3.1626669493442354,0.3139538922901406,0.407234348706335,0.16773445842123083,0.05694866381751712,0.6077938403519799,1.1049250294551065,0.14475168297967034,0.26710516335727896,Consulting Services,Industrials,RGP
2022Q3,2022,Q3,2022-04-07,2022-02-26,19421000.0,204609000.0,17501000.0,0.58,76794000.0,0.3753207337,559738000.0,357028000.0,277760000.0,115638000.0,202710000.0,0.0,36921000.0,548361500.0,544350500.0,10.905614270877878,2.4019785883533094,0.13966891652880456,0.21896882037263185,0.04294360674074934,10.905614270877878,0.05439629384810155,2.6800458435357193,7.058873127027445,1.5359061474170095,0.2427784357139179,0.0,0.00859834251675218,0.3655442367679164,2.3341808056175304,0.03469659019041051,29.02612216811349,0.3753207336920663,0.38095238095238093,5.1223123628786835,0.29321916762994155,0.39024628729830896,-0.02472663542500095,0.3576371897937784,-0.12904349557081715,2.263965700706544,0.11036942283018664,0.22760338545109615,Consulting Services,Industrials,RGP
2022Q2,2022,Q2,2022-01-06,2021-11-27,14305000.0,200238000.0,20094000.0,0.42,78741000.0,0.3932370479,538212000.0,353600000.0,260017000.0,99086000.0,184612000.0,0.0,22205000.0,581699710.0,581688710.0,10.643869841365401,2.6241547746402114,0.13121595207836317,0.19972285067873302,0.03208384335368079,10.643869841365401,0.04045531674208145,2.9050415505548397,10.166020796924153,1.6450783653846157,0.3248514505417686,0.0,0.007988657927988307,0.37204298677844416,2.5561229638899543,0.02657874592168142,337.80470963995356,0.39323704791298353,0.07692307692307684,1.7019237190540837,0.45892797425326837,0.5926719283685042,0.10232108858774779,0.10694111274471872,0.11521811521811522,0.29298545165743184,0.012700391567417101,0.2170945360223203,Consulting Services,Industrials,RGP
2022Q1,2022,Q1,2021-10-07,2021-08-28,12923000.0,183140000.0,18018000.0,0.39,71432000.0,0.3900404062465873,514635000.0,340845000.0,233252000.0,95380000.0,173790000.0,0.0,375426000.0,523014600.0,522804600.0,10.361920107010397,2.445502201719438,0.11986942201754641,0.18098842582405492,0.029817658848223624,10.361920107010397,0.037914594610453434,2.8558184995085725,10.117902189893988,1.5344646393521983,0.35618664396811883,0.0,0.00880090154271028,0.3558638646807932,2.3749947578108617,0.02511100100070924,-938.9849192100538,0.3900404062465873,-0.4428571428571428,1.527302146296704,0.4082711010544879,0.09242943081969322,0.04611689585987728,-0.4441242257398486,0.16583629893238433,1.1721679260964686,-0.010259148188861925,0.22580069408180492,Consulting Services,Industrials,RGP
2021Q4,2021,Q4,2021-07-23,2021-05-29,23248000.0,172317000.0,15455000.0,0.7,68283000.0,0.3962638625324257,520644000.0,329546000.0,235265000.0,100906000.0,191098000.0,0.0,367229000.0,476984700.0,476539700.0,10.073238575576953,2.331526371078033,0.14202795000038415,0.22438749066898095,0.05358909766963262,10.073238575576953,0.0705455384073847,2.7680652518323785,5.129308972814866,1.4473994525802163,0.19808155540261527,0.0,0.009654397719675285,0.33096895383409775,2.259825976651537,0.044652392037553494,133.42229370629371,0.3962638625324257,33.99999999999999,1.996618693146011,0.26366236358949535,0.07567744099752424,0.19696040107279963,32.69275362318841,6.561154598825832,4.630889780100595,-0.09596032309200686,0.18203407743541322,Consulting Services,Industrials,RGP
2021Q3,2021,Q3,2021-04-08,2021-02-27,690000.0,156631000.0,2044000.0,0.02,57047000.0,0.3642127037431926,501602000.0,307591000.0,212045000.0,103391000.0,194011000.0,0.0,348676000.0,414955200.0,418579200.0,9.458517835178352,2.050903850431856,0.17470424759071934,0.28489780260150654,0.0018780843531607952,9.458517835178352,0.0022432385863045408,2.6492533406541487,150.34608695652173,1.3490485742430696,6.6173913043478265,0.0,0.011003597496790016,0.31226151410879543,1.9721639214244953,0.0013755926013054175,87.4141984411207,0.3642127037431926,1.6666666666666667,-0.867952955591332,0.21652486588873696,0.021652424374656226,-0.019440338272199112,1.6955645161290323,0.6365092073658927,-0.8548237495432626,-0.12171150560670985,0.10584801250225868,Consulting Services,Industrials,RGP
2021Q2,2021,Q2,2021-01-07,2020-11-28,-992000.0,153222000.0,1249000.0,-0.03,58178000.0,0.3796974324835859,511966000.0,306947000.0,218558000.0,91636000.0,205019000.0,0.0,352716000.0,404450000.0,412667000.0,9.486555816540982,2.385067004234144,0.20589648531347784,0.34342085115671434,-0.002179393175863419,9.486555816540982,-0.0032318282960902044,2.6396339951181944,-101.92792338709677,1.3176541878565355,-4.58366935483871,0.0,0.011242427988626529,0.2992815929182797,2.3077611419092934,-0.0019376286706539107,42.77178510998308,0.3796974324835859,-1.4285714285714286,-1.1314241442923958,0.1672189566223393,0.019695079112646386,0.00485344663799506,-1.4343257443082311,-0.7030432715168806,-1.1136730865921733,-0.08838703715654787,0.1320639782812108,Consulting Services,Industrials,RGP
2021Q1,2021,Q1,2020-10-08,2020-08-29,2284000.0,147346000.0,4206000.0,0.07,57897000.0,0.3929322818400228,529162000.0,309928000.0,231514000.0,88058000.0,219234000.0,0.0,358294000.0,409689590.0,423600590.0,9.630177422863003,2.629108087851189,0.24276497556513885,0.41448981698975246,0.004730377385938282,9.630177422863003,0.007369453550502052,2.7804595306285886,44.8434314798599,1.321886341343796,1.9754816112084064,0.0,0.011013216127849378,0.2784515894943326,2.561039314996934,0.004316258537083162,22.364189639172444,0.3929322818400228,-0.4615384615384615,-0.6289367348567347,0.15107643250438618,0.04678282217645768,-0.19791363617472257,-0.43840668797639537,-0.43543624161073824,0.0016663112183262292,-0.033353688459688634,0.17750360470451565,Consulting Services,Industrials,RGP
2020Q4,2020,Q4,2020-07-27,2020-05-30,4067000.0,178569000.0,7450000.0,0.13,72183000.0,0.4042302975320464,529181000.0,303661000.0,230999000.0,94901000.0,225520000.0,0.0,360534000.0,352625140.0,386896140.0,9.463971825718382,2.434105014699529,0.24546421734718366,0.42776319645920946,0.00908441581369342,9.463971825718382,0.013393224681470455,1.974727640295908,21.675998278829603,1.161246060574127,1.1067125645438898,0.0,0.012764262922377005,0.3374440881286365,2.3685419542470574,0.00768546111821853,12.749941786889394,0.4042302975320464,-0.38095238095238093,-0.4139779544127845,0.4018960042674498,0.042045421553931935,0.17523607945294692,-0.4141457793143186,1.1581691772885283,-0.15286534634473664,0.11044362105062266,0.17847595350611348,Consulting Services,Industrials,RGP
2020Q3,2020,Q3,2020-04-02,2020-02-22,6942000.0,168052000.0,3452000.0,0.21,61420000.0,0.3654821126794088,485974000.0,302802000.0,181989000.0,90766000.0,183172000.0,0.0,360967000.0,442507840.0,455563840.0,9.415777853788986,2.005034924971906,0.1008284393815307,0.16182191663199055,0.020421226062775768,9.415777853788986,0.02292587235223017,2.633160212315236,15.9358916738692,1.4613768733363715,0.6480841256122155,0.0,0.010167051503539463,0.345804508060102,1.9167419518321838,0.01428471482013441,124.0908132361189,0.3654821126794088,-0.4473684210526316,0.3597075114922878,0.3425738116376728,0.045024827392815235,-0.174207080145744,-0.43730242360379346,-0.8048394391677973,1.2278098175419045,0.08128628441597542,0.200322134830287,Consulting Services,Industrials,RGP
2020Q2,2020,Q2,2020-01-02,2019-11-23,12337000.0,184507000.0,17688000.0,0.38,74377000.0,0.4031120770485673,496352000.0,300265000.0,189442000.0,97923000.0,196087000.0,0.0,358531000.0,479760000.0,490727000.0,9.387975237618809,1.9346016768277117,0.10879375926761653,0.17984114032604534,0.030798174161394597,9.387975237618809,0.04108703978152632,2.6002265496702024,9.721974548107319,1.5977886200522873,0.36272999918943016,0.0,0.009327580456895114,0.37172611372574305,1.8557131623826884,0.024855344594158984,24.600553789354937,0.4031120770485673,1.5333333333333334,0.824201732540422,0.44355285158619334,0.03692371260289612,0.1018325111476527,1.4978740635756227,1.193996526916398,1.4203307073424276,0.3963044587325717,0.404748916326101,Consulting Services,Industrials,RGP
2020Q1,2020,Q1,2019-10-03,2019-08-24,4939000.0,172225000.0,8062000.0,0.15,67503000.0,0.3919465815067499,496611000.0,288431000.0,183379000.0,89025000.0,208180000.0,0.0,350693000.0,519098039.99999994,546375040.0,9.07358122561973,2.0598595900028083,0.14699634120065805,0.2530934608277196,0.012860056601896342,9.07358122561973,0.017123679493535715,3.0140690375961676,26.27546264425997,1.7997304034587127,0.8313423769993926,0.0,0.007909873826531884,0.34680061456552513,1.9768716652625666,0.009945409988904797,-146.30722660653888,0.3919465815067499,-0.48275862068965514,0.09956345403684029,0.4420404513172686,0.000780945155726869,-0.07474368112286858,-0.4728359483402711,-0.41882929642445216,-0.0004918682850687043,0.3704169911157517,-0.0433966802066108,Consulting Services,Industrials,RGP
2019Q4,2019,Q4,2019-07-19,2019-05-25,9369000.0,182144000.0,13872000.0,0.29,72956000.0,0.4005402319044273,428370000.0,282396000.0,191657000.0,91416000.0,145974000.0,0.0,350230000.0,492676280.0,492631280.0,8.918801124340714,2.0965367112978033,0.10038051217405514,0.15226844572869305,0.029782348866788256,8.918801124340714,0.033176815535630816,2.7048724086437104,13.14644785996371,1.744629102395218,0.4426299498345608,0.0,0.00841729177625519,0.42520251184723484,2.018836965082699,0.02187127950136564,16.892723469912568,0.4005402319044273,0.611111111111111,0.6643420982757542,0.4155527630511326,-0.0048404898844440864,0.07428840688548247,0.6164596273291926,0.35826887300499366,0.2477684207523284,0.38010668401417197,-0.04759992546417268,Consulting Services,Industrials,RGP
2019Q3,2019,Q3,2019-04-04,2019-02-23,5796000.0,179498000.0,10213000.0,0.18,67911000.0,0.3783384773089394,435131000.0,283300000.0,198033000.0,81324000.0,151831000.0,0.0,344966000.0,559669468.11,569702468.11,8.883662590153653,2.435111406226944,0.1332931921651181,0.20472996823155665,0.01803269543499873,8.883662590153653,0.020458877515001764,3.1179704961058063,24.140332475414077,1.975536421143664,0.7115251897860594,0.0,0.007368634944347993,0.4125148518492132,2.3360139688160935,0.013320126582569387,60.179512700000004,0.3783384773089394,-0.4545454545454546,2.1123949414198187,0.6550744299559119,-0.0045545512320899996,-0.0750466487789597,-0.4513441878076486,-0.373934898547171,0.13110777758002592,0.4216703348462279,-0.040439994858266444,Consulting Services,Industrials,RGP
2019Q2,2019,Q2,2019-01-03,2018-11-24,10564000.0,188799000.0,16313000.0,0.33,73421000.0,0.38888447502370244,431290000.0,277410000.0,195438000.0,85585000.0,153880000.0,0.0,343827000.0,510073679.99999994,538606680.0,8.745310677469185,2.2835543611614186,0.16081059148136984,0.2500126167045168,0.03164373793613759,8.745310677469185,0.03808081900436178,2.70167575040122,12.071035592578566,1.838699686384773,0.3876372586141613,0.0,0.008028251918428726,0.4377541793224976,2.18872465969504,0.024493959980523547,32.01165306890925,0.38888447502370244,0.8333333333333335,0.8531785598356567,0.6098311667020655,-0.020605974796586823,0.07732828571847808,0.8400975439818847,0.6712427005429772,0.4275779626509362,0.46702951638816514,-0.05998020402960563,Consulting Services,Industrials,RGP
2019Q1,2019,Q1,2018-10-04,2018-08-25,5741000.0,178558000.0,9761000.0,0.18,68151000.0,0.38167430190750345,408439000.0,268321000.0,172461000.0,72636000.0,140118000.0,0.0,337387000.0,499936500.0,543390500.0,8.453185054501922,2.3743185197422765,0.17262553282130258,0.26277108388832776,0.01790876623415845,8.453185054501922,0.021396014475199482,2.799854949092172,21.770445044417347,1.8632030292075534,0.6605121059048946,0.0,0.007584963290337873,0.43717176861171436,2.2672228646951926,0.014055954499937568,-28.286550865678397,0.38167430190750345,0.5,0.9718336637731914,0.7010330420843967,-0.055524093330321406,-0.032330891122848864,0.44209997488068326,0.029641350210970464,-0.05434734323133417,0.41428639079740986,-0.08115411386670827,Consulting Services,Industrials,RGP
2018Q4,2018,Q4,2018-07-23,2018-05-26,3981000.0,183791000.0,9480000.0,0.12,70428000.0,0.3831961303872333,432674000.0,268825000.0,194881000.0,94524000.0,163849000.0,0.0,335741000.0,515760750.00000006,535116750.00000006,8.52195276589,2.0617091955482207,0.17524972612174525,0.28206454012833626,0.012266352395521922,8.52195276589,0.014808890542174278,2.806235071358228,32.38889412207988,1.918574351343811,0.9444863099723687,0.0,0.007290201900784423,0.42477939511040647,1.977508357665778,0.00920092263459325,30.28364453056192,0.3831961303872333,-0.14285714285714296,-0.03880919118814719,0.6824667624075115,-0.02086081987473828,0.12666773316269397,-0.13362350380848748,0.8411342008156923,-0.4165320479752537,0.4676382418620367,-0.06167706054846941,Consulting Services,Industrials,RGP
2018Q3,2018,Q3,2018-04-05,2018-02-24,4595000.0,172414000.0,5149000.0,0.14,62510000.0,0.36255756493092206,420134000.0,268912000.0,180170000.0,78313000.0,151222000.0,0.0,335550000.0,496752000.0,527136000.0,8.553180661577608,2.3006397405283923,0.17518458396606798,0.27369920271315523,0.014884004047317899,8.553180661577608,0.017087374308323914,2.881158142610229,27.026768226332972,1.8472660201106683,0.8,0.0,0.007400070860308565,0.4103785934963607,2.1581602032868106,0.010936986770887384,-105.0215644820296,0.36255756493092206,-0.48148148148148145,0.33169199727707616,0.6266165895675408,-0.033010054612037966,0.05202039751594608,-0.4353649545342836,-0.5166165978220053,-0.07940968535614695,0.4089221993611089,-0.050711870721560706,Consulting Services,Industrials,RGP
2018Q2,2018,Q2,2018-01-04,2017-11-25,8138000.0,156738000.0,10652000.0,0.27,59419000.0,0.3790976023682834,382318000.0,252846000.0,170456000.0,72339000.0,129472000.0,0.0,335033000.0,482768000.0,482690000.0,8.379876048122494,2.356349963366925,0.14701374248662108,0.22229341180006804,0.02726644667721746,8.379876048122494,0.0321855991393971,3.0800954459033547,14.830670926517572,1.9093361176368224,0.4397886458589334,0.0,0.0074134988234514304,0.40996761857929787,2.285198855389209,0.021285945207915925,33.60022271714922,0.3790976023682834,2.857142857142857,0.899201959921072,0.5191346067107125,-0.04684005614178037,0.10654028082982607,2.853219696969697,0.9936365337825191,0.2755434843367983,0.29989545808010487,-0.0744231889159481,Consulting Services,Industrials,RGP
2018Q1,2018,Q1,2017-10-05,2017-08-26,2112000.0,141186000.0,5343000.0,0.07,53698000.0,0.3803351607099854,352075000.0,243792000.0,154111000.0,54573000.0,108283000.0,0.0,330558000.0,366650700.0,374086700.0,8.178469589721225,2.8239422425008702,0.16201945608180074,0.23398224716151472,0.007451393779566223,8.178469589721225,0.008663122661941327,2.5969338319663424,43.40088778409091,1.503948858042922,1.540719696969697,0.0,0.008874931917489861,0.40101114819285666,2.722793322705367,0.0059987218632393665,-27.135190941385435,0.3803351607099854,-0.5333333333333333,-0.38826422261466437,0.4430467595803684,-0.06249535986116398,-0.07482641580951396,-0.5240027045300879,-0.38409221902017293,-0.49859231982080787,0.260633027984639,-0.09794640920630021,Consulting Services,Industrials,RGP
2017Q4,2017,Q4,2017-07-24,2017-05-27,4437000.0,148620000.0,8675000.0,0.15,58041000.0,0.39053290270488494,364128000.0,238142000.0,166845000.0,71771000.0,125986000.0,0.0,332024000.0,375123100.0,369222100.0,8.030687259728873,2.3246854579147564,0.1549674839616838,0.23695106281126388,0.015677066236615186,8.030687259728873,0.01863174072612139,2.524041851702328,21.13607730448501,1.5752076492176936,0.7432950191570882,0.0,0.008791780618149083,0.40815317690482467,2.236989870560533,0.01218527550751384,18.212511530805457,0.39053290270488494,0.6666666666666666,-0.28859666609282447,0.4565217114908954,-0.07181368102114723,0.1108963194058989,0.5384882108183079,0.4550486413955049,-0.15839643601841374,0.23326732951409046,-0.10393620309884595,Consulting Services,Industrials,RGP
2017Q3,2017,Q3,2017-04-06,2017-02-25,2884000.0,143844000.0,5962000.0,0.09,52247000.0,0.3632198770890687,345355000.0,233480000.0,149035000.0,58545000.0,111875000.0,0.0,330841000.0,505988000.0,516911000.0,7.844375755946781,2.545648646340422,0.16079107005834575,0.23783621723488094,0.01057298077692126,7.844375755946781,0.012352235737536407,3.5176163065543227,43.8616504854369,2.1671577865341787,1.1300277392510403,0.0,0.0064408642102184235,0.41651054711818275,2.4164488854727133,0.008350827409477204,-171.17320703653587,0.3632198770890687,-0.43750000000000006,-0.03925494580300468,0.4483210089548043,-0.0815344209844924,-0.07543797557954345,-0.4933239634574842,-0.3819199668256272,0.6592995805706071,0.42106155362601455,-0.1210102741478054,Consulting Services,Industrials,RGP
2017Q2,2017,Q2,2017-01-05,2016-11-26,5692000.0,147558000.0,9646000.0,0.16,56510000.0,0.3829680532400819,366819000.0,238691000.0,168070000.0,65813000.0,128128000.0,0.0,332048000.0,582170764.284,587898764.284,6.683027214693695,2.553750778721529,0.17527718029873043,0.26936499490973687,0.01883320504625517,6.683027214693695,0.023846730710416396,3.9453690364737937,25.56969273910752,2.4390143083903455,0.6986999297259311,0.0,0.006831328957047906,0.4022637867722228,2.4400650327442905,0.015517189676652518,41.66397797781436,0.3829680532400819,0.06666666666666674,-0.7245780573449895,0.24722285028431845,-0.2115421381429174,0.03636730427127845,0.00957786449095424,-0.046743749382350035,-0.11317521649728968,0.11744834676368973,-0.2515626756170349,Consulting Services,Industrials,RGP
2017Q1,2017,Q1,2016-08-27,2016-08-27,5638000.0,143389000.0,10119000.0,0.15,54527000.0,0.38027324271736324,402835000.0,344019000.0,203867000.0,54891000.0,58816000.0,0.0,329615000.0,546936520.0,463443520.0,9.485207753177646,3.714033265927019,0.023443841771444884,0.027451972129446337,0.015841166037897356,9.485207753177646,0.01638862969777832,3.814354797090432,24.252240156083715,1.589843933038582,0.642603760198652,0.0,0.0066241691083272335,0.3559497064554967,3.6282268495746117,0.013995804733948142,-67.27386469864699,0.38027324271736324,-0.3478260869565218,1.704977989114977,0.29407090464458535,0.18546070969697426,-0.1046322599714281,-0.3502362567707733,-0.3545732874091083,0.6947533741945291,0.19549559084956483,0.05978399087118723,Consulting Services,Industrials,RGP
2016Q4,2016,Q4,2016-08-11,2016-05-28,8677000.0,152515000.0,15678000.0,0.23,60899000.0,0.3992984296626561,422238000.0,342649000.0,227034000.0,70884000.0,79589000.0,0.0,327954000.0,567510900.0,483544900.0,9.364553156600165,3.202894870492636,0.01686963276635452,0.020788036737302604,0.024700455954440415,9.364553156600165,0.02532329001397932,3.7210169491525424,16.351011294226115,1.656245604102157,0.4235334793131267,0.0,0.006475646547053106,0.36120623913527444,3.0169431747644038,0.020550021551826222,18.600816125860373,0.3992984296626561,0.43750000000000006,0.0,0.0,0.15467161928878148,0.10870594232449753,0.4566056739969783,0.46345561467376084,0.8061555560754716,0.20365752128187223,0.07595068312201818,Consulting Services,Industrials,RGP
2016Q3,2016,Q3,2016-02-27,2016-02-27,5957000.0,146779000.0,10713000.0,0.16,54928000.0,0.37422247051689955,406798000.0,343224000.0,212215000.0,55407000.0,63574000.0,0.0,322899000.0,524212220.0,459172220.0,9.258058425269065,3.8301117187358997,0.015857993402130788,0.018795305689578816,0.016953527977392316,9.258058425269065,0.017356012400065263,3.5714388298053534,21.999841363102234,1.527318077989884,0.6233003189524928,0.0,0.00708300924385166,0.3608154415705092,3.5546952551121698,0.014643631482947311,-137.98689655172413,0.37422247051689955,-0.30434782608695654,0.0,0.0,0.0,-0.06705618588219309,-0.31339326878745966,-0.27585507638231715,0.464099797111694,0.17436040599361388,0.04668073378427185,Consulting Services,Industrials,RGP
2016Q2,2016,Q2,2015-11-28,2015-11-28,8676000.0,150887000.0,14794000.0,0.23,58876000.0,0.3901992882090571,416977000.0,346000000.0,222599000.0,63707000.0,70977000.0,0.0,321649000.0,667206577.191,593818577.191,9.303326073512409,3.4941058282449338,0.01614717358511381,0.019459537572254337,0.024540109049638076,9.303326073512409,0.02507514450867052,4.421895704673033,19.225639038468188,1.9283427086445086,0.42819271553711385,0.0,0.005567990674852886,0.3618592872028913,3.2670193228373647,0.020806903018631723,46.664329080360886,0.3901992882090571,0.21052631578947373,0.0,0.0,0.14604477453097298,0.02458973600403738,0.21631851955698864,0.17245205262323665,0.6426825528026244,0.1864635953043862,0.058196768902156894,Consulting Services,Industrials,RGP
2016Q1,2016,Q1,2015-08-29,2015-08-29,7133000.0,148340000.0,12618000.0,0.19,57463000.0,0.3873736011864635,404726000.0,343106000.0,209293000.0,54398000.0,61620000.0,0.0,316686000.0,585531500.0,519314500.0,9.199785494034053,3.8474392440898564,0.024752548637843874,0.02919797380401392,0.02014860515691607,9.199785494034053,0.02078949362587655,3.947225967372253,20.52192275339969,1.7065615290901353,0.4180569185475957,0.0,0.005092808841198126,0.3665195712654981,3.5981102246406116,0.01762426925870836,-114.18320982839313,0.3873736011864635,-0.09523809523809519,0.0,0.0,0.20257937326722708,-0.006878553775427317,-0.1202516033547114,-0.1309917355371901,0.6513494520597811,0.21183597208541252,0.054578915324042854,Consulting Services,Industrials,RGP
2015Q4,2015,Q4,2015-05-30,2015-05-30,8108000.0,148814000.0,14520000.0,0.21,57861000.0,0.388814224468128,416981000.0,340452000.0,221706000.0,68946000.0,76529000.0,0.0,313268000.0,588155340.0,507904340.0,9.082110654644401,3.215647028108955,0.016784937443192854,0.020557964118289803,0.023281149508928338,9.082110654644401,0.023815398352778072,3.952285000067198,18.135031450419337,1.7275719925275808,0.3706216082881105,0.0,0.005109194451928295,0.3568843664339622,3.0286311026020365,0.019444531045779066,20.867672166045768,0.388814224468128,0.31249999999999994,3.336537464335288,0.37543386741510326,0.19282711155152527,0.0550682883244288,0.35381532810151944,0.3878799464729497,0.028381818425914435,0.1537127137272587,0.049709767601834064,Consulting Services,Industrials,RGP
2015Q3,2015,Q3,2015-05-08,2015-02-28,5989000.0,146832000.0,10462000.0,0.16,54841000.0,0.3734948785005993,402015000.0,339897000.0,206090000.0,55245000.0,62118000.0,0.0,308142000.0,920088360.0,859473360.0,9.010099671296787,3.7304733460041635,0.0,0.0,0.017557948127393398,9.010099671296787,0.017620043719126677,6.266265936580582,38.40742861913508,2.706962285633589,0.5027550509266989,0.0,0.0032725117835421804,0.36524010298123205,3.5052402932392073,0.0148974540750967,-265.3845860974906,0.3734948785005993,-0.23809523809523805,2.483471278057846,0.4411190576396053,0.18190382847198489,-0.077294523428956,-0.2528692614770459,-0.2838170865279299,0.5741306463371959,0.1664532920570439,0.054955380651092574,Consulting Services,Industrials,RGP
2015Q2,2015,Q2,2014-11-29,2014-11-29,8016000.0,151496000.0,14608000.0,0.21,59435000.0,0.39232058932249037,412495000.0,343225000.0,213894000.0,62798000.0,69270000.0,0.0,306184000.0,1080055900.0,1013602900.0,9.053679767871275,3.4060638873849487,0.016502018206281287,0.019832471410882076,0.02283978638253828,9.053679767871275,0.023354942093378978,7.129270079738079,33.684378118762474,3.146786801660718,0.37999001996007986,0.0,0.0028202243976446035,0.3672674820300852,3.195324691869168,0.019432962823791804,78.86497991967872,0.39232058932249037,0.4999999999999998,6.0362706652730695,0.4975150805048885,0.1366582030602531,0.05709204090706981,0.48582020389249303,0.36932883389576304,-0.6345732089863281,0.20640046186847694,0.06814543206101425,Consulting Services,Industrials,RGP
2015Q1,2015,Q1,2014-11-06,2014-08-30,5395000.0,143447000.0,10668000.0,0.14,56225000.0,0.3919566111525511,405148000.0,346159000.0,204417000.0,52319000.0,58989000.0,0.0,301179000.0,1259176399.9999998,1193500399.9999998,9.066500785751703,3.9071274298056156,0.023337150868324663,0.027314037768770998,0.015117095853130397,9.066500785751703,0.015585323507405557,8.777990477319147,58.349230769230765,3.637566551786895,0.4978683966635774,0.0,0.00213314036063573,0.3540607382981034,3.666545614403945,0.013316121516087949,-139.5054730777753,0.3919566111525511,-0.22222222222222213,1.8908112392453924,0.43920954303148696,0.20717200873532274,-0.07740146368678416,-0.2134421927394664,-0.20630905438583438,1.4588371742480069,0.2297968159031175,0.13313073742055898,Consulting Services,Industrials,RGP
2014Q4,2014,Q4,2014-08-07,2014-05-31,6859000.0,156783000.0,13441000.0,0.18,60942000.0,0.38870285681483324,420078000.0,345761000.0,217462000.0,67175000.0,74317000.0,0.0,298830000.0,1072524000.0,999810000.0,8.96218247796786,3.2372459992556757,0.0,0.0,0.019771208817447337,8.96218247796786,0.019837402136157634,6.840818200952909,39.09185012392477,3.101923004618797,0.39553870826651116,0.0,0.002529547124353394,0.3732235441989345,3.045939709713435,0.01632792005294255,60.49545941677478,0.38870285681483324,2.0,2.2724573406206785,0.3841477738829384,0.19284652482438724,0.2758714539935099,2.0096533567354102,1.7656378600823046,0.0,0.0,0.10505836008876997,Consulting Services,Industrials,RGP
2014Q3,2014,Q3,2014-05-08,2014-02-22,2279000.0,132725000.0,4860000.0,0.06,47765000.0,0.359879449990582,414597000.0,348289000.0,211054000.0,61352000.0,66308000.0,0.0,294648000.0,1061144130.0,993482130.0,8.924308811848208,3.4400508540878865,0.016104795741406715,0.01917086098039272,0.006366623020803715,8.924308811848208,0.006543416530524938,7.99505842908269,116.40457766564283,3.046734550904565,1.1987713909609479,0.0,0.0025745795719569215,0.32013015048348153,3.1994393010822795,0.005496904222654771,221.2560738115096,0.359879449990582,-0.6666666666666666,0.2626897355085533,-0.01943944269589027,0.21055021329466359,-0.16792962285515198,-0.6787878787878788,-0.6248263084761464,0.0,0.0,0.0,Consulting Services,Industrials,RGP
2014Q2,2014,Q2,2013-11-23,2013-11-23,7095000.0,145969000.0,12954000.0,0.18,57405000.0,0.39326843370852715,420047000.0,352538000.0,216142000.0,62390000.0,67509000.0,0.0,295776000.0,973206650.0,903729650.0,8.92930776829361,3.4643692899503127,0.01904548776684514,0.02269258916769256,0.019613817423175358,8.92930776829361,0.02012549001809734,6.66721461406189,34.29198907681465,2.7605723354645453,0.3930937279774489,0.0,0.002865783952462717,0.34750635047982725,3.2628946946626063,0.01689096696322078,521.5469721329046,0.39326843370852715,1.0,-0.14544498158242283,-0.12423525703920504,0.2324218099223796,0.1547978273989137,0.9422392554065152,0.9276785714285715,0.0,0.0,0.0999707445670738,Consulting Services,Industrials,RGP
2014Q1,2014,Q1,2013-11-07,2013-08-24,3653000.0,131704000.0,6720000.0,0.09,49710000.0,0.3774372836056612,417647000.0,356448000.0,215645000.0,57233000.0,61199000.0,0.0,291414000.0,1104374980.0,1014554980.0,8.950133078893185,3.7678437265214124,0.01576450926260694,0.018471137445013018,0.010004412508911603,8.950133078893185,0.010248339168686596,8.385280477434247,75.58000136873802,3.098277953586498,0.654530522857925,0.0,0.0021650255061011975,0.3153476500489648,3.5423793965020183,0.008746620950228302,283.02792926704257,0.3774372836056612,-0.30769230769230776,-0.6699786361739851,-0.2830092608546509,0.22900402474652348,-0.08788990825688073,-0.3126999059266228,-0.37025583356761316,0.0,0.0,0.16994525966431223,Consulting Services,Industrials,RGP
2013Q4,2013,Q4,2013-08-08,2013-05-25,5315000.0,140184000.0,10671000.0,0.13,54500000.0,0.3887747531815328,417640000.0,352327000.0,217177000.0,61333000.0,65313000.0,0.0,290549000.0,1055339670.0,967654670.0,8.703515229366863,3.5409485921119135,0.01515898860262427,0.01796910256664973,0.014763789588918198,8.703515229366863,0.015085417807888694,7.528246233521657,49.63968344308561,2.995341458361125,0.4605832549388523,0.0,0.002319632313262705,0.33565750407049133,3.3131593106484276,0.012726271429939661,65.03603068959143,0.3887747531815328,0.18181818181818185,-0.6233677650451535,-0.33269846329449176,0.29792456945940615,0.0645570856528958,0.18295125751168484,0.3244383765669604,1.6323916229723057,0.19980934427616803,0.1431031096368944,Consulting Services,Industrials,RGP
2013Q3,2013,Q3,2013-03-01,2013-02-23,4493000.0,138020000.0,8057000.0,0.11,51195000.0,0.37092450369511665,427632000.0,362112000.0,223997000.0,61458000.0,65520000.0,0.0,287624000.0,956335040.0,876262040.0,8.84515987200469,3.644716717107618,0.013586448161035656,0.016044759632378933,0.012156003734029168,8.84515987200469,0.012407763343937787,6.9289598608897265,53.2124994435789,2.6409924001413927,0.5475183618962831,0.0,0.0025723202613176237,0.32275414374976613,3.4013472615444695,0.010506697347251842,80.16891944002012,0.37092450369511665,-0.21428571428571436,-0.4222395339796432,-0.24168854261813663,0.34468503453144056,-0.07272233291070458,-0.23379945429740792,-0.28458533120227314,2.02551437826824,0.2482502915887626,0.1602677770005727,Consulting Services,Industrials,RGP
2013Q2,2013,Q2,2012-11-24,2012-11-24,5864000.0,141197000.0,11262000.0,0.14,55210000.0,0.3910139733847036,425100000.0,363026000.0,221598000.0,57868000.0,62074000.0,0.0,286394000.0,925766640.0000001,837764640.0000001,8.791678775549743,3.8293702910071197,0.01395671606680781,0.0163431820310391,0.015823114823999278,8.791678775549743,0.016153113000170787,6.556560266861195,39.46822305593452,2.550138667753825,0.4249658935879945,0.0,0.0026918230710927323,0.3321500823335686,3.58515932812608,0.013794401317337097,1714.3826666666669,0.3910139733847036,0.16666666666666682,-0.4845547573724632,-0.21702444123744863,0.41854946175901164,0.03410814961883534,0.21357615894039736,0.1595963756177924,4.382463986459127,0.2813960283411929,0.10376488401565687,Consulting Services,Industrials,RGP
2013Q1,2013,Q1,2012-11-08,2012-08-25,4832000.0,136933000.0,9712000.0,0.12,53389000.0,0.389891406746365,425797000.0,363951000.0,222227000.0,56596000.0,61846000.0,0.0,282990000.0,961646000.0,856242000.0,8.723657718120805,3.9265495794755814,0.01753887415834306,0.020519245722638486,0.012945584543531079,8.723657718120805,0.013276512497561484,7.022748351383523,49.75403559602649,2.6422403015790588,0.4339817880794702,0.0,0.002180636117656601,0.3215922141302076,3.694201003604495,0.011348130681991654,308.6155327342747,0.389891406746365,-0.42857142857142855,-0.5187710357577046,-0.18633387767675502,0.25378121806365983,-0.08766383567730139,-0.45671239037553407,-0.3388699795779442,1.7301511754906407,0.257280869168624,0.16152368592445587,Consulting Services,Industrials,RGP
2012Q4,2012,Q4,2012-08-08,2012-05-26,8894000.0,145507000.0,14690000.0,0.21,58519000.0,0.4021730913289395,430719000.0,365868000.0,228235000.0,61651000.0,64851000.0,0.0,280650000.0,951457500.0,852771500.0,8.65202071558635,3.702048628570502,0.014947100081491645,0.0175965102167995,0.023811147946548553,8.65202071558635,0.024309313741567997,6.538912217281643,26.744364178097594,2.600548558496507,0.23892511805711716,0.0,0.0022334155755774692,0.337823499775956,3.443691099901056,0.020649193557748788,59.03440466588075,0.4021730913289395,1.0999999999999999,-0.36268660013851284,-0.16500815768658564,0.1587976404531821,0.09122270498070002,1.0535673054721773,0.7546583850931677,2.5053410376913225,0.17198680615764722,0.1515646851274475,Consulting Services,Industrials,RGP
2012Q3,2012,Q3,2012-02-25,2012-02-25,4331000.0,143294000.0,8372000.0,0.1,53627000.0,0.3742445601351068,435502000.0,366765000.0,228868000.0,66029000.0,68737000.0,0.0,273853000.0,1148725250.0,1060098250.0,8.540740050764967,3.4661739538687546,0.017880514900046385,0.021231578803866235,0.01149313431899173,8.540740050764967,0.011808651316237918,8.016562103088754,66.30831505425998,3.132047087372023,0.498268298314477,0.0,0.0018786041309703952,0.32903178401017674,3.2108316042950826,0.009944845259034402,94.78713177654922,0.3742445601351068,-0.8275862068965517,-0.6253619237805429,-0.13389210071959862,0.0914335485780365,-0.023561115056171592,-0.8289562023616761,-0.8063113085322968,1.180787233165968,-0.03789498296889525,0.15852049812769978,Consulting Services,Industrials,RGP
2012Q2,2012,Q2,2012-02-22,2011-11-26,25321000.0,144955000.0,43224000.0,0.58,54921000.0,0.3788831016522369,434845000.0,370913000.0,227668000.0,60882000.0,63932000.0,0.0,272535000.0,984162399.9999999,881322399.9999999,8.476074040219379,3.739496074373378,0.01569754740194782,0.018403237416860556,0.0669324046556178,8.476074040219379,0.06826668248349343,6.78943396226415,9.716859523715492,2.653351055368779,0.08716085462659452,0.0,0.002242516072550628,0.333348664466649,3.426086528037844,0.058229944003035564,205.63359799414957,0.3788831016522369,8.666666666666668,0.8998142706612723,-0.12798714743659872,0.16140655236791168,0.052691098673618035,8.753852080123266,5.350866882162798,1.7515620647138581,-0.21535925680612716,0.16986655413261806,Consulting Services,Industrials,RGP
2012Q1,2012,Q1,2011-11-07,2011-08-27,2596000.0,138007000.0,6806000.0,0.06,52172000.0,0.3780387951335802,456890000.0,361442000.0,231113000.0,58855000.0,95448000.0,0.0,249372000.0,1041237650.0,923695650.0,8.001283952803666,3.926820151219098,0.015377880890367485,0.019438803459476208,0.006955455505575286,8.001283952803666,0.0071823418418446115,7.544817654176962,100.27327137904469,2.8807876505774095,0.699537750385208,0.0,0.0017440783091160793,0.30205738799273346,3.660606575482117,0.005681892796953315,1852.7360320284697,0.3780387951335802,-0.5,-0.7473582475689504,-0.10918023385364764,0.1913557291835281,0.0,0.0,-0.43363568278272446,-0.793231286113565,-0.3376257326767942,0.09871105764067012,Consulting Services,Industrials,RGP
2011Q4,2011,Q4,2011-08-08,2011-05-28,0.0,0.0,12017000.0,0.12,0.0,0.0,0.0,372726000.0,0.0,0.0,0.0,0.0,0.0,632841660.0,632841660.0,8.110144044562427,0.0,0.0,0.0,,8.110144044562427,0.0,0.0,0.0,1.6978736659100786,0.0,0.0,0.002923322083441852,0.0,0.0,0.0,64.4310384850336,0.0,4.999999999999999,-1.0,-1.0,0.23296488566683726,0.0,0.0,3.126717032967033,-1.0,-1.0,0.20943721472159635,Consulting Services,Industrials,RGP
2011Q3,2011,Q3,2011-05-05,2011-02-26,0.0,0.0,2912000.0,0.02,0.0,0.0,0.0,0.0,0.0,0.0,0.0,0.0,0.0,846860320.0,846860320.0,0.0,0.0,0.0,0.0,0.0,0.0,0.0,0.0,0.0,0.0,0.0,0.0,0.002171550557475641,0.0,0.0,0.0,333.27836284927196,0.0,-0.9473684210526315,-1.0,-1.0,-1.0,0.0,0.0,-0.9104963885046873,-1.0,-1.0,-1.0,Consulting Services,Industrials,RGP
2011Q2,2011,Q2,2010-11-27,2010-11-27,0.0,0.0,32535000.0,0.38,0.0,0.0,0.0,373807000.0,0.0,0.0,0.0,0.0,0.0,753805806.048,753805806.048,8.117768415566365,0.0,0.0,0.0,,8.117768415566365,0.0,0.0,0.0,2.016564178969361,0.0,0.0,0.0,0.0,0.0,0.0,236.74805466331657,0.0,11.666666666666666,-1.0,-1.0,0.3626390759249903,0.0,0.0,7.158224674022066,-1.0,-1.0,0.30981309833694554,Consulting Services,Industrials,RGP
2011Q1,2011,Q1,2010-11-09,2010-08-28,0.0,0.0,3988000.0,0.03,0.0,0.0,0.0,353914000.0,0.0,0.0,0.0,0.0,0.0,534337650.00000006,534337650.00000006,7.650044311869096,0.0,0.0,0.0,,7.650044311869096,0.0,0.0,0.0,1.5097951762292536,0.0,0.0,0.0,0.0,0.0,0.0,80.17069017254315,0.0,-0.3985220397579949,-1.0,-1.0,0.3471484990946486,-1.0,-1.0,-0.49184505606523954,-1.0,-1.0,0.0994793910417595,Consulting Services,Industrials,RGP
2010Q4,2010,Q4,2010-05-31,2010-05-31,2314000.0,133905000.0,7848000.0,0.049877139285252406,55382000.0,0.4135917254770173,473200000.0,353241000.0,231221000.0,57749000.0,119959000.0,0.0,232034000.0,714931540.0,584272540.0,7.613937147044877,4.003896171362275,0.0,0.0,0.0064424098795742195,7.613937147044877,0.00655076845553036,5.339095179418244,77.23979472774417,2.0239200432565867,0.0,0.0,0.0,0.28297759932375316,3.799477047221597,0.00489010989010989,140.67916961826052,0.4135917254770173,1.45342853895684,-0.8496606772269432,-0.08878642045455375,0.4518371979646986,0.14532106297177128,1.466062437059416,171.6086956521739,-0.8488652482661719,-0.29960957981500813,0.0197632079937176,Consulting Services,Industrials,RGP
2010Q3,2010,Q3,2010-02-28,2010-02-28,-4965000.0,125304000.0,-46000.0,-0.11,48355000.0,0.3859014875822001,474580000.0,353679000.0,229989000.0,60282000.0,120901000.0,0.0,229720000.0,810503133.6060001,685738133.6060001,7.623378023020218,3.8152184731760723,0.0,0.0,0.004892083705075147,7.623378023020218,-0.01403815324065042,6.468294177408543,-40.81083250785499,2.291634882495144,0.0,0.0,0.0,0.2640313540393611,3.574980922995256,-0.010461882085212188,137.58328528365305,0.3859014875822001,-1.7500000000000002,-1.3851270907057078,-0.05391063421949003,0.5576648537070262,0.04316779565949001,-1.5967573221757323,0.9076305220883534,-1.39753332995697,-0.2989653387507391,-0.02579747441540026,Consulting Services,Industrials,RGP
2010Q2,2010,Q2,2009-11-30,2009-11-30,-1912000.0,121526000.0,-498000.0,-0.04,46354000.0,0.38143277981666474,481373000.0,362734000.0,226384000.0,57223000.0,118639000.0,0.0,234685000.0,877555800.0,760064800.0,7.965173473869126,3.9561714695140067,0.0,0.0,-0.007930507348547354,7.965173473869126,-0.005271080185480269,7.2211362177641,-114.74317468619246,2.4192818980299613,0.0,0.0,0.0,0.2524570343579719,3.7039826643133007,-0.0039719718388858535,199.62597816196543,0.38143277981666474,0.75,-1.1261732175832022,-0.08706658727317941,0.7468113274389346,0.02691685682004475,0.7339270804341775,0.945220547794522,-1.1378486341563785,-0.29750509909185435,0.09140205942080872,Consulting Services,Industrials,RGP
2010Q1,2010,Q1,2009-08-31,2009-08-31,-7186000.0,118263000.0,-9091000.0,-0.16,45139000.0,0.38168319761886643,394677000.0,340242000.0,239003000.0,50079000.0,54435000.0,0.0,241083000.0,698103820.0,564580820.0,7.5105293364531365,4.7725194193174785,0.0,0.0,-0.021544467789675562,7.5105293364531365,-0.02112026146096014,5.902977431656562,-24.286940578903423,2.051786140452972,0.0,0.0,0.0,0.2996450261859698,4.49959064677809,-0.018207293559036882,-63.13682011395496,0.38168319761886643,-0.14515595162316997,-1.6374001233595274,0.05307738879773166,0.8015022989358165,-0.10534348119078765,-0.14353914704010184,-1.9373182552504038,-1.6973474348739135,-0.238799299758134,0.11828454120155421,Consulting Services,Industrials,RGP
2009Q4,2009,Q4,2009-05-31,2009-05-31,-6284000.0,132049000.0,-3095000.0,-0.1397189612237638,50454000.0,0.3820854379813554,412019000.0,337917000.0,256804000.0,68451000.0,74102000.0,0.0,248269000.0,880180320.0,736933320.0,7.513273745997865,3.751647163664519,0.0,0.0,-0.020152484032406513,7.513273745997865,-0.01859628251908013,6.665558391203265,-35.016721833227244,2.6047234084109414,0.0,0.0,0.0,0.3204925015593941,3.5439219295554483,-0.015251723828270055,48.41742230045657,0.3820854379813554,-3.794379224475276,-1.5928094528120291,-0.671602254825602,0.8967543589134539,-0.13011844623368563,-4.0211538461538465,-1.6526781948544917,-1.4282437186216332,-0.14574858089884643,0.14222418915343873,Consulting Services,Industrials,RGP
2009Q3,2009,Q3,2009-02-28,2009-02-28,2080000.0,155989000.0,4742000.0,0.05,58001000.0,0.37182750065709763,408834000.0,331568000.0,253908000.0,72789000.0,77266000.0,0.0,254553000.0,618420000.0,497443000.0,7.372109569548203,3.488274327164819,0.0,0.0,0.005720696810307388,7.372109569548203,0.006273222988949476,3.964510318035246,74.32932692307692,1.8651377696279496,0.0,0.0,0.0,0.38154605536721503,3.161343060077759,0.005087639482039165,42.38075657894737,0.37182750065709763,-0.7619047619047619,-0.6361154877331819,0.7992268463501823,1.1182548945882842,-0.21737663774608357,-0.780498100464331,-0.7241900773570639,-0.8378974047957607,0.044431293055144074,0.21436273365723593,Consulting Services,Industrials,RGP
2009Q2,2009,Q2,2008-11-30,2008-11-30,9476000.0,190233000.0,17193000.0,0.21,74111000.0,0.3895801464519826,406729000.0,326482000.0,256312000.0,75005000.0,80247000.0,0.0,252473000.0,708809530.0,590152530.0,7.245334102660838,3.417265515632291,0.0,0.0,0.028396941317395126,7.245334102660838,0.02902457103301254,3.7260072122081866,18.70012478894048,2.1710524010512064,0.0,0.0,0.0,0.46771437492777745,3.1526831544563696,0.023298068246916253,35.19761297050353,0.3895801464519826,-0.2222222222222223,1.145892737505202,1.56382935881037,1.2269326671995944,-0.08322715520973788,-0.24143451809157862,-0.20417515274949083,-0.3690037519256701,0.2836581367109999,0.2161932764041253,Consulting Services,Industrials,RGP
2009Q1,2009,Q1,2008-10-09,2008-08-31,12492000.0,207305000.0,21604000.0,0.27,80839000.0,0.3899520030872386,408625000.0,327316000.0,252593000.0,70076000.0,81309000.0,0.0,242997000.0,1086794280.0,985052280.0,7.282427802251591,3.6045579085564246,0.0,0.0,0.03727466820556439,7.282427802251591,0.03816495374500483,5.242489472033959,21.74980547550432,3.3203212797419006,0.0,0.0,0.0,0.5073233404710921,3.4066156744106397,0.03057081676353625,144.8093644237175,0.3899520030872386,-0.2254861023770595,2.62429219194296,2.4476341088787543,1.3150176549742099,-0.1328055439341765,-0.2144384354169287,-0.24175207075670363,-0.11919122656331628,0.47149506826612314,0.28241239967032544,Consulting Services,Industrials,RGP
2008Q4,2008,Q4,2008-05-31,2008-05-31,15902000.0,236724000.0,28492000.0,0.34860575236759034,93219000.0,0.3937877021341309,410502000.0,305888000.0,249190000.0,91424000.0,104614000.0,0.0,230505000.0,958392160.0000001,877578160.0000001,6.705717292178183,2.72565190759538,0.0,0.0,0.05112505265878421,6.705717292178183,0.051986347944345646,4.048563559250436,15.06716387875739,3.1331472957422326,0.0,0.0,0.0,0.5766695411959016,2.553848004900245,0.0387379355033593,34.090711058940705,0.3937877021341309,0.8347671177241597,2.7399454988656036,2.855384820658006,1.2029821252987885,0.23385527656814603,0.835199076745528,0.8238381769299705,0.05076500931623675,0.6383636290836932,0.27865644485888447,Consulting Services,Industrials,RGP
2008Q3,2008,Q3,2008-02-29,2008-02-29,8665000.0,202803000.0,15622000.0,0.19,75551000.0,0.37253393687470104,389898000.0,300056000.0,237170000.0,78961000.0,89842000.0,0.0,214603000.0,734417600.0000001,652791600.0000001,6.5778674149421255,3.003634705740809,0.0,0.0,0.027219212149864922,6.5778674149421255,0.02887794278401365,3.621334990113559,21.18919792267744,2.44760178100088,0.0,0.0,0.0,0.5201437298985888,2.7832220969845873,0.02222376108623281,168.2514547537228,0.37253393687470104,-0.29629629629629634,2.1256407248953595,2.9610782907747466,1.2671109974754964,-0.05102181804479168,-0.3353022399509052,-0.2901672119229371,-0.31640637910070485,0.557349971714662,0.34403841101149424,Consulting Services,Industrials,RGP
2008Q2,2008,Q2,2008-01-03,2007-11-30,13036000.0,206638000.0,22008000.0,0.27,79613000.0,0.38527763528489434,383741000.0,293242000.0,243539000.0,79369000.0,90499000.0,0.0,205938000.0,975635347.3149999,871967347.3149999,6.197654020923597,3.0684398190729376,0.0,0.0,0.04139104594693292,6.197654020923597,0.04445475068373562,4.721471110420155,18.71040478894983,3.3270655203381505,0.0,0.0,0.0,0.5384829872231531,2.9140974435862868,0.03397082928329264,40.45593578184607,0.38527763528489434,0.1739130434782609,2.6218417278726114,2.782502599137718,1.197436425819284,0.08333219937677748,0.12553963046106026,0.20058916589384104,-0.17202385581189053,0.49408143857896153,0.3591834858102527,Consulting Services,Industrials,RGP
2008Q1,2008,Q1,2007-10-04,2007-08-31,11582000.0,194120000.0,18331000.0,0.23,73489000.0,0.3785751081805069,416515000.0,334834000.0,226550000.0,66842000.0,81681000.0,0.0,192902000.0,1443690000.0,1379545000.0,6.957878768987802,3.389336046198498,0.0,0.0,0.030377728328274366,6.957878768987802,0.034590274583823626,7.437100762415001,31.162364013123813,4.311658911580066,0.0,0.0,0.0,0.46605764498277374,3.201894018730738,0.0278069217195059,-137.32426519547226,0.3785751081805069,-0.30306762984182334,3.197200033258194,3.006399043851833,1.5622062601437876,-0.07166317172380687,-0.2787395690621497,-0.27983813938870117,-0.03289601435022222,0.6272203282951067,0.6689415667694791,Consulting Services,Industrials,RGP
2007Q4,2007,Q4,2007-05-31,2007-05-31,16058000.0,200516000.0,25454000.0,0.3300176743803691,79162000.0,0.3947914380897285,464461000.0,363299000.0,295330000.0,87683000.0,101162000.0,0.0,242628000.0,1569706982.6840003,1448611982.6840003,7.466377574088536,3.36815574284639,0.0,0.0,0.0400812150230481,7.466377574088536,0.04420050702038816,7.828337801891122,24.438083551563086,4.320702734342787,0.0,0.0,0.0,0.4317176253765117,3.207474653011416,0.03457340874691309,37.85527860618338,0.3947914380897285,0.2692987476168042,4.260341401331851,2.9565848813320756,1.8118918424187636,0.10675838156754187,0.22589510649667913,0.20818302639073477,0.40022224080528274,-0.5390639704335559,0.8849152430376673,Consulting Services,Industrials,RGP
2007Q3,2007,Q3,2007-04-05,2007-02-28,13099000.0,187464000.0,21068000.0,0.26,71526000.0,0.38154525668928435,462752000.0,380761000.0,285844000.0,67094000.0,81991000.0,0.0,226570000.0,1574572928.6579998,1462929928.6579998,7.825249702001726,4.260351149134051,0.0,0.0,0.030882639234465235,7.825249702001726,0.03440215778401674,8.399334958488028,30.051395691617678,4.13533142485181,0.0,0.0,0.0,0.405106839084434,4.089695054699377,0.0283067388147431,125.24442639659559,0.38154525668928435,-0.10344827586206887,3.3038633619193623,2.8616321701536194,2.15934679407197,-0.015498540989924573,-0.10629733233267381,-0.12963728001321986,1.1181901922682573,0.9986484098445328,1.2484572870579995,Consulting Services,Industrials,RGP
2007Q2,2007,Q2,2006-11-30,2006-11-30,14657000.0,182804000.0,24206000.0,0.29,72652000.0,0.39743112842169753,432550000.0,351207000.0,265973000.0,67787000.0,81343000.0,0.0,213471000.0,,,,,,,,,,,,,,,,,,,,,,,,,,,,,,,Consulting Services,Industrials,RGP
2007Q1,2007,Q1,2006-10-05,2006-08-31,10951000.0,165107000.0,18616000.0,0.22,65188000.0,0.39482275130672834,391660000.0,323334000.0,218417000.0,55852000.0,68326000.0,0.0,198814000.0,,,,,,,,,,,,,,,,,,,,,,,,,,,,,,,Consulting Services,Industrials,RGP
