Year,Date,FillingDate,NetIncome,Revenue,OperatingIncome,EPSDiluted,GrossProfit,GrossProfitRatio,TotalAssets,CommonStockEquity,CurrentAssets,CurrentLiability,TotalLiability,Inventory,RetainedEarnings,EnterpriseValue,bookValuePerShare,currentRatio,debtToAssets,debtToEquity,roic,shareholdersEquityPerShare,roe,priceToSalesRatio,peRatio,pbRatio,payoutRatio,inventoryTurnover,dividendYield,assetTurnover,quickRatio,returnOnAssets,priceToFreeCashFlowsRatio,grossProfitMargin,epsdilutedGrowth,fiveYNetIncomeGrowthPerShare,fiveYRevenueGrowthPerShare,fiveYShareholdersEquityGrowthPerShare,grossProfitGrowth,netIncomeGrowth,operatingIncomeGrowth,threeYNetIncomeGrowthPerShare,threeYRevenueGrowthPerShare,threeYShareholdersEquityGrowthPerShare,Industry,Sector,Price,MarketCap,AvgVolume,Symbol
2022,2022-12-31,2023-02-27,109909000.0,1429547000.0,293306000.0,2.16,555413000.0,0.3885237771,2743280000.0,2385360000.0,1986274000.0,274646000.0,357920000.0,509363000.0,2576516000.0,4123365870.0,46.991982033450874,7.2321242617769785,0.005843734507596746,0.006720578864406211,0.07362410518582241,46.991982033450874,0.04607648321427374,3.3615850825471285,43.72293324477522,2.014598999731697,0.0,1.7161317174588653,0.0,0.5211086728296055,5.057164495386789,0.04006481292467411,46.879695926171614,0.3885237771126098,-0.5813953488372093,-0.6667892377984636,0.06931259636164605,0.24304442066073284,-0.20244888698703903,-0.6052346129532785,-0.20271934283454252,-0.3625563538280767,0.1367274532253936,0.038187353043992935,Semiconductor Equipment & Materials,Technology,135.075,6389803920,228650,IPGP
2021,2021-12-31,2022-02-22,278416000.0,1460860000.0,367883000.0,5.16,696398000.0,0.4767041332,3170540000.0,2746582000.0,2347683000.0,313433000.0,423319000.0,460747000.0,2466607000.0,8519049400.0,51.42448979591837,7.490222790835681,0.010773243674579094,0.01243618431927392,0.1001111541105536,51.42448979591837,0.10136817324223343,6.293551332776584,33.02251810240791,3.3474323358996743,0.0,1.6591795497311974,0.0,0.460760627527172,5.668279983281914,0.0878134324121443,34.4871466510623,0.4767041331818244,0.7373737373737373,0.06090545861983822,0.4426005091390915,0.7520983645487334,0.2920281412106954,0.7447672524001705,0.8518315304114085,-0.3094525010998302,0.0027738026426313476,0.2479173170827128,Semiconductor Equipment & Materials,Technology,135.075,6389803920,228650,IPGP
2020,2020-12-31,2021-02-22,159572000.0,1200724000.0,198659000.0,2.97,538996000.0,0.4488925015,2935700000.0,2592819000.0,2148077000.0,214578000.0,341589000.0,364993000.0,2188191000.0,11064230940.0,48.75002820291054,10.010704732078779,0.012932860987158089,0.01464313552160795,0.05873392012012534,48.75002820291054,0.061543825465641834,9.91276508173402,74.5901219512195,4.5905614468267935,0.0,1.812988194294137,0.0,0.4090077323977246,7.714616596295985,0.054355690295329905,60.223412079599676,0.44889250152408045,-0.11343283582089549,-0.34734976191123895,0.319490127843721,1.0388244529827966,-0.11087430242705074,-0.11463985707469179,-0.42905385015533976,-0.5382836095865126,-0.142799776433439,0.28954872602617165,Semiconductor Equipment & Materials,Technology,135.075,6389803920,228650,IPGP
2019,2019-12-31,2020-02-24,180234000.0,1314581000.0,347947000.0,3.35,606209000.0,0.4611423716,2730436000.0,2401726000.0,1896634000.0,191904000.0,327993000.0,380790000.0,2028734000.0,7051238119.999999,45.26348919168504,9.883243705185926,0.015275216119330392,0.01736584439690456,0.1031249218294609,45.26348919168504,0.07504353119381645,5.849468477028041,42.66453676886713,3.20169749588421,0.0,1.8602694398487356,0.0,0.48145461017947316,7.405239077872269,0.06600923808505309,40.47477495591757,0.4611423715997721,-0.546070460704607,-0.1170479312748335,0.676822241916529,1.2534843557552375,-0.2424925150074725,-0.5539060508332364,-0.33522415720140236,-0.3087003086287288,0.3066882378120889,0.5421851670527464,Semiconductor Equipment & Materials,Technology,135.075,6389803920,228650,IPGP
2018,2018-12-31,2019-02-27,404027000.0,1459874000.0,523405000.0,7.38,800268000.0,0.5481760754695268,2574450000.0,2205548000.0,1805424000.0,245774000.0,368215000.0,403579000.0,1848500000.0,5564527380.0,41.208250812749895,7.345870596564323,0.017626289110295405,0.02057447854229425,0.1758641280714516,41.208250812749895,0.18318667288129753,4.153445694628441,15.007678645239057,2.7492067186930416,0.0,1.6343912839865304,0.0,0.5670624793645245,5.290628789050103,0.15693720988949095,26.028328625760867,0.5481760754695268,0.16037735849056597,1.497917987791189,1.1696869046983147,1.2890882269727026,0.00421251557576693,0.16228632908916213,-0.050274717298843065,0.6420984712292498,0.5942019036414375,0.7234121193116894,Semiconductor Equipment & Materials,Technology,135.075,6389803920,228650,IPGP
2017,2017-12-31,2018-02-28,347614000.0,1408889000.0,551112000.0,6.36,796911000.0,0.5656307913540385,2367255000.0,2022322000.0,1754010000.0,198903000.0,344933000.0,307712000.0,1443867000.0,10593966350.0,37.80394429385924,8.818419028370613,0.020691475992235732,0.024220673067889286,0.16758040093724108,37.80394429385924,0.17188855187255048,8.130437777567998,32.95288552820082,5.664223773464364,0.0,1.9888012167221298,0.0,0.5951572602022174,6.804497669718406,0.14684265108744093,41.07754554256616,0.5656307913540385,0.3113402061855672,1.262026144840546,1.3632680174343985,1.5685292042436643,0.44305193394176445,0.33312112658771553,0.5127431631591516,0.6891176694430833,0.7825375695105186,0.8821040660670918,Semiconductor Equipment & Materials,Technology,135.075,6389803920,228650,IPGP
2016,2016-12-31,2017-02-27,260752000.0,1006173000.0,364313000.0,4.85,552240000.0,0.5488519369929425,1789999000.0,1557558000.0,1300962000.0,158275000.0,232275000.0,239010000.0,1094108000.0,4655310280.0,29.350229893721263,8.219630390143736,0.022806157992267036,0.026209617876188238,0.16211046403779475,29.350229893721263,0.1674107802085059,5.206204380360037,20.089365680800146,3.3631763825167345,0.0,1.8992217898832684,0.0,0.5621081352559415,6.233043752961618,0.14567158976066466,31.700266753809473,0.5488519369929425,0.07064017660044136,0.9763249816680108,0.8926823783133578,2.1358031027402316,0.12271970431632298,0.07680236543687075,0.06510877287358607,0.6259045562560889,0.5081827395629139,0.6303838280821276,Semiconductor Equipment & Materials,Technology,135.075,6389803920,228650,IPGP
2015,2015-12-31,2016-02-26,242154000.0,901265000.0,342043000.0,4.53,491877000.0,0.5457628999239957,1453429000.0,1259528000.0,1122935000.0,144980000.0,192764000.0,203738000.0,833356000.0,4133727160.0,23.91085124155213,7.745447647951441,0.01353144873261783,0.015614579429754638,0.18943852205505599,23.91085124155213,0.19225773464345375,5.211111226997609,19.395063306821278,3.728850934635832,0.0,2.0093846017924983,0.0,0.6200956496670976,5.7911091184991035,0.16660875763453187,25.189282818097954,0.5457628999239957,0.19525065963060692,2.9527563450566743,1.6542352205870388,2.5061192610164755,0.18092615445190843,0.20808201751103794,0.20540390050676985,0.6002668591299465,0.5352853576881045,0.6245849701516122,Semiconductor Equipment & Materials,Technology,135.075,6389803920,228650,IPGP
2014,2014-12-31,2015-03-02,200445000.0,769832000.0,283758000.0,3.79,416518000.0,0.5410505149175404,1210887000.0,1046561000.0,893838000.0,122075000.0,164326000.0,171009000.0,591202000.0,3417112680.0,20.08600107477353,7.322039729674381,0.02942553681722572,0.03404579379510607,0.18475510332067574,20.08600107477353,0.19152729750105346,5.070757879641272,19.47482691012497,3.729960967397027,0.0,2.066055002953061,0.0,0.6357587454485844,5.449592463649396,0.16553567756528892,43.61404719342152,0.5410505149175404,0.276094276094276,31.293223697111575,2.615479569028946,2.5631248406597247,0.2254205673466746,0.28671844909487737,0.30076508042741823,0.5473465641787761,0.47490040377183074,1.146005149533519,Semiconductor Equipment & Materials,Technology,135.075,6389803920,228650,IPGP
2013,2013-12-31,2014-02-28,155780000.0,648034000.0,218147000.0,2.97,339898000.0,0.5245064302181676,1061216000.0,927969000.0,786343000.0,100079000.0,133247000.0,172700000.0,390757000.0,3567826280.0,18.00203693644758,7.8572227939927455,0.0150412357145011,0.017201005637041755,0.1649168268796193,18.00203693644758,0.16787198710301746,6.173503674189934,25.681347284632174,4.311178800153884,0.0,1.784226983207875,0.0,0.6106523082953894,5.52142807182326,0.14679386665862557,82.57596350726553,0.5245064302181676,0.05693950177935948,2.669499439810854,1.442500734456227,2.3640254015185347,0.11541806272499647,0.07431519130506745,0.044325188617823905,1.5984900957852726,0.9502292391631336,1.6396922385901533,Semiconductor Equipment & Materials,Technology,135.075,6389803920,228650,IPGP
2012,2012-12-31,2013-02-28,145004000.0,562528000.0,208888000.0,2.81,304727000.0,0.5417099237726833,895498000.0,742927000.0,664959000.0,125455000.0,152571000.0,139618000.0,234977000.0,2998200050.0000005,14.718129048873745,5.300378621816588,0.020056996218863695,0.02417599575732205,0.19386963426723267,14.718129048873745,0.19517933794302805,5.980665940184312,23.20137410002483,4.528428836211364,0.23001434443187774,1.8464739503502414,0.009913824217490274,0.6281733739215498,3.8315172771113146,0.1619255431056239,31.41497077279349,0.5417099237726833,0.1659751037344398,3.157811034661094,1.5556919490695549,2.1813304316900695,0.18453285650424675,0.23136235871568203,0.19009582844315812,23.114245927035633,1.7270407402154468,1.61089955272089,Semiconductor Equipment & Materials,Technology,135.075,6389803920,228650,IPGP
2011,2011-12-31,2012-02-27,117759000.0,474482000.0,175522000.0,2.41,257255000.0,0.5421807360447815,608132000.0,443323000.0,434457000.0,93712000.0,118399000.0,116978000.0,122833000.0,1448414549.9999998,9.359717090678771,4.636087160662455,0.04011629054218492,0.05502985407930561,0.2601116348669584,9.359717090678771,0.26562799584050456,3.3810609253881068,13.623184215219217,3.6186991200546776,0.0,1.8569902032860879,0.0,0.7802286345727573,3.003243981560526,0.19364052541224602,46.71129018169112,0.5421807360447815,1.1327433628318588,1.372493958446226,0.9511259426221649,0.6463338333201445,0.7565103988856874,1.1810857365116407,1.1830822999713935,2.01886375657314,0.9463051441094635,0.7490424086577769,Semiconductor Equipment & Materials,Technology,135.075,6389803920,228650,IPGP
2010,2010-12-31,2011-03-15,53991000.0,299256000.0,80401000.0,1.13,146458000.0,0.4894070628491993,441855000.0,316600000.0,300801000.0,82770000.0,125052000.0,72470000.0,5567000.0,1343884880.0,6.819748405996898,3.6341790503805727,0.05390456145115479,0.07523057485786482,0.16197732900404446,6.819748405996898,0.17053379658875553,4.905254631486086,27.188362504861924,4.636534680985471,0.0,2.108431074927556,0.0,0.6772719557320841,2.4878820828802706,0.12219166921275079,41.87138113982543,0.4894070628491993,8.416666666666666,3.107681798049467,0.7543743176059241,4.846887153494552,1.2788635090558287,8.963277357446023,7.877222038202495,0.6832829105730127,0.4782851187168142,0.47409178628773985,Semiconductor Equipment & Materials,Technology,135.075,6389803920,228650,IPGP
2009,2009-12-31,2010-03-15,5419000.0,185894000.0,9057000.0,0.12,64268000.0,0.34572390717290497,312636000.0,256430000.0,180914000.0,36831000.0,56065000.0,52869000.0,-48424000.0,702117970.0,5.637187012244718,4.912003475333279,0.07678898143527936,0.09362009125297352,0.021965785720396366,5.637187012244718,0.02113247279959443,4.093897436173303,140.43752906440304,2.96779226299575,0.0,2.3005163706519887,0.0,0.5946020291968935,3.1450137112758276,0.017333256566742155,17.3327936319949,0.34572390717290497,-0.8481012658227848,1.2823138659305788,1.5948412608834939,5.43118903219946,-0.40104380242311277,-0.8521580182244776,-0.8416497657178824,-0.8863207213510547,-0.20405678260933194,-0.0084431384946552,Semiconductor Equipment & Materials,Technology,135.075,6389803920,228650,IPGP
2008,2008-12-31,2009-03-12,36654000.0,229076000.0,57196000.0,0.79,107300000.0,0.4684034992753497,313218000.0,238172000.0,181023000.0,49026000.0,69919000.0,72555000.0,-53843000.0,574418260.0,5.351337991776575,3.6923877126422715,0.12482999061356627,0.16416287388945805,0.14023335458126004,5.351337991776575,0.15389718354802412,2.560732071452269,16.003772030337753,2.4629354416136238,0.0,1.6783956998139342,0.0,0.7313628207829691,1.9396442703871415,0.11702392582801754,-240.41076229508198,0.4684034992753497,0.2153846153846154,2.1181792265457973,4.84288909802843,0.0,0.26262031959709115,0.22609131961866533,0.23469475865642,1.9087810596366146,0.4007906087257144,4.018585459321415,Semiconductor Equipment & Materials,Technology,135.075,6389803920,228650,IPGP
TTM,,,,,,,,,,,,,,,,5884400920.0,49.18861217449834,7.677026474619472,0.011831207162741525,0.01351407404239852,0.06998888057761331,49.18861217449834,0.04041670982671283,4.542271375987921,63.91567451628313,2.7460624325162226,0.0,1.7311345078227953,0.0,0.5266416487842717,5.234748839781663,0.03761367737414063,55.49691604856781,0.3771338312213611,,,,,,,,,,,Semiconductor Equipment & Materials,Technology,135.075,6389803920,228650,IPGP
