Quarters,Year,Quarter,FillingDate,Date,NetIncome,Revenue,OperatingIncome,EPSDiluted,GrossProfit,GrossProfitRatio,TotalAssets,CommonStockEquity,CurrentAssets,CurrentLiability,TotalLiability,Inventory,RetainedEarnings,MarketCap,EnterpriseValue,bookValuePerShare,currentRatio,debtToAssets,debtToEquity,roic,shareholdersEquityPerShare,roe,priceToSalesRatio,peRatio,pbRatio,payoutRatio,inventoryTurnover,dividendYield,assetTurnover,quickRatio,returnOnAssets,priceToFreeCashFlowsRatio,grossProfitMargin,epsdilutedGrowth,fiveYNetIncomeGrowthPerShare,fiveYRevenueGrowthPerShare,fiveYShareholdersEquityGrowthPerShare,grossProfitGrowth,netIncomeGrowth,operatingIncomeGrowth,threeYNetIncomeGrowthPerShare,threeYRevenueGrowthPerShare,threeYShareholdersEquityGrowthPerShare,Industry,Sector,Symbol
2023Q1,2023,Q1,2023-04-27,2023-03-31,196000000.0,2047000000.0,180000000.0,0.61,410000000.0,0.2002931119,23749000000.0,2774000000.0,3256000000.0,1819000000.0,20975000000.0,514000000.0,-60000000.0,5229090000.0,21242090000.0,8.641744548286605,1.7899945024738868,0.7112720535601499,6.089401586157174,0.026291745971654394,8.641744548286605,0.07065609228550829,2.554513922813874,6.669757653061224,1.8850360490266762,0.6020408163265306,3.184824902723735,0.022566067900915837,0.08619310286748916,0.9686641011544805,0.008252979072803066,-2.266618985695709,0.20029311187103077,62.0,1.2508867709200826,-0.7434383885790738,-0.36693310016964853,0.12637362637362637,0.6896551724137931,0.3333333333333333,1.2435507018096539,-0.529107394825388,-0.10559203654759636,Rental & Leasing Services,Industrials,HTZ
2022Q4,2022,Q4,2023-02-07,2022-12-31,116000000.0,2035000000.0,135000000.0,-0.01,364000000.0,0.1788697789,22497000000.0,2645000000.0,3547000000.0,1738000000.0,19852000000.0,475000000.0,-256000000.0,5109480000.0,19831480000.0,7.966867469879518,2.0408515535097815,0.7023158643374672,5.973534971644613,0.0060901410882685456,7.966867469879518,0.04385633270321361,2.510800982800983,11.011810344827586,1.931750472589792,0.0,3.517894736842105,0.0,0.09045650531181935,1.1029919447640966,0.005156243054629506,-2.0340286624203823,0.17886977886977887,-1.0075187969924813,-0.952922077922078,-0.7565789473684211,-0.564967105263158,-0.43653250773993807,-0.7989601386481803,-0.6674876847290641,1.4169282170699604,-0.6256380360150279,-0.36048887466201723,Rental & Leasing Services,Industrials,HTZ
2022Q3,2022,Q3,2022-10-27,2022-09-30,577000000.0,2496000000.0,406000000.0,1.33,646000000.0,0.2588141026,21693000000.0,2761000000.0,3494000000.0,1903000000.0,18932000000.0,0.0,-372000000.0,5779400000.0,19405400000.0,7.777464788732394,1.836048344718865,0.6745032959940995,5.299529156102861,0.01910782566692683,7.777464788732394,0.208982252806954,2.3154647435897435,2.5040727902946274,2.0932270916334663,0.0,0.0,0.0,0.11506015765454294,1.0819758276405675,0.026598441893698428,-6.589965792474344,0.2588141025641026,0.17699115044247804,0.45058306830228695,-0.773105819989924,-0.2545847835279576,-0.03869047619047619,-0.3861702127659574,-0.01694915254237288,0.2791232602716894,-0.6702675857684895,-0.44802411051152163,Rental & Leasing Services,Industrials,HTZ
2022Q2,2022,Q2,2022-07-28,2022-06-30,940000000.0,2344000000.0,413000000.0,1.13,672000000.0,0.2866894198,22066000000.0,2729000000.0,3632000000.0,2176000000.0,19337000000.0,0.0,-949000000.0,6304320000.0,20148320000.0,6.85678391959799,1.6691176470588236,0.6745672074685036,5.454378893367534,0.018157469156927408,6.85678391959799,0.3444485159399047,2.689556313993174,1.67668085106383,2.3101209234151705,0.0,0.0,0.0,0.10622677422278619,0.9264705882352942,0.04259947430435965,-2.599719587628866,0.28668941979522183,0.2282608695652172,2.2406971566694227,-0.7802049817432485,-0.247204940044136,0.696969696969697,1.2065727699530517,1.5337423312883436,4.966675482676541,-0.7748359479596308,-0.31716674659605076,Rental & Leasing Services,Industrials,HTZ
2022Q1,2022,Q1,2022-04-27,2022-03-31,426000000.0,1810000000.0,163000000.0,0.92,396000000.0,0.2187845304,20941000000.0,2702000000.0,4253000000.0,1810000000.0,18239000000.0,0.0,-1889000000.0,9568800000.0,21631800000.0,6.25462962962963,2.3497237569060774,0.6486796237046941,5.027387120651369,0.007020940477211215,6.25462962962963,0.15766099185788304,5.286629834254144,5.615492957746478,3.5413767579570687,0.0,0.0,0.0,0.08643331264027505,1.2823204419889502,0.02034286805787689,-3.9969924812030073,0.21878453038674034,2.642857142857143,1.3670279023418037,-0.8184996713832832,-0.4344942709594126,-0.4816753926701571,2.6259541984732824,3.4696969696969697,1.5634920634920635,-0.8329641934293097,-0.4301638949144372,Rental & Leasing Services,Industrials,HTZ
2021Q4,2021,Q4,2022-02-23,2021-12-31,-262000000.0,1949000000.0,-66000000.0,-0.56,764000000.0,0.3919958953,19783000000.0,2977000000.0,4426000000.0,1601000000.0,16806000000.0,0.0,-2315000000.0,11695320000.0,21854320000.0,6.361111111111111,2.764522173641474,0.6276601122175606,4.170977494121599,-0.007466811293314588,6.361111111111111,-0.08800806180718844,6.000677270395075,-11.159656488549617,3.9285589519650657,0.0,0.0,0.0,0.0985189303947834,1.8838226108682075,-0.013243694080776424,-8.41389928057554,0.3919958953309389,-1.4955752212389382,0.8943958818958819,-0.827946250420118,-0.5088630490956072,-0.22436548223350253,-1.4330578512396694,-1.0816831683168318,0.5343995938055344,-0.8475727612982515,-0.4963870562362552,Rental & Leasing Services,Industrials,HTZ
2021Q3,2021,Q3,2021-10-28,2021-09-30,605000000.0,2226000000.0,808000000.0,1.13,985000000.0,0.44249775381850853,19593000000.0,4206000000.0,4998000000.0,1731000000.0,15375000000.0,0.0,-2055000000.0,9208050000.0,16625050000.0,8.929936305732484,2.8873483535528597,0.5165109988261114,2.4060865430337612,0.040670566293658866,8.929936305732484,0.14384213029006182,4.136590296495957,3.8049793388429753,2.189265335235378,0.0,0.0,0.0,0.11361200428724544,2.075678798382438,0.030878374929821876,-27.00307917888563,0.44249775381850853,2.076190476190476,1.5690021231422504,-0.8438262664936079,-0.5231311826563708,0.2943495400788436,4.601190476190476,0.37181663837011886,-0.23476532502145733,-0.8560574218371109,-0.37646330034785647,Rental & Leasing Services,Industrials,HTZ
2021Q2,2021,Q2,2021-08-09,2021-06-30,-168000000.0,1873000000.0,589000000.0,-1.05,761000000.0,0.40630005339028297,19007000000.0,3620000000.0,4903000000.0,1969000000.0,15368000000.0,0.0,-2659000000.0,4318400000.0,12506400000.0,22.625,2.4900964956830878,0.5265428526332404,2.7646408839779006,0.030687439209175927,22.625,-0.04640883977900553,2.3056059797116926,-6.426190476190476,1.19292817679558,0.0,0.0,0.0,0.09854264218445835,1.4443880142204164,-0.008838848845162308,-1.828281117696867,0.40630005339028297,-1.867768595041322,-9.377906976744185,1.1916987885462558,4.976149782473587,2.4748858447488584,-1.8842105263157896,8.34920634920635,-0.4000000000000001,-0.5883947258267057,0.7946175637393768,Rental & Leasing Services,Industrials,HTZ
2021Q1,2021,Q1,2021-05-07,2021-03-31,190000000.0,1289000000.0,63000000.0,1.21,219000000.0,0.16989914662529093,16610000000.0,265000000.0,4019000000.0,2266000000.0,16320000000.0,0.0,-2491000000.0,4210439999.9999995,11690440000.0,1.6987179487179487,1.7736098852603708,0.5157736303431668,32.32830188679245,0.004283148990418581,1.6987179487179487,0.7169811320754716,3.266439100077579,5.540052631578948,15.888452830188678,0.0,0.0,0.0,0.07760385310054184,0.8296557811120918,0.011438892233594221,-3.1752941176470584,0.16989914662529093,1.654054054054054,11.125691302161888,0.5159826470947197,-0.646586648549357,17.846153846153847,1.657439446366782,1.3987341772151898,1.5004442751967504,-0.6675646618690729,-0.8755572906058343,Rental & Leasing Services,Industrials,HTZ
2020Q4,2020,Q4,2021-02-26,2020-12-31,-289000000.0,1235000000.0,-158000000.0,-1.85,-13000000.0,-0.010526315789473684,16908000000.0,56000000.0,2657000000.0,1548000000.0,16815000000.0,0.0,-2681000000.0,4210439999.9999995,11017440000.0,0.358974358974359,1.7164082687338502,0.467411876035013,141.125,-0.01235018238665972,0.358974358974359,-5.160714285714286,3.4092631578947366,-3.6422491349480963,75.18642857142856,0.0,0.0,0.0,0.07304234681807428,1.2099483204134367,-0.017092500591436008,-12.456923076923076,-0.010526315789473684,-0.30281690140845086,-12.591758241758244,0.437007874015748,-0.9221244332685641,-1.146067415730337,-0.30180180180180183,-1.9259259259259258,-1.2496149683649682,-0.6856060606060606,-0.9803981106612686,Rental & Leasing Services,Industrials,HTZ
2020Q3,2020,Q3,2020-11-09,2020-09-30,-222000000.0,1268000000.0,-54000000.0,-1.42,89000000.0,0.07018927444794952,18757000000.0,341000000.0,3727000000.0,1514000000.0,18357000000.0,0.0,-2392000000.0,4210439999.9999995,13706440000.0,2.1858974358974357,2.461690885072655,0.5668816974996002,31.181818181818183,-0.003667603415177763,2.1858974358974357,-0.6510263929618768,3.3205362776025233,-4.741486486486486,12.34733137829912,0.0,0.0,0.0,0.0676014287999147,1.6862615587846763,-0.011835581382950365,79.44226415094339,0.07018927444794952,0.7576791808873721,-3.726062966569296,0.23998828232699188,-0.5755357417034064,1.1846473029045643,0.7378984651711924,0.916923076923077,-2.2700578990901574,-0.7376978904972684,-0.7904971279682595,Rental & Leasing Services,Industrials,HTZ
2020Q2,2020,Q2,2020-08-10,2020-06-30,-847000000.0,832000000.0,-650000000.0,-5.86,-482000000.0,-0.5793269230769231,23116000000.0,559000000.0,4440000000.0,1580000000.0,22443000000.0,0.0,-2170000000.0,3886560000.0,17192560000.0,3.8819444444444446,2.810126582278481,0.6347118878698736,26.246869409660107,-0.031349197453752295,3.8819444444444446,-1.5152057245080501,4.671346153846154,-1.1471546635182999,6.952701252236135,0.0,0.0,0.0,0.03599238622599066,1.8556962025316455,-0.03664128741996885,-8.714260089686098,-0.5793269230769231,-1.344,-118.38315217391305,-0.014858841010401237,-0.2535347716799329,-97.4,-1.3792134831460674,-2.2019704433497536,-2.089882208157525,-0.7843725019984013,-0.5738076866549089,Rental & Leasing Services,Industrials,HTZ
2020Q1,2020,Q1,2020-05-11,2020-03-31,-356000000.0,1923000000.0,-203000000.0,-2.5,5000000.0,0.0026001040041601664,25842000000.0,1372000000.0,4625000000.0,2854000000.0,24351000000.0,0.0,-1323000000.0,3832580000.0,23413580000.0,9.661971830985916,1.6205325858444288,0.797074529835152,15.013119533527696,-0.008429944256352382,9.661971830985916,-0.2594752186588921,1.993021320852834,-2.6914185393258423,2.793425655976676,0.0,0.0,0.0,0.07441374506617135,1.0903994393833216,-0.013776023527590744,-0.9688018200202224,0.0026001040041601664,-2.0120481927710845,-15.43903420523139,1.5329642894039053,0.8879715072041446,-0.9840255591054313,-1.9915966386554622,-4.029850746268656,0.066885618644603,-0.4133574936046341,-0.12642302617447607,Rental & Leasing Services,Industrials,HTZ
2019Q4,2019,Q4,2020-02-25,2019-12-31,-119000000.0,2325000000.0,67000000.0,-0.83,313000000.0,0.13462365591397848,24627000000.0,1769000000.0,3889000000.0,2425000000.0,22739000000.0,0.0,-967000000.0,3832580000.0,21904580000.0,12.45774647887324,1.6037113402061856,0.7689527754091038,10.704918032786885,0.0026278811195012313,12.45774647887324,-0.06726964386659129,1.648421505376344,-8.051638655462185,2.1665234595816845,0.0,0.0,0.0,0.09440857595322208,1.1154639175257732,-0.004832094855240184,-2.448932907348243,0.13462365591397848,-1.6587301587301586,-0.6438244853737812,1.9368178590888832,1.320659753978416,-0.5376661742983752,-1.7041420118343196,-0.849438202247191,0.8419174135723433,-0.32355456782506886,-0.03814608581722887,Rental & Leasing Services,Industrials,HTZ
2019Q3,2019,Q3,2019-11-05,2019-09-30,169000000.0,2836000000.0,445000000.0,1.26,677000000.0,0.23871650211565584,25541000000.0,1874000000.0,3491000000.0,2421000000.0,23552000000.0,0.0,-848000000.0,3589670000.0,22829670000.0,14.090225563909774,1.4419661296984716,0.771504639599076,10.514941302027749,0.013409635672818478,14.090225563909774,0.09018143009605123,1.2657510578279267,5.310162721893491,1.91551227321238,0.0,0.0,0.0,0.11103715594534279,1.0041305245766212,0.006616812184331075,-2.4553146374829002,0.23871650211565584,2.15,2.914366453045365,2.135981575213265,0.0,0.38445807770961143,3.4473684210526314,0.9264069264069265,1.5413533834586466,-0.29537454967079385,-0.24756583129788867,Rental & Leasing Services,Industrials,HTZ
2019Q2,2019,Q2,2019-08-07,2019-06-30,38000000.0,2511000000.0,231000000.0,0.4,489000000.0,0.19474313022700118,26354000000.0,964000000.0,3278000000.0,3037000000.0,25284000000.0,0.0,-1017000000.0,2591040000.0,23061040000.0,10.041666666666666,1.0793546262759302,0.7924793200273204,21.664937759336098,0.008979347500748278,10.041666666666666,0.03941908713692946,1.0318757467144564,17.046315789473685,2.6878008298755187,0.0,0.0,0.0,0.09527965394247552,0.6957523872242345,0.0014419063519769296,-0.5760426856380614,0.19474313022700118,1.2285714285714284,1.4849537037037037,3.177606007067138,0.0,0.963855421686747,1.2585034013605443,14.4,4.912306201550387,3.8970952643171812,1.65239796975347,Rental & Leasing Services,Industrials,HTZ
2019Q1,2019,Q1,2019-05-07,2019-03-31,-147000000.0,2107000000.0,15000000.0,-1.75,249000000.0,0.11817750355956336,24030000000.0,922000000.0,3676000000.0,2901000000.0,23025000000.0,0.0,-1056000000.0,2267160000.0,20483160000.0,10.976190476190476,1.2671492588762496,0.7811069496462755,20.357917570498916,0.0007026328158010093,10.976190476190476,-0.1594360086767896,1.0760132890365448,-3.8557142857142854,2.4589587852494574,0.0,0.0,0.0,0.08768206408655847,0.7297483626335747,-0.006117353308364545,-0.6453629376601195,0.11817750355956336,-0.45833333333333337,-10.336956521739129,3.4212342271293372,0.0,-0.20447284345047922,-0.45544554455445546,-0.7540983606557377,-13.549019607843137,3.6020481753930476,1.2835646525538578,Rental & Leasing Services,Industrials,HTZ
2018Q4,2018,Q4,2019-02-25,2018-12-31,-101000000.0,2295000000.0,61000000.0,-1.2,313000000.0,0.1363834422657952,21382000000.0,1061000000.0,3899000000.0,2574000000.0,20262000000.0,0.0,-909000000.0,2267160000.0,17464160000.0,12.630952380952381,1.5147630147630147,0.7634458890655692,15.385485391140433,0.0029824561403508773,12.630952380952381,-0.09519321394910461,0.9878692810457517,-5.611782178217822,2.1368143261074457,0.0,0.0,0.0,0.10733327097558694,1.0543900543900544,-0.004723599289121691,-1.1710537190082644,0.1363834422657952,-1.7142857142857142,-67.06389391199517,3.7889871270108797,1.0383090014296714,-0.5007974481658692,-1.7163120567375887,-0.8314917127071824,-8.523469387755103,3.959297850926529,1.7401471732823885,Rental & Leasing Services,Industrials,HTZ
2018Q3,2018,Q3,2018-11-08,2018-09-30,141000000.0,2758000000.0,362000000.0,1.68,627000000.0,0.22733865119651922,22460000000.0,1203000000.0,3822000000.0,3138000000.0,21233000000.0,0.0,-819000000.0,2267160000.0,18664160000.0,14.321428571428571,1.2179732313575526,0.7639358860195904,14.26267664172901,0.015249714067861228,14.321428571428571,0.1172069825436409,0.8220304568527919,4.0197872340425524,1.8845885286783042,0.0,0.0,0.0,0.12279608192341941,0.8177182919056724,0.006277827248441674,-1.5854265734265733,0.22733865119651922,3.2399999999999998,2.321960875640429,3.545149975022263,1.1571750150661135,0.7762039660056658,3.238095238095238,3.1136363636363638,2.2154912597950576,4.008848566308243,1.7809788586093123,Rental & Leasing Services,Industrials,HTZ
2018Q2,2018,Q2,2018-08-06,2018-06-30,-63000000.0,2389000000.0,88000000.0,-0.75,353000000.0,0.14776056927584763,22771000000.0,1059000000.0,3269000000.0,3354000000.0,21702000000.0,0.0,-960000000.0,2267160000.0,18946160000.0,12.607142857142858,0.9746571258199165,0.7625488560010539,16.39660056657224,0.0034991649719953192,12.607142857142858,-0.059490084985835696,0.9489995814148179,-8.996666666666666,2.1408498583569404,0.0,0.0,0.0,0.1049141451846647,0.6293977340488969,-0.0027666769136181985,-0.6404406779661017,0.14776056927584763,0.6913580246913581,-3.476112026359143,3.1991243119217776,1.334785536060834,1.1265060240963856,0.6881188118811881,2.2941176470588234,-15.967391304347826,3.8492490978560814,1.4242474115746009,Rental & Leasing Services,Industrials,HTZ
2018Q1,2018,Q1,2018-05-07,2018-03-31,-202000000.0,2063000000.0,-68000000.0,-2.43,166000000.0,0.08046534173533688,22321000000.0,1133000000.0,4382000000.0,3049000000.0,21183000000.0,0.0,-897000000.0,2240170000.0,18005170000.0,13.650602409638553,1.437192522138406,0.7531472604274002,14.837599293909973,-0.003313820968747407,13.650602409638553,-0.17828773168578993,1.0858797867183714,-2.772487623762376,1.9772021182700794,0.0,0.0,0.0,0.09242417454415125,0.7799278451951459,-0.00904977375565611,-0.6983073566084788,0.08046534173533688,-1.3274932614555255,-57.33507698891094,3.2416788031680577,1.7862160299633905,-0.22065727699530516,-1.327922077922078,-10.333333333333334,-14.958347676419967,3.648996965858545,1.667359091538568,Rental & Leasing Services,Industrials,HTZ
2017Q4,2017,Q4,2018-02-27,2017-12-31,616000000.0,2090000000.0,-6000000.0,7.42,213000000.0,0.10191387559808612,20058000000.0,1520000000.0,3556000000.0,2396000000.0,18538000000.0,0.0,-506000000.0,2240170000.0,16033170000.0,18.313253012048193,1.4841402337228715,0.7411008076577924,9.779605263157896,0.001267259380153813,18.313253012048193,0.4052631578947368,1.0718516746411484,0.9091599025974025,1.4737960526315788,0.0,0.0,0.0,0.10419782630371921,1.0171118530884808,0.030710938278990928,-1.449948220064725,0.10191387559808612,5.624999999999999,86.8685649290204,3.5734496246682914,2.075720457647629,-0.5935114503816794,5.623655913978495,-1.019543973941368,15.557924003707138,3.516589217361827,2.4114379596307307,Rental & Leasing Services,Industrials,HTZ
2017Q3,2017,Q3,2017-11-09,2017-09-30,93000000.0,2572000000.0,307000000.0,1.12,524000000.0,0.20373250388802489,21344000000.0,866000000.0,3820000000.0,2765000000.0,20478000000.0,0.0,-1122000000.0,2240170000.0,17411170000.0,10.433734939759036,1.3815551537070525,0.7458302098950524,18.382217090069283,0.011628266899088099,10.433734939759036,0.10739030023094688,0.8709836702954898,6.021962365591397,2.586801385681293,0.0,0.0,0.0,0.12050224887556221,0.8216998191681736,0.004357196401799101,-2.24017,0.20373250388802489,1.5894736842105264,0.9400407491980105,4.179802310813785,0.7261702887247611,1.3185840707964602,1.5886075949367089,101.33333333333333,2.45168593838441,3.5573437614604524,0.0,Rental & Leasing Services,Industrials,HTZ
2017Q2,2017,Q2,2017-08-08,2017-06-30,-158000000.0,2224000000.0,3000000.0,-1.9,226000000.0,0.10161870503597123,22433000000.0,756000000.0,3978000000.0,3712000000.0,21677000000.0,0.0,-1214000000.0,2240170000.0,17908170000.0,9.108433734939759,1.0716594827586208,0.749297909330005,22.234126984126984,0.00010762050829120656,9.108433734939759,-0.20899470899470898,1.0072706834532374,-3.5445727848101267,2.9631878306878305,0.0,0.0,0.0,0.09913966032184728,0.6333512931034483,-0.007043195292649222,-0.6565562719812427,0.10161870503597123,0.2936802973977695,-9.6074270058152,4.057630280599069,0.6882960814904233,1.7228915662650603,0.2914798206278027,1.0218978102189782,-12.950468540829986,3.2796543062710204,0.0,Rental & Leasing Services,Industrials,HTZ
2017Q1,2017,Q1,2017-05-08,2017-03-31,-223000000.0,1916000000.0,-137000000.0,-2.69,83000000.0,0.043319415448851775,19656000000.0,918000000.0,2582000000.0,2597000000.0,18738000000.0,0.0,-1056000000.0,2240170000.0,15463170000.0,11.060240963855422,0.9942241047362341,0.7126577126577126,15.25925925925926,-0.006841011585674428,11.060240963855422,-0.2429193899782135,1.1691910229645095,-2.5114013452914796,2.440272331154684,0.0,0.0,0.0,0.09747659747659748,0.7004235656526762,-0.011345136345136345,-0.9264557485525228,0.043319415448851775,0.49245283018867925,-18.940867975478863,3.921943187925663,1.0967314722313444,-0.5721649484536082,0.49318181818181817,-5.85,-16.405447878470405,3.0688875375318303,0.0,Rental & Leasing Services,Industrials,HTZ
2016Q4,2016,Q4,2017-03-06,2016-12-31,-440000000.0,2009000000.0,-20000000.0,-5.3,194000000.0,0.09656545545047288,19155000000.0,1075000000.0,2955000000.0,2306000000.0,18080000000.0,0.0,-882000000.0,2240170000.0,14965170000.0,12.951807228915662,1.2814397224631395,0.706917253980684,12.596279069767442,-0.0012623169568362531,12.951807228915662,-0.40930232558139534,1.1150671976107516,-1.2728238636363636,2.0838790697674416,0.0,0.0,0.0,0.10488123205429392,0.9102341717259324,-0.022970503784912555,-1.7722863924050634,0.09656545545047288,-11.816326530612246,-47.940039697142204,4.007268636412712,1.414565325296719,-0.6072874493927125,-11.476190476190476,-1.0749063670411985,-299.08845508616747,3.242697911152311,1.0900866746431452,Rental & Leasing Services,Industrials,HTZ
2016Q3,2016,Q3,2016-11-08,2016-09-30,42000000.0,2542000000.0,267000000.0,0.49,494000000.0,0.1943351691581432,21127000000.0,1573000000.0,3812000000.0,2644000000.0,19554000000.0,33000000.0,-442000000.0,2267160000.0,15700160000.0,18.726190476190474,1.4417549167927384,0.7035073602499171,9.448823903369357,0.006476795342529193,18.726190476190474,0.02670057215511761,0.8918804091266719,13.495,1.4412968849332486,0.0,62.06060606060606,0.0,0.12031996970700999,1.0915279878971256,0.001987977469588678,-2.332469135802469,0.1943351691581432,5.803921568627451,0.0075554566649576075,4.183277455594711,2.4748255990294203,0.32085561497326204,1.9767441860465116,0.9071428571428571,-0.010479739170936106,3.18918463977759,1.8206453023266804,Rental & Leasing Services,Industrials,HTZ
2016Q2,2016,Q2,2016-08-08,2016-06-30,-43000000.0,2270000000.0,140000000.0,-0.102,374000000.0,0.1647577092511013,22020000000.0,1609000000.0,3563000000.0,3025000000.0,20411000000.0,43000000.0,-484000000.0,11470750000.0,25577750000.0,3.7858823529411763,1.1778512396694214,0.6990009082652134,9.566190180236172,0.006442705936493327,3.7858823529411763,-0.026724673710379118,5.053193832599119,-66.69040697674419,7.129117464263517,0.0,44.093023255813954,0.0,0.1030881017257039,0.8621487603305785,-0.001952770208900999,-3.5590288551039406,0.1647577092511013,0.15000000000000002,-1.7651058968989246,0.07195039220691621,-0.2562011777649332,0.4166666666666667,0.1568627450980392,47.666666666666664,-1.3340323674774688,-0.21139632748406226,-0.2988718015623217,Rental & Leasing Services,Industrials,HTZ
2016Q1,2016,Q1,2016-03-31,2016-03-31,-51000000.0,2311000000.0,-3000000.0,-0.12,264000000.0,0.11423626135871917,24028000000.0,2038000000.0,3432000000.0,5142000000.0,21990000000.0,53000000.0,-442000000.0,11443760000.0,26658760000.0,4.806603773584905,0.6674445740956826,0.6688862993174629,7.886162904808636,-0.00011994976221723608,4.806603773584905,-0.025024533856722278,4.951864993509304,-56.096862745098036,5.615191364082434,0.0,38.62264150943396,0.0,0.09617945729981688,0.4618825359782186,-0.0021225237223239553,-3.6879664840476956,0.11423626135871917,-1.7500000000000002,0.6244075096089616,0.26799804842389563,-0.01197709721683315,-0.20481927710843373,-1.7285714285714286,-1.0277777777777777,-3.7842609388901085,-0.06985483648095077,-0.018927071365827646,Rental & Leasing Services,Industrials,HTZ
2015Q4,2015,Q4,2015-12-31,2015-12-31,70000000.0,2413000000.0,108000000.0,0.16,332000000.0,0.13758806464981352,23358000000.0,2019000000.0,3806000000.0,4685000000.0,21339000000.0,51000000.0,-391000000.0,11821620000.0,27242620000.0,4.609589041095891,0.8123799359658485,0.681008648000685,7.878652798415057,0.00826771653543307,4.609589041095891,0.03467062902426944,4.899138002486532,42.22007142857143,5.855185735512629,0.0,40.80392156862745,0.0,0.1033050774895111,0.5464247598719317,0.002996831920541142,-5.694421965317919,0.13758806464981352,-0.6923076923076923,3.259301472280922,0.2370186362248818,-0.10154447930121449,-0.5223021582733813,-0.7046413502109705,-0.7522935779816514,2.8490792053519858,0.0005963572774690954,-0.2258171005599363,Rental & Leasing Services,Industrials,HTZ
2015Q3,2015,Q3,2015-09-30,2015-09-30,237000000.0,2976000000.0,436000000.0,0.52,695000000.0,0.23353494623655913,24569000000.0,2338000000.0,3408000000.0,5168000000.0,22231000000.0,62000000.0,-461000000.0,12253460000.0,28353460000.0,5.149779735682819,0.6594427244582043,0.6760144898042248,7.10393498716852,0.017332834812206654,5.149779735682819,0.10136869118905047,4.117426075268817,12.92559071729958,5.241000855431993,0.0,36.79032258064516,0.0,0.12112825104806871,0.41253869969040247,0.00964630225080386,-14.133171856978086,0.23353494623655913,9.4,0.3737186871436734,0.23587490023595192,-0.0014280876158303854,0.4154786150712831,9.304347826086957,1.2244897959183674,-0.09614557393126659,0.09571444528803182,-0.14801393513090014,Rental & Leasing Services,Industrials,HTZ
2015Q2,2015,Q2,2015-06-30,2015-06-30,23000000.0,2692000000.0,196000000.0,0.05,491000000.0,0.18239227340267458,25969000000.0,2387000000.0,3361000000.0,5859000000.0,23582000000.0,75000000.0,-711000000.0,12388410000.0,29533410000.0,5.200435729847494,0.573647380098993,0.6808887519735068,7.407624633431085,0.004383082158483228,5.200435729847494,0.009635525764558023,4.601935364041605,134.6566304347826,5.189949727691663,0.0,29.346666666666668,0.0,0.10366205860834071,0.3288957159924902,0.0008856713774115291,-3.1307581501137225,0.18239227340267458,1.3333333333333335,1.8214186691532808,0.28495083445425773,0.12964035927925793,0.44837758112094395,1.3285714285714285,1.6849315068493151,-0.7734262961018556,0.10701309479468747,-0.03607189553733057,Rental & Leasing Services,Industrials,HTZ
2015Q1,2015,Q1,2015-03-31,2015-03-31,-70000000.0,2454000000.0,73000000.0,-0.15,339000000.0,0.13814180929095354,24602000000.0,2349000000.0,3361000000.0,5562000000.0,22253000000.0,71000000.0,-734000000.0,12388410000.0,28154410000.0,5.117647058823529,0.6042790363178713,0.6646207625396309,6.960834397616007,0.003113693059328344,5.117647058823529,-0.02979991485738612,5.0482518337408315,-44.244321428571425,5.273908045977012,0.0,29.788732394366196,0.0,0.09974798796845785,0.3396260338007911,-0.0028452971303146086,-4.499967308390846,0.13814180929095354,0.7057692307692307,0.5835644630956114,0.32204497079332267,0.09347848779865725,1.627906976744186,0.7008547008547008,1.6403508771929824,-0.13188587920251846,0.13993754281463625,-0.02982840183374762,Rental & Leasing Services,Industrials,HTZ
2014Q4,2014,Q4,2014-12-31,2014-12-31,-234000000.0,2559000000.0,-114000000.0,-0.5098039215686274,129000000.0,0.05041031652989449,23985000000.0,2464000000.0,3642000000.0,5196000000.0,21521000000.0,67000000.0,-664000000.0,12388410000.0,27891410000.0,5.368191721132898,0.7009237875288684,0.6667917448405253,6.490665584415584,-0.004990679425364685,5.368191721132898,-0.09496753246753246,4.841113716295428,-13.235480769230769,5.027763798701298,0.0,36.26865671641791,0.0,0.1066916823014384,0.4016551193225558,-0.00975609756097561,-5.467082965578111,0.05041031652989449,-2.593137254901961,-5.720839971752219,0.30481579978161405,0.05136812726284019,-0.8083209509658247,-2.5704697986577183,-1.308108108108108,-5.514108986917686,0.1533381228568942,0.0007753636461116367,Rental & Leasing Services,Industrials,HTZ
2014Q3,2014,Q3,2014-09-30,2014-09-30,149000000.0,3121000000.0,370000000.0,0.32,673000000.0,0.2156360140980455,,,,,,,,12388410000.0,,,0.0,0.0,0.0,0.0,,0.0,3.9693719961550786,20.785922818791946,0.0,0.0,0.0,0.0,0.0,0.0,0.0,-10.323675,0.2156360140980455,1.1333333333333335,1.049492827960178,0.35697174933079784,0.0,0.2746212121212121,1.0694444444444444,0.4015151515151515,-0.3458572416423587,0.16463350429004636,0.0,Rental & Leasing Services,Industrials,HTZ
2014Q2,2014,Q2,2014-06-30,2014-06-30,72000000.0,2830000000.0,264000000.0,0.15,528000000.0,0.18657243816254418,,,,,,,,12199480000.0,,,0.0,0.0,0.0,0.0,,0.0,4.310770318021201,42.35930555555555,0.0,0.0,0.0,0.0,0.0,0.0,0.0,-4.283525280898877,0.18657243816254418,2.0,13.176248722519855,0.22652984646793156,0.0,0.43869209809264303,2.0434782608695654,1.901098901098901,0.20458121244634148,0.25656732118325654,0.0,Rental & Leasing Services,Industrials,HTZ
2014Q1,2014,Q1,2014-03-31,2014-03-31,-69000000.0,2536000000.0,91000000.0,-0.15,367000000.0,0.1447160883280757,,,,,,,,12064530000.0,,,0.0,0.0,0.0,0.0,,0.0,4.757306782334385,-43.7120652173913,0.0,0.0,0.0,0.0,0.0,0.0,0.0,-6.359794412229837,0.1447160883280757,-7.823529411764706,0.6947181570490897,0.17235756587665294,0.0,-0.20424978317432785,-7.734177215189874,-0.6247422680412371,0.5179921086599019,0.3198550009733352,0.0,Rental & Leasing Services,Industrials,HTZ
2013Q4,2013,Q4,2013-12-31,2013-12-31,-7900000.0,2551300000.0,242500000.0,-0.017,461200000.0,0.18077058754360523,24588400000.0,2771200000.0,3605200000.0,5073900000.0,21817200000.0,92300000.0,-378800000.0,12069928000.0,27956128000.0,6.196779964221824,0.7105382447427029,0.6632965138032568,5.885320438799076,-0.0019411279181766568,6.196779964221824,-0.0028507505773672057,4.730893270097598,-381.959746835443,4.355487875288683,0.0,22.644637053087756,0.0,0.10376030973955198,0.3815211178777666,-0.0003212897138488068,-42.084825662482565,0.18077058754360523,-1.0361702127659576,0.9953165831733739,0.029863892777896448,0.3606118315206446,-0.46823475152772975,-1.0367955286446204,-0.5893310753598645,0.7502672197039851,0.2810107234544222,0.2078150828142127,Rental & Leasing Services,Industrials,HTZ
2013Q3,2013,Q3,2013-09-30,2013-09-30,214700000.0,3069400000.0,590500000.0,0.47,867300000.0,0.2825633674333746,25571800000.0,2820900000.0,3554600000.0,5804800000.0,22750900000.0,106700000.0,-349900000.0,11468051000.0,28055561000.0,6.638973876206166,0.6123552921719956,0.670121383711745,6.074731468680208,0.01892146054528043,6.638973876206166,0.07611046120032613,3.7362517104320063,13.353575919888216,4.065387287745046,0.0,20.638238050609186,0.0,0.12003065877255414,0.3875413450937156,0.008395967432875276,-9.550342271818787,0.2825633674333746,0.7407407407407405,8.236858747241463,-0.03687366544124548,-0.2515852912639391,0.2991312162971839,0.7685337726523888,0.5040753948038716,0.32969068489587516,0.36195950765142143,0.2873352221059058,Rental & Leasing Services,Industrials,HTZ
2013Q2,2013,Q2,2013-06-30,2013-06-30,121400000.0,2714600000.0,392600000.0,0.27,667600000.0,0.2459294186988875,25932300000.0,2164200000.0,3425900000.0,6466300000.0,23768100000.0,128300000.0,-564600000.0,10817592000.0,28176492000.0,5.399700598802395,0.529808391197439,0.688022273381073,8.244154884021809,0.011006427611066516,5.399700598802395,0.05609463081046114,3.9849672143225523,22.276754530477756,4.998425284169669,0.0,15.954793452844894,0.0,0.10468026360947544,0.3308074169153921,0.004681420467910675,-3.672565127852049,0.2459294186988875,5.75,0.9072340712841298,-0.03943817081351059,-0.41446349342410627,0.33977936587255236,5.758336580749318,0.5921681225718016,5.965241683346416,0.4838919288662398,0.17292473963723806,Rental & Leasing Services,Industrials,HTZ
2013Q1,2013,Q1,2013-03-31,2013-03-31,17963000.0,2436508000.0,246582000.0,0.04,498291000.0,0.20451030737432424,24076248000.0,2037143000.0,3295087000.0,5720445000.0,22039086000.0,109953000.0,-686022000.0,11222442000.0,26885659000.0,4.899333814333814,0.5760193481451181,0.6777218775948811,8.00974698388871,0.003278341652088859,4.899333814333814,0.00881774131712894,4.605953274111966,156.1883037354562,5.508912236401667,0.0,17.62768637508754,0.0,0.10119965536158292,0.3862117370239553,0.0007460880117200985,-4.333849265838857,0.20451030737432424,1.4444444444444446,1.2412368531758868,-0.07405108060363817,-0.4469386884575187,1.4612648122554432,1.4935432465106055,0.34242503429803356,1.1179659891837013,0.44899775375641293,0.04683188757259352,Rental & Leasing Services,Industrials,HTZ
2012Q4,2012,Q4,2012-12-31,2012-12-31,-36396000.0,2318513000.0,183684000.0,-0.09,-1080271000.0,-0.46593269047876806,23286038000.0,2507286000.0,3567333000.0,4984009000.0,20778733000.0,105728000.0,-703985000.0,11365489000.0,26280834000.0,5.954134409878889,0.715755729975608,0.66342758695146,6.161482974020514,0.009074329190017183,5.954134409878889,-0.014516094294787271,4.902059639087639,-78.06825612704692,4.532984669479269,0.0,32.14648910411622,0.0,0.09956665878497664,0.4855229996575046,-0.0015629966763774927,-7.96163518576116,-0.46593269047876806,-1.1636363636363636,-1.3441334983435853,-0.1724145163713387,-0.342972459555269,-1.8471783490440266,-1.1498271035731928,-0.6423521531808508,-0.139433011728128,0.28859339351844826,0.16612585190316229,Rental & Leasing Services,Industrials,HTZ
2012Q3,2012,Q3,2012-09-30,2012-09-30,242920000.0,2516222000.0,513589000.0,0.55,1275140000.0,0.5067676858401207,19539105000.0,2542292000.0,3051990000.0,2200618000.0,16996794000.0,105982000.0,-667588000.0,11351994000.0,23619541000.0,6.044441274369948,1.3868785950128555,0.6510486534567473,5.003716331562228,0.02215812340068994,6.044441274369948,0.0955515731473804,4.51152322807765,11.682852379384158,4.4652596947950896,0.0,11.710309297805289,0.0,0.1287787746675193,0.992973791907546,0.012432503945293298,-10.293213475484693,0.5067676858401207,1.6190476190476195,0.1411721978935316,-0.21486235317382266,-0.3124211237808125,0.23057473593800515,1.6152206444389419,0.6572947053204946,2.646421126986244,0.19390400737498567,0.17053860590858874,Rental & Leasing Services,Industrials,HTZ
2012Q2,2012,Q2,2012-06-30,2012-06-30,92887000.0,2225148000.0,309896000.0,0.21,1036215000.0,0.46568363093151555,19429489000.0,2265919000.0,2730842000.0,2717072000.0,17163551000.0,101712000.0,-910508000.0,11335800000.0,23217472000.0,5.395045238095238,1.0050679555050437,0.6416984512562323,5.5023471712801735,0.012307969525800076,5.395045238095238,0.04099308051170408,5.0944027093928135,30.509651512052276,5.002738403270373,0.0,11.689210712600284,0.0,0.11452426772520884,0.7487736799024832,0.004780722745719149,-4.6330370469671385,0.46568363093151555,2.615384615384615,-0.15186016426935284,-0.21859655273713485,-0.34270808297386773,0.22516192192277407,2.64889141355866,1.500996699190535,18.682166839288794,0.03786228885529877,0.043755205800325464,Rental & Leasing Services,Industrials,HTZ
2012Q1,2012,Q1,2012-03-31,2012-03-31,-56333000.0,1960925000.0,123909000.0,-0.13,845778000.0,0.43131583308897586,18280109000.0,2205474000.0,2713362000.0,2663879000.0,16074615000.0,99527000.0,-1003395000.0,11284519000.0,22115520000.0,5.274991628796939,1.018575543408691,0.6250346756685095,5.18061060796908,0.013911641833300506,5.274991628796939,-0.02554235506743675,5.754691790864006,-50.0795226598974,5.116595797547375,0.0,11.204467129522643,0.0,0.10727096867967253,0.7483083878809811,-0.00308165558531407,-5.0582446851427845,0.43131583308897586,-2.15109779166401,0.30953494310677626,-0.21741669822214216,-0.3188011249373621,-0.11532089018313271,-2.197326191842547,-0.5223632628044761,0.733533805436177,-0.030831745269078156,0.32217835594273975,Rental & Leasing Services,Industrials,HTZ
2011Q4,2011,Q4,2011-12-31,2011-12-31,47049000.0,2013818000.0,259421000.0,0.11293566970715314,956028000.0,0.4747340623631331,17673527000.0,2234656000.0,3361936000.0,2151750000.0,15438852000.0,83978000.0,-947064000.0,11244034000.0,21629345000.0,5.364032645223236,1.562419426048565,0.6403413421667333,5.06435442412613,0.01074091612289734,5.364032645223236,0.02105424727564332,5.583441006088932,59.74640268656081,5.0316621439720475,0.0,12.596037057324537,0.0,0.11394545072978358,1.1842272568839316,0.0026621171880406216,-10.369606557437523,0.4747340623631331,-0.7597113410486104,-0.34584771983525897,-0.4398528307638179,-0.5118310027095736,-0.19298627694785545,-0.772422099468893,-0.4406727769405078,1.0299411617266345,-0.12738826215837326,0.17776753796198805,Rental & Leasing Services,Industrials,HTZ
2011Q3,2011,Q3,2011-09-30,2011-09-30,206738000.0,2432266000.0,463809000.0,0.47,1184649000.0,0.4870556920994661,19089966000.0,2245100000.0,3250181000.0,2389196000.0,16824359000.0,94476000.0,-994113000.0,11244034000.0,23364497000.0,5.389102256361018,1.3603659975991924,0.6551217011072727,5.570465012694312,0.02259693486966674,5.389102256361018,0.09208409424969935,4.6228636177128655,13.596960887693601,5.008255311567413,0.0,13.205650112197807,0.0,0.12741070361256798,0.9969152802867576,0.010829668318948289,-7.431507274844648,0.4870556920994661,2.9166666666666665,3.5113957620757255,-0.3341720849140264,-0.14456427999326002,0.33860610381847417,2.75900941852431,0.7195497669866198,8.07151940506133,-0.22159018469214903,-0.39248391833587165,Rental & Leasing Services,Industrials,HTZ
2011Q2,2011,Q2,2011-06-30,2011-06-30,54998000.0,2072293000.0,269727000.0,0.12,884987000.0,0.4270568881910039,18307634000.0,2116901000.0,3033987000.0,2739191000.0,16175996000.0,99999000.0,-1187977000.0,11225141000.0,22171152000.0,5.0899278672757875,1.1076215568757344,0.638727702334447,5.52392058013105,0.012398781590718461,5.0899278672757875,0.025980430827894172,5.416773110752196,51.02522364449616,5.30262917349465,0.0,11.873178731787318,0.0,0.11319283529482838,0.8012409503389869,0.0030041020046610066,-3.679921648977585,0.4270568881910039,1.375,0.7115084227309603,-0.436910598488704,0.0,0.252922821651957,1.4147193002299892,6.460915025448108,-0.16733367923722678,-0.29334175192981005,-0.448054845339209,Rental & Leasing Services,Industrials,HTZ
2011Q1,2011,Q1,2011-03-31,2011-03-31,-132615000.0,1780003000.0,36152000.0,-0.32,706338000.0,0.39681843232848485,16827585000.0,2014543000.0,3394751000.0,2309949000.0,14792892000.0,97472000.0,-1242975000.0,11176559000.0,20560819000.0,4.864870804153586,1.4696216236808692,0.6388331421294262,5.336207268844596,0.002298508506377348,4.864870804153586,-0.06582882569396632,6.278955147828403,-21.06956038155563,5.547937671223696,0.0,11.015112032173342,0.0,0.10577887438987829,1.159122560714544,-0.007880809991451536,-6.02528108665275,0.39681843232848485,-3.5237670622127717,-0.4927509147305237,-0.4478306163300976,0.0,-0.11589058310782226,-3.5481514507167846,-0.8113290260628138,-0.788284815330312,-0.32076637648397094,-0.4508290454595697,Rental & Leasing Services,Industrials,HTZ
2010Q4,2010,Q4,2010-12-31,2010-12-31,-29158000.0,1835756000.0,191614000.0,-0.07073750606501698,798926000.0,0.43520271757248785,17332221000.0,2114821000.0,4378510000.0,2123995000.0,15200898000.0,87429000.0,-1110362000.0,11125278000.0,20057537000.0,5.130570111596312,2.06145023881883,0.6523358431674741,5.346281789333471,0.04520350702112957,5.130570111596312,-0.013787455297635118,6.06032501051338,-95.38786953837712,5.2606239487881,0.0,11.859108533781697,0.0,0.10591579694258456,1.7564650575919434,-0.0016823002660766903,-12.1015591857513,0.43520271757248785,-1.196493072402825,-1.4097297249450607,-0.4839305369378208,-0.533077922421561,-0.22345329936558325,-1.1861465781409601,-0.46639449947506634,-1.2816490421748525,-0.33058484649699993,-0.43385123185857993,Rental & Leasing Services,Industrials,HTZ
2010Q3,2010,Q3,2010-09-30,2010-09-30,156640000.0,2186304000.0,359093000.0,0.36,1028819000.0,0.4705745404115805,18126630000.0,2125775000.0,4314596000.0,2244490000.0,15983246000.0,87615000.0,-1081203000.0,11125278000.0,21688888000.0,5.157144590004852,1.9223057353786384,0.6645984388714284,5.667076713198716,0.02581938240177464,5.157144590004852,0.07368606743422987,5.088623540001756,17.75612551072523,5.233516247015794,0.0,13.21103692290133,0.0,0.12061282212965124,1.4071196574722988,0.008641429763833652,-10.89960174585213,0.4705745404115805,7.0,2.4546540960638263,-0.39511507972399623,-0.18138393267219363,0.27875244391578385,7.235420564467975,1.042111189463388,-0.2491522815946259,-0.3039047390616554,-0.41335459792931556,Rental & Leasing Services,Industrials,HTZ
2010Q2,2010,Q2,2010-06-30,2010-06-30,-25121000.0,1879586000.0,175844000.0,-0.06,804549000.0,0.4280458569067869,17855827000.0,1895771000.0,3433690000.0,2541079000.0,15942143000.0,88805000.0,-1237844000.0,11114482000.0,21911457000.0,4.603620689655172,1.3512724319078628,0.6549023464441047,6.1683731843139284,0.04241569019480908,4.603620689655172,-0.013251073046269829,5.913260686129818,-110.60947016440427,5.862776675030897,-0.1853031328370686,12.105590901413208,0.0004188229374972221,0.10526457273583575,0.9040073134286656,-0.0014068796701491339,-4.433764882626411,0.4280458569067869,0.8378378378378378,-1.7895354702403248,-0.4841885567111334,0.0,0.24180067881998304,0.832977627073568,7.384303628474705,-1.2339442615823932,-0.32680393269280744,-0.4391293242551311,Rental & Leasing Services,Industrials,HTZ
2010Q1,2010,Q1,2010-03-31,2010-03-31,-150405000.0,1660888000.0,20973000.0,-0.37,647889000.0,0.39008590585277275,16278365000.0,1922139000.0,2844909000.0,2253538000.0,14338330000.0,92933000.0,-1212723000.0,11084793000.0,20938917000.0,4.680153396639883,1.2624189163883635,0.6545419641346044,5.543237507797303,0.001551145990638486,4.680153396639883,-0.07824876348692784,6.674015948095236,-18.42490774907749,5.766904994904114,-0.01977992752900502,10.900315280901294,0.0002683857064358351,0.1020303943301431,0.9971529213175017,-0.009239564292851278,-5.642296174925137,0.39008590585277275,-3.8777788564217066,-0.7070156312783658,-0.4805156563857379,0.0,-0.0989465046903141,-3.8670032035724686,-0.7959209489242866,-0.8767073861893732,-0.3252150223444411,-0.39561700695271396,Rental & Leasing Services,Industrials,HTZ
2009Q4,2009,Q4,2009-12-31,2009-12-31,-30903000.0,1740722000.0,102769000.0,-0.07585419734904271,719035000.0,0.4130671066373608,16002419000.0,2080148000.0,3069673000.0,1791849000.0,13904978000.0,93415000.0,-1062318000.0,10995726000.0,20652279000.0,5.105910652920962,1.713131519452811,0.6650366422726464,5.116075875370407,0.0033104451423461396,5.105910652920962,-0.014856154465932232,6.316761665561761,-88.95354819920395,5.286030609360488,-0.10193185127657509,10.937076486645614,0.00028647494490131897,0.10877867902346514,1.2897147025223665,-0.001931145534934437,-5.797177048174286,0.4130671066373608,-1.5056946489936183,-1.4393669093618495,-0.5048810071133502,-0.5353221263650233,-0.22082770294066334,-1.4789083808579222,-0.5788000377063088,-1.4393669093618495,-0.5048810071133502,-0.5353221263650233,Rental & Leasing Services,Industrials,HTZ
2009Q3,2009,Q3,2009-09-30,2009-09-30,64528000.0,2041415000.0,243991000.0,0.15,922819000.0,0.45204870151341103,16156660000.0,2103737000.0,3010475000.0,1826568000.0,14035751000.0,99274000.0,-1031415000.0,10995726000.0,20417390000.0,5.1638119783996075,1.6481592801362994,0.6405024924705973,4.919046915084918,0.017837744504021057,5.1638119783996075,0.030673035650368843,5.386325661367238,42.600599739647905,5.226758858165255,0.059664021819985126,11.267763966396036,0.0003501360437682787,0.12635130033063766,1.2009643221604671,0.003993894777757284,-10.316904626303133,0.45204870151341103,13.999999999999998,0.43991568430339906,-0.42854705826917144,-0.18032558901480614,0.20486453386881764,15.708441222164682,0.6821049148230622,0.43991568430339906,-0.42854705826917144,-0.18032558901480614,Rental & Leasing Services,Industrials,HTZ
2009Q2,2009,Q2,2009-06-30,2009-06-30,3862000.0,1754484000.0,145051000.0,0.01,765911000.0,0.43654487587233626,15650038000.0,1776544000.0,2204171000.0,2227094000.0,13856915000.0,102582000.0,-1095943000.0,9276463000.0,18795428000.0,5.16887983706721,0.9897072148728343,0.64471753998297,5.679484437199417,0.0030782960260788894,5.16887983706721,0.0021738836752706377,5.287288456321061,600.4960512687726,5.221634251670659,1.3593992749870534,9.636905110058295,0.0005659484654873307,0.11210733162437049,0.7310014754653373,0.0002467725637471296,-4.001347087457162,0.43654487587233626,1.0196078431372548,-0.8545700677718553,-0.4231206497898851,0.0,0.25648576200116147,1.0236194949513482,4.087111054356617,-0.8545700677718553,-0.4231206497898851,0.0,Rental & Leasing Services,Industrials,HTZ
2009Q1,2009,Q1,2009-03-31,2009-03-31,-163509000.0,1564886000.0,-46986000.0,-0.51,609566000.0,0.389527416054588,14685866000.0,1290128000.0,2309218000.0,1939610000.0,13377785000.0,93118000.0,-1099805000.0,8727783290.0,18151079290.0,3.9896218275602946,1.1905578956594367,0.6795899540415253,7.735951006411767,-0.0031835501146015846,3.9896218275602946,-0.1267385871789466,5.577264599466031,-13.344499828755604,6.765052219624719,-0.017124439633292358,10.259240963079105,0.00032081456504633264,0.1065572843984822,0.8384381396260073,-0.0111337663029201,-15.254362125316787,0.389527416054588,0.8647903490528781,-1.3568965443547898,-0.3783607120954407,0.0,-0.07718695878598505,0.8657509772544589,0.03687608896177104,-1.3568965443547898,-0.3783607120954407,0.0,Rental & Leasing Services,Industrials,HTZ
2008Q4,2008,Q4,2008-12-31,2008-12-31,-1217953000.0,1788743000.0,-48785000.0,-3.771920099101889,660552000.0,0.36928278685087795,16451367000.0,1470618000.0,3619622000.0,2197570000.0,14963085000.0,96187000.0,-936296000.0,8715071000.0,19093102000.0,4.554406937132239,1.6471020263290816,0.6669535121306333,7.461010949138389,-0.003289493931262822,4.554406937132239,-0.8281912774085453,4.872176159459464,-1.7888767054229513,5.926128335162496,-0.009195757143338043,11.729142191772278,0.0012851300924570782,0.10872914086713888,1.1400546967787146,-0.07403354383863663,-9.731876969530484,0.36928278685087795,-76.43840198203777,-22.847925813206874,-0.35807972212053246,-0.5855132854695968,-0.38271014238134576,-69.95114356884058,-1.2026401159723694,-22.847925813206874,-0.35807972212053246,-0.5855132854695968,Rental & Leasing Services,Industrials,HTZ
2008Q3,2008,Q3,2008-09-30,2008-09-30,17664000.0,2421874000.0,240747000.0,0.05,1070084000.0,0.44184131792157644,19894959000.0,2864354000.0,3626046000.0,17006381000.0,17006381000.0,129658000.0,281657000.0,8715071000.0,20827710000.0,8.870715391762156,0.21321679197943408,0.6455996214920574,4.484144767022512,0.013653269114744647,8.870715391762156,0.006166835523821427,3.598482414857255,123.34509454257245,3.042595642856993,0.396286231884058,10.425812522173718,0.0008032063077856739,0.12173304805503746,0.15488774478238493,0.0008878631014017169,-3.62699066686976,0.44184131792157644,-0.6875,-0.5026857618186151,-0.14463062773348082,0.4080873672734751,0.07355157157619109,-0.6553164087653911,-0.19455131850999338,-0.5026857618186151,-0.14463062773348082,0.4080873672734751,Rental & Leasing Services,Industrials,HTZ
2008Q2,2008,Q2,2008-06-30,2008-06-30,51247000.0,2275277000.0,298898000.0,0.16,996770000.0,0.4380873185990101,20690915000.0,2975755000.0,3148489000.0,17689577000.0,17689577000.0,141929000.0,263993000.0,8709322130.0,20591742130.0,9.221800072516091,0.1779855448211113,0.6134969864793316,4.265745667906128,0.01167623141616498,9.221800072516091,0.01722151185161413,3.82780739663786,42.48698523816028,2.926760479273327,0.0,9.008074459765094,0.0,0.10996502571297596,0.13680485406745452,0.002476787517613407,-2.887657446773944,0.4380873185990101,1.8888888888888888,1.0554553247249319,-0.203165882448787,0.0,0.14884092430998894,1.8881013447941217,1.1291912723231776,1.0554553247249319,-0.203165882448787,0.0,Rental & Leasing Services,Industrials,HTZ
2008Q1,2008,Q1,2008-03-31,2008-03-31,-57704000.0,2039161000.0,140381000.0,-0.18,867631000.0,0.42548430457428327,19362920000.0,2854427000.0,2866929000.0,2778095000.0,16482631000.0,131300000.0,212746000.0,8696771780.0,19603044780.0,8.858572661084594,1.0319765882736192,0.6008981083431632,4.076174307487983,0.009176400136207014,8.858572661084594,-0.020215615953744832,4.26487745695411,-37.67837489602107,3.0467662266367292,0.0,8.922543792840823,0.0,0.10531268011229711,0.8118617253909604,-0.0029801290301256214,-4.850564871105559,0.42548430457428327,-1.716689496303085,0.1652610915589532,-0.18707000867887405,0.0,-0.12345187593387531,-1.7146625713684158,-0.5249036310533066,0.1652610915589532,-0.18707000867887405,0.0,Rental & Leasing Services,Industrials,HTZ
2007Q4,2007,Q4,2007-12-31,2007-12-31,80743000.0,2138823000.0,295479000.0,0.2511547900848246,989827000.0,0.46279051609226196,19255662000.0,2913389000.0,3518794000.0,2220992000.0,16321245000.0,118997000.0,270450000.0,8676934130.0,19906857130.0,9.062229576934682,1.5843343875169293,0.6211225560564991,4.105227966467917,0.02101936311056086,9.062229576934682,0.02771445900290006,4.056873397190885,26.8659020905837,2.9782957682616362,0.09536430402635522,9.655671991730884,0.0008874102170924284,0.11107501783111898,1.0901250432239287,0.004193208210655131,-8.675207763655033,0.46279051609226196,-0.4976904198303508,0.45475277239073075,-0.2290741248362457,-0.17526610697878436,-0.1975447061932812,-0.5037521434234544,-0.40340537397329973,0.45475277239073075,-0.2290741248362457,-0.17526610697878436,Rental & Leasing Services,Industrials,HTZ
2007Q3,2007,Q3,2007-09-30,2007-09-30,162707000.0,2449612000.0,495276000.0,0.5,1233498000.0,0.5035483170395965,20225201000.0,2826162000.0,3142116000.0,2148144000.0,17375596000.0,124104000.0,189707000.0,8676934130.0,21314632130.0,8.790906008641096,1.4627119969610975,0.6444910485685655,4.612248342451706,0.020593453839538096,8.790906008641096,0.057571717403319414,3.5421667308945253,13.332146327447497,3.07021824297404,0.013982188842520605,9.79915232385741,0.0002621893823227629,0.1211168185670936,1.0387245920199017,0.008044765537806028,-3.4686813434136528,0.5035483170395965,0.923076923076923,3.601004985938704,-0.1310314058730815,0.3954188755904916,0.22013749443592662,0.9445115028383627,0.4896728456145311,3.601004985938704,-0.1310314058730815,0.3954188755904916,Rental & Leasing Services,Industrials,HTZ
2007Q2,2007,Q2,2007-06-30,2007-06-30,83675000.0,2175664000.0,332473000.0,0.26,1010950000.0,0.46466274204105046,19852351000.0,2633870000.0,2567547000.0,2582232000.0,17198312000.0,129846000.0,26999000.0,8660848090.0,20711744090.0,8.207989628877096,0.9943130593997751,0.6272569933908584,4.72784381917103,0.013823992551365114,8.207989628877096,0.03176884204611465,3.980783838864825,25.87645082163131,3.288259515465835,0.0,8.969964419389122,0.0,0.10959225937522463,0.7022680378835054,0.004214866037780613,-3.0290628976130103,0.46466274204105046,2.3,2.3748870987470543,-0.23378720058165206,0.0,0.25240334585385676,2.337387718569191,1.391651200598501,2.3748870987470543,-0.23378720058165206,0.0,Rental & Leasing Services,Industrials,HTZ
2007Q1,2007,Q1,2007-03-31,2007-03-31,-62566000.0,1921532000.0,139014000.0,-0.2,807208000.0,0.4200856399997502,18526803000.0,2482820000.0,2576631000.0,2176553000.0,16025060000.0,114773000.0,-56675000.0,8653668750.0,19933699750.0,7.743688109161793,1.1838126615800304,0.6345894647878536,4.735306627141718,0.006300673929098024,7.743688109161793,-0.025199571455039028,4.503525702408287,-34.578160462551544,3.4854193014394923,0.0,9.708938513413434,0.0,0.1037163292555116,0.8803525574612702,-0.0033770532347108134,-3.78939906342998,0.4200856399997502,-2.158451146322477,0.09041993235587142,-0.23014832751740558,0.0,-0.10186679009570943,-2.5711021269115837,-0.4865159367185393,0.09041993235587142,-0.23014832751740558,0.0,Rental & Leasing Services,Industrials,HTZ
