Year,Date,FillingDate,NetIncome,Revenue,OperatingIncome,EPSDiluted,GrossProfit,GrossProfitRatio,TotalAssets,CommonStockEquity,CurrentAssets,CurrentLiability,TotalLiability,Inventory,RetainedEarnings,EnterpriseValue,bookValuePerShare,currentRatio,debtToAssets,debtToEquity,roic,shareholdersEquityPerShare,roe,priceToSalesRatio,peRatio,pbRatio,payoutRatio,inventoryTurnover,dividendYield,assetTurnover,quickRatio,returnOnAssets,priceToFreeCashFlowsRatio,grossProfitMargin,epsdilutedGrowth,fiveYNetIncomeGrowthPerShare,fiveYRevenueGrowthPerShare,fiveYShareholdersEquityGrowthPerShare,grossProfitGrowth,netIncomeGrowth,operatingIncomeGrowth,threeYNetIncomeGrowthPerShare,threeYRevenueGrowthPerShare,threeYShareholdersEquityGrowthPerShare,Industry,Sector,Price,MarketCap,AvgVolume,Symbol
2022,2022-12-31,2023-03-31,13527066.0,0.0,-1106786.0,0.94,0.0,0.0,148968685.0,140228438.0,226024.0,223997.0,8740247.0,-25000.0,-8514726.0,148253881.0,9.755021773913043,1.0090492283378796,0.0,0.0,-0.017192133648239953,9.755021773913043,0.0964644988771821,0.0,10.966901469986174,1.0579166545376482,0.15634816892295786,0.0,0.014256366700370745,0.0,0.5407170631749533,0.09080476208808583,95.56762077531205,0.0,0.18987341772151886,-0.18485735233039166,-1.0,-0.7693889547160665,1.0,0.1767196969407003,-0.34059356051521694,0.6186770444082772,-1.0,-0.5792079072811352,Shell Companies,Financial Services,11.16,59016647,18685,ROSE
2021,2021-12-31,2022-03-31,11495572.0,0.0,-825594.0,0.79,-550500.0,0.0,147785518.0,134018298.0,1052884.0,51264.0,13767220.0,0.0,-12607205.0,142933253.0,9.258604352331606,20.53846754057428,0.0,0.0,-0.013273928911478963,9.258604352331606,0.08577613782261286,0.0,12.49107047478803,1.0714357825973884,0.0,0.0,0.0,0.0,13.337761392009988,0.07778551075620278,-198.6437245283332,0.0,0.0,2.449421556063604,0.0,-0.7109277434049964,0.0,0.0,0.0,-0.8878455548441078,-1.0,-0.7541660848142406,Shell Companies,Financial Services,11.16,59016647,18685,ROSE
2019,2019-12-31,2020-04-14,8415000.0,302283000.0,52164000.0,0.5813471502590674,121242000.0,0.4010877224322903,872512000.0,335567000.0,50634000.0,69691000.0,496370000.0,0.0,11126000.0,495637220.0,23.18252158894646,0.7265500566787677,0.40745686019218075,1.0594337345448153,0.08127051746209063,23.18252158894646,0.025076959295759118,0.47345441192524884,17.00739393939394,0.4264937255451221,2.2721330956625074,0.0,0.13359678171501654,0.3464513955108927,0.5438435379030291,0.00964456649306829,-1.6885792156307518,0.4010877224322903,-0.6696891191709845,2.061007002894265,0.0,-0.27619503174995114,0.044190472909543456,-0.8550037907505686,-0.21865732003235375,2.061007002894265,0.0,-0.27619503174995114,Shell Companies,Financial Services,11.16,59016647,18685,ROSE
2018,2018-12-31,2019-03-29,58036000.0,301875000.0,66762000.0,1.76,116111000.0,0.3846327122153209,817066000.0,308678000.0,84685000.0,79164000.0,394618000.0,0.0,26661000.0,349176491.2,37.66203025866276,1.0697412965489363,0.3528454249717893,0.9339765062621891,0.09691252111990262,37.66203025866276,0.18801469492480838,0.26844055055900623,1.396296974291819,0.2625243496459093,0.18464401406023848,0.0,0.1322383543471382,0.36946219766824223,0.6631170734172098,0.07102975769399289,-0.3699760817060755,0.3846327122153209,0.5245810869881976,13.923442793987707,0.0,0.17588436232068308,3.41688222763238,7.456360192335714,12.460080645161291,13.923442793987707,0.0,0.17588436232068308,Shell Companies,Financial Services,11.16,59016647,18685,ROSE
2017,2017-12-31,2018-04-17,6863000.0,76236000.0,4960000.0,1.1544154751892346,26288000.0,0.3448239676793116,476982000.0,251478000.0,43543000.0,103400000.0,213450000.0,0.0,0.0,131301404.0,42.30075693860387,0.42111218568665376,0.19539311755999178,0.3706049833385028,0.016761075849598916,42.30075693860387,0.02729065763207915,0.7710189936512933,8.564680751857788,0.23373577012700913,0.005536937199475448,0.0,0.0006464849490477991,0.1598299306892084,0.36969052224371374,0.01438838362873232,-0.49333515741059364,0.3448239676793116,3.09893722761679,3.1069044595461732,0.0,0.320714742588562,0.0,5.766766683336112,4.030732606283393,3.1069044595461732,0.0,0.320714742588562,Shell Companies,Financial Services,11.16,59016647,18685,ROSE
2016,2016-12-31,2017-02-27,-1439760.0,0.0,-1636568.0,-0.55,0.0,0.0,85577017.0,84161200.0,252880.0,1094487.0,1415817.0,0.0,-1449472.0,26026953.470399998,32.02868535842617,0.23104888408907553,0.0032134796191832676,0.0032675389609463745,-0.019382302851146782,32.02868535842617,-0.017107170525135097,0.0,-18.044964070678446,0.30869827747703216,0.0,0.0,0.0,0.0,0.2087407159701303,-0.016824143332782912,-43.61603975140264,0.0,0.0,0.0,0.0,0.0,0.0,0.0,0.0,0.0,0.0,0.0,Shell Companies,Financial Services,11.16,59016647,18685,ROSE
TTM,,,,,,,,,,,,,,,,58970712.0,0.06498663354037267,0.24737018133170469,0.0,0.0,-4.118219204588514,0.06498663354037267,0.09174655306884062,0.0,5.8675805457002745,171.7276213895108,0.26280438555763475,0.0,0.0,0.0,0.2062993499978188,3.2240999926214404,28.270946574839154,0.0,,,,,,,,,,,Shell Companies,Financial Services,11.16,59016647,18685,ROSE
