Quarters,Year,Quarter,FillingDate,Date,NetIncome,Revenue,OperatingIncome,EPSDiluted,GrossProfit,GrossProfitRatio,TotalAssets,CommonStockEquity,CurrentAssets,CurrentLiability,TotalLiability,Inventory,RetainedEarnings,MarketCap,EnterpriseValue,bookValuePerShare,currentRatio,debtToAssets,debtToEquity,roic,shareholdersEquityPerShare,roe,priceToSalesRatio,peRatio,pbRatio,payoutRatio,inventoryTurnover,dividendYield,assetTurnover,quickRatio,returnOnAssets,priceToFreeCashFlowsRatio,grossProfitMargin,epsdilutedGrowth,fiveYNetIncomeGrowthPerShare,fiveYRevenueGrowthPerShare,fiveYShareholdersEquityGrowthPerShare,grossProfitGrowth,netIncomeGrowth,operatingIncomeGrowth,threeYNetIncomeGrowthPerShare,threeYRevenueGrowthPerShare,threeYShareholdersEquityGrowthPerShare,Industry,Sector,Symbol
2023Q1,2023,Q1,2023-05-10,2023-03-31,-4261000.0,7044000.0,-3205000.0,-0.16,4322000.0,0.6135718342,93267000.0,27667000.0,49450000.0,13938000.0,33959000.0,128000.0,-125450000.0,30971370.319999997,50865370.31999999,1.0541044733470482,3.547854785478548,0.24197197293790945,0.8157010156504139,-0.06212634247486656,1.0541044733470482,-0.15401019264828134,4.396844168086314,-1.817142121567707,1.119433632847797,0.0,21.265625,0.0,0.07552510534272572,3.46283541397618,-0.04568604115067494,-3.6330053161290317,0.6135718341851221,-2.155818540433925,0.6958329366438839,-0.42761145767164355,-0.20941819257163338,-0.6839488117001828,-2.3498427672955975,-12.206293706293707,-1.0382051527430023,1.540957349550544,-0.7906154071673325,Biotechnology,Healthcare,ORGS
2022Q4,2022,Q4,2023-03-22,2022-12-31,-1272000.0,13624000.0,286000.0,-0.0507,13675000.0,1.003743394,90928000.0,27561000.0,46318000.0,15910000.0,31654000.0,120000.0,-121261000.0,48937753.8,63898753.8,1.0982103964076912,2.9112507856693903,0.2229456273095196,0.7355320924494757,0.0065804449042938425,1.0982103964076912,-0.046152171546750845,3.592025381679389,-9.618269221698112,1.7756160444105802,0.0,-0.425,0.0,0.14983283477036777,2.8372093023255816,-0.013989090269224002,-3.0197305812661974,1.0037433940105696,0.08483754512635372,0.8543630862529837,0.34317838990610305,-0.4439053802150666,2.9752906976744184,0.09659090909090909,2.0141843971631204,0.8512842051922037,0.0634202080034492,2.565289823399264,Biotechnology,Healthcare,ORGS
2022Q3,2022,Q3,2022-11-10,2022-09-30,-1408000.0,7988000.0,-282000.0,-0.0554,3440000.0,0.430645969,70690000.0,30212000.0,31856000.0,34168000.0,40440000.0,95000.0,-117164000.0,36073547.94,61757547.94,1.1892658873298505,0.9323343479278857,0.4059838732493988,0.9499205613663445,-0.004788152332936347,1.1892658873298505,-0.046603998411227324,4.515967443665498,-6.405104392755682,1.194013899774924,0.0,47.873684210526314,0.0,0.11300042438817372,0.8607468976820417,-0.019917951619748197,-4.7615559582893345,0.43064596895343016,0.7481818181818182,0.7082877895180685,0.2615751546878449,0.0865320663993671,3.2207876049063913,0.7436270939548434,0.9404057480980558,0.804710194423478,-0.4474285330685136,0.8213424117955742,Biotechnology,Healthcare,ORGS
2022Q2,2022,Q2,2022-08-15,2022-06-30,-5492000.0,7201000.0,-4732000.0,-0.22,-1549000.0,-0.2151090126,62799000.0,31753000.0,25458000.0,16245000.0,30956000.0,107000.0,-115808000.0,60066229.519999996,78071229.52,1.2792922181741764,1.567128347183749,0.3233809455564579,0.6395616162252385,-0.08970253901305346,1.2792922181741764,-0.17296003527225773,8.341373353700874,-2.7342602658412236,1.8916710080937236,0.0,81.77570093457943,0.0,0.11466743101004793,1.4835949522930132,-0.08745362187295976,-6.089439326845093,-0.21510901263713372,-0.375,-2.787402392654609,0.2079960524822056,0.23668770308649767,-1.2383810403200985,-0.37403052289216915,-0.4622991347342398,0.319249906315786,-0.4015290775249602,0.2702771574488845,Biotechnology,Healthcare,ORGS
2022Q1,2022,Q1,2022-05-23,2022-03-31,-3997000.0,7212000.0,-3236000.0,-0.16,6498000.0,0.9009983361,58538000.0,34702000.0,24010000.0,15253000.0,23681000.0,113000.0,-110381000.0,85365310.38000001,96109310.38000001,1.4105957029146106,1.5741165672326756,0.20272301752707642,0.3419687626073425,-0.06809319048721593,1.4105957029146106,-0.11518068122874763,11.836565499168055,-5.339336401050788,2.459953615929918,0.0,6.31858407079646,0.0,0.12320202261778673,1.4403068248869075,-0.06828043322286378,-23.109179853817004,0.9009983361064892,-1.125984251968504,0.6879712896097798,0.19842535485876328,-0.2196115724747723,1.6529340836012862,-1.1294197642792385,-1.1039411556868917,0.695588353816485,-0.3747499036617632,0.057951397189223396,Biotechnology,Healthcare,ORGS
2021Q4,2021,Q4,2022-03-30,2021-12-31,30884000.0,6892000.0,31133000.0,1.27,-9952000.0,-1.4439930354,59841000.0,38631000.0,25758000.0,15365000.0,5845000.0,118000.0,-106372000.0,69912794.88,64480794.879999995,1.5913722257987921,1.6764074194598113,0.0006851489781253655,0.0010613238073050142,0.8039334294476647,1.5913722257987921,0.7994615723123916,10.14405033081834,0.5659305374951431,1.809758869301856,0.0,142.74576271186442,0.0,0.11517187212780534,1.5686950862349496,0.5161010009859461,-10.030530111908178,-1.4439930354033663,4.023809523809524,17.0157849332856,-0.09405327924623649,0.21422016330977908,-7.412371134020619,4.040062998326607,3.066483803552769,4.732920776349286,-0.44385147886117193,4.166317146914357,Biotechnology,Healthcare,ORGS
2021Q3,2021,Q3,2021-11-04,2021-09-30,-10159000.0,8676000.0,7656000.0,-0.42,1552000.0,0.1788842784693407,65204000.0,43116000.0,36341000.0,13566000.0,21943000.0,133000.0,-101356000.0,120162616.2,118110616.2,1.7761281066382109,2.6788294265074453,0.19730384638979204,0.2983811114203544,0.13476608161924386,1.7761281066382109,-0.2356201874014287,13.850001867219918,-2.957048336450438,2.7869611327581407,0.0,53.56390977443609,0.0,0.13305932151401753,2.510246203744656,-0.15580332494938962,-11.811915482158655,0.1788842784693407,-2.8181818181818183,-0.46656943805693374,0.7910006898680211,0.1895218413527674,-0.4860927152317881,-2.8206092515983454,4.301423027166882,-0.18493637186361986,-0.17646222227412325,-0.1393389803923251,Biotechnology,Healthcare,ORGS
2021Q2,2021,Q2,2021-08-05,2021-06-30,-2659000.0,10545000.0,-2319000.0,-0.11,3020000.0,0.28639165481270745,75558000.0,51363000.0,47848000.0,18156000.0,24058000.0,173000.0,-91197000.0,123534332.22000001,107820332.22000001,2.108000305018365,2.6353822427847544,0.16830779004208687,0.24759067811459612,-0.035446791599156244,2.108000305018365,-0.05176878297607227,11.714967493598863,-11.614736011658518,2.405122991647684,0.0,43.49710982658959,0.0,0.13956166124037164,2.5223066754791805,-0.035191508510018794,-9.873268240089516,0.28639165481270745,-10.0,0.7486204516552374,2.4275562682489666,0.21715886021619615,-0.2873997168475696,-11.141552511415526,-29.62962962962963,0.45142963821765375,0.426329728395823,0.07357756908560183,Biotechnology,Healthcare,ORGS
2021Q1,2021,Q1,2021-05-06,2021-03-31,-219000.0,9389000.0,81000.0,-0.01,4238000.0,0.4513792736180637,82110000.0,54549000.0,54713000.0,18930000.0,27358000.0,200000.0,-88538000.0,138625609.23000002,109637609.23000002,2.2547476742295722,2.8902799788695193,0.15653391791499208,0.2356230178371739,0.0011624486552560857,2.2547476742295722,-0.004014739041962273,14.764683057833636,-158.2484123630137,2.541304317769345,0.0,25.755,0.0,0.11434660820850079,2.8189646064447964,-0.0026671538180489587,-27.304630535749464,0.4513792736180637,0.9957191215221267,0.990659696686488,0.9457609056166905,2.663377513180023,0.0,0.9957568007440131,1.0015303230682033,0.9830396686254362,-0.17228563695034385,0.691068140454081,Biotechnology,Healthcare,ORGS
2020Q4,2020,Q4,2021-03-09,2020-12-31,-51612000.0,2296000.0,-52930000.0,-2.3359691361684622,0.0,0.0,77684000.0,52579000.0,50077000.0,16285000.0,24956000.0,185000.0,-88319000.0,99425115.0,67409115.0,2.3797357438309223,3.0750383788762665,0.16614746923433396,0.24547823275452177,-0.7659524975396309,2.3797357438309223,-0.9816086270183914,43.303621515679446,-0.4815988287607533,1.8909662602940338,0.0,0.0,0.0,0.02955563565212914,2.9583665950260976,-0.664383914319551,-2.1870900791904972,0.0,-20.236083056076932,-6.526153752050914,-0.4910795237861407,1.0889359954119147,1.0,-20.26576019777503,-4.663385405521079,-5.712137993680309,-0.7428853771901113,0.20501339996693957,Biotechnology,Healthcare,ORGS
2020Q3,2020,Q3,2020-11-05,2020-09-30,-2427000.0,1729000.0,-9346000.0,-0.11,-5222000.0,-3.020242914979757,110752000.0,86660000.0,94983000.0,12355000.0,23944000.0,153000.0,-36707000.0,111356128.8,34550128.8,3.922248417816766,7.687818696883853,0.10791678705576423,0.1379183014078006,-0.09359520603394923,3.922248417816766,-0.028006000461573966,64.40493279352226,-11.47055302843016,1.2849772536348951,0.0,45.431372549019606,0.0,0.015611456226524127,7.53055443140429,-0.021913825483964172,-10.80812664272542,-3.020242914979757,0.8842105263157894,0.6836301581915437,-0.6110742339833012,4.062191516026858,-4.46746347941567,0.8810643928256395,0.6509039294785597,0.42185249512674766,-0.6860308404050594,2.5834279985196473,Biotechnology,Healthcare,ORGS
2020Q2,2020,Q2,2020-08-06,2020-06-30,-20406000.0,1749000.0,-26772000.0,-0.95,1506000.0,0.8610634648370498,119196000.0,88234000.0,104312000.0,19758000.0,30807000.0,176000.0,-34280000.0,130812744.32000001,44676744.32000001,4.100997366798459,5.279481728919931,0.09522970569482198,0.12864655348278442,-0.26708799098981306,4.100997366798459,-0.2312713919804157,74.7928783990852,-1.6026259962756053,1.4825661799306389,0.0,1.3806818181818181,0.0,0.014673311184939091,5.144397206194959,-0.17119702003422935,-13.89260241291419,0.8610634648370498,-1.2245862884160756,-3.0198923985032193,-0.539377990463606,4.776883139620983,-0.11826697892271663,-1.2700813976573357,-2.9762364473488785,-15.234440682413217,-0.6615215361147543,2.96442106178688,Biotechnology,Healthcare,ORGS
2020Q1,2020,Q1,2020-05-08,2020-03-31,75555000.0,1878000.0,-6733000.0,4.23,1708000.0,0.9094781682641108,127209000.0,89514000.0,112930000.0,25910000.0,37546000.0,126000.0,-13874000.0,67567154.0,-28339846.0,5.034298173932263,4.358548822848321,0.08774536392865284,0.12469557834528677,-0.06591492412650234,5.034298173932263,0.8440579127287352,35.97825026624068,0.2235694328634769,0.7548221954107737,0.0,1.3492063492063493,0.0,0.014763106383982266,4.250868390582786,0.5939438247293823,-4.694771678710395,0.9094781682641108,13.411371435643563,161.29986154752058,-0.40284172128960766,1.593464484365525,-0.7367447595561035,13.467821782178218,-0.01217678893565845,9.160627171091724,-0.568231676042215,1.7851410772984224,Biotechnology,Healthcare,ORGS
2019Q4,2019,Q4,2020-03-09,2019-12-31,-6060000.0,9077000.0,-6652000.0,-0.34081648606954795,6488000.0,0.7147736036135287,92495000.0,5477000.0,25979000.0,31579000.0,86417000.0,2043000.0,-89429000.0,82858667.8,86022667.8,0.3080283653800188,0.8226669622217296,0.15732742310395156,2.656928975716633,-0.21714633152196955,0.3080283653800188,-1.1064451341975534,9.128419940508978,-3.4182618729372938,15.128476866897937,0.0,1.2672540381791484,0.0,0.09813503432617979,0.6984388359352734,-0.06551705497594465,-9.509774796281418,0.7147736036135287,-0.20087561698450185,-2.056012456537034,2.6037858989914135,1.4110496957741454,1.3532825535001813,-0.3321609144867004,-0.5032768361581921,-3.2904165110486714,0.6289654405601078,-0.7649737465236748,Biotechnology,Healthcare,ORGS
2019Q3,2019,Q3,2019-11-07,2019-09-30,-4549000.0,9121000.0,-4425000.0,-0.2838066501219888,2757000.0,0.3022694879947374,79599000.0,10466000.0,20773000.0,24363000.0,68502000.0,1859000.0,-83224000.0,71647475.46,72380475.46,0.6529611783197923,0.8526454049172926,0.13551677784896796,1.0306707433594497,-0.14531943952125773,0.6529611783197923,-0.43464551882285496,7.85522151737748,-3.9375398692020225,6.845736237339957,0.0,3.4233458848843465,0.0,0.11458686666917926,0.7120223289414276,-0.057148959157778366,-12.645159805859512,0.3022694879947374,0.21164819410558663,0.6280869130339741,0.0,1.7291360816404473,-0.02303330970942594,0.12536050759469333,0.15778454510848877,0.005422994741940624,1.8516056900221463,-0.5626939406769691,Biotechnology,Healthcare,ORGS
2019Q2,2019,Q2,2019-08-08,2019-06-30,-5201000.0,7757000.0,-5254000.0,-0.36,2822000.0,0.3638004383137811,84555000.0,16115000.0,27092000.0,23064000.0,67801000.0,2221000.0,-78675000.0,68006115.75,62671115.75,1.007096924220378,1.174644467568505,0.12744367571403228,0.6686937635743097,-0.15583912532050798,1.007096924220378,-0.32274278622401487,8.767064038932578,-3.2688961617958086,4.22005062053987,0.0,2.2219720846465556,0.0,0.09173910472473538,1.0080211585154353,-0.061510259594346875,-12.544939263973436,0.3638004383137811,0.3454545454545455,0.18545578225755788,0.0,3.857192170931635,-0.045654379438620225,0.37420286367464806,0.36492203553728997,0.2512805238841422,2.839303747561783,-0.41850248242699706,Biotechnology,Healthcare,ORGS
2019Q1,2019,Q1,2019-05-08,2019-03-31,-8311000.0,7301000.0,-8273000.0,-0.55,2957000.0,0.4050130119161759,84770000.0,20762000.0,23932000.0,21752000.0,63369000.0,1992000.0,-73474000.0,80972153.60000001,70376153.60000001,1.3333275107555,1.1002206693637366,0.04441429751091188,0.18134091128022348,-0.21578892892782356,1.3333275107555,-0.4002986224833831,11.090556581290235,-2.435692263265552,3.9000170311145363,0.0,2.180722891566265,0.0,0.0861271676300578,0.9448786318499448,-0.09804176005662381,-14.592206451612904,0.4050130119161759,-0.5803615892714172,-2.1370861956110208,0.0,2.709267167203496,0.3453139217470428,-0.6635308246597278,-0.03373734849431463,0.44928532896945,1.3507637326089996,1.1663098165851216,Biotechnology,Healthcare,ORGS
2018Q4,2018,Q4,2019-02-13,2018-11-30,-4996000.0,5802000.0,-8003000.0,-0.34802161969373263,2198000.0,0.3788348845225784,75447000.0,28350000.0,30297000.0,17145000.0,46798000.0,1736000.0,-62411000.0,86276134.3,73937134.3,1.9748624736423779,1.7671041119860018,0.0493724071202301,0.13139329805996472,-0.2376621230521972,1.9748624736423779,-0.1762257495590829,14.87006795932437,-4.317260523418734,3.0432498871252203,0.0,2.076036866359447,0.0,0.07690166607022147,1.58973461650627,-0.06621867005977707,-19.90222244521338,0.3788348845225784,0.005652515160763848,0.11933655000813123,0.0,5.213425128609648,-0.2285012285012285,0.014595660749506903,-11.407751937984496,-2.1206190087624126,1.8531867241947297,3.635363200999325,Biotechnology,Healthcare,ORGS
2018Q3,2018,Q3,2018-10-12,2018-08-31,-5070000.0,6230000.0,-645000.0,-0.35,2849000.0,0.45730337078651684,69296000.0,29625000.0,24654000.0,14953000.0,39332000.0,1659000.0,-57415000.0,91013426.2,77091426.2,2.0636790399172997,1.6487661338861768,0.04068055876241053,0.09515611814345992,-0.044282393218197665,2.0636790399172997,-0.17113924050632912,14.608896661316212,-4.487841528599605,3.072183162869198,0.0,2.037974683544304,0.0,0.08990417917340106,1.4152344011235203,-0.07316439621334565,-12.359237669744704,0.45730337078651684,-0.7499999999999998,-0.6057028669658018,0.0,7.733719726267215,0.58984375,-0.9395562356541699,0.766642547033285,-0.01718662911978784,1.1568858014738674,2.6111627247095055,Biotechnology,Healthcare,ORGS
2018Q2,2018,Q2,2018-07-17,2018-05-31,-2614000.0,3987000.0,-2764000.0,-0.2,1792000.0,0.4494607474291447,47033000.0,25801000.0,13738000.0,12972000.0,21232000.0,1229000.0,-52345000.0,113267825.77999999,111600825.77999999,1.9635286407984585,1.0590502621029911,0.060276826908766186,0.10987946203635518,-0.08681007149776848,1.9635286407984585,-0.1013139025619162,28.40928662653624,-10.832806597169087,4.390055648230688,0.0,1.7860048820179006,0.0,0.0847702676843918,0.6110083256244219,-0.05557799842663662,-16.427530932559822,0.4494607474291447,0.6153846153846154,0.4671723080606043,0.0,9.457331657409378,0.8064516129032258,0.5341293887007663,0.14638665843113033,0.1568413330885796,0.7192866505096951,2.8083450327557986,Biotechnology,Healthcare,ORGS
2018Q1,2018,Q1,2018-04-16,2018-02-28,-5611000.0,2636000.0,-3238000.0,-0.52,992000.0,0.37632776934749623,42411000.0,19478000.0,8569000.0,16164000.0,22933000.0,881000.0,-49731000.0,85129428.3,85429428.3,1.8075558954505513,0.5301286810195496,0.10669401806135201,0.2323133791970428,-0.1258038868644456,1.8075558954505513,-0.2880685902043331,32.294927276176026,-3.792970428622349,4.370542576239861,0.0,1.866061293984109,0.0,0.06215368654358539,0.4193887651571393,-0.13230058239607648,-32.19721191376702,0.37632776934749623,-5.546093504672898,-0.6186786025969775,0.0,29.744887284190213,-0.3251700680272109,-5.554906542056075,-0.5810546875,-2.06050546384421,0.0,3.317207077822982,Biotechnology,Healthcare,ORGS
2017Q4,2017,Q4,2018-02-28,2017-11-30,-856000.0,3377000.0,-2048000.0,-0.07943668993252243,1470000.0,0.4352976014213799,39872000.0,14123000.0,7295000.0,16914000.0,25749000.0,725000.0,-44120000.0,48491446.5,52663446.5,1.3106125840152036,0.4312995151945134,0.19289225521669343,0.5445726828577497,-0.03022386987968607,1.3106125840152036,-0.06061035190823479,14.359326769321884,-14.162221524532711,3.43350892161722,0.0,2.6303448275862067,0.0,0.08469602728731943,0.33871349178195576,-0.021468699839486356,-66.15477012278308,0.4352976014213799,0.6690151710512772,0.764468141275075,0.0,20.31131276432548,1.1151079136690647,0.561699948796723,0.39976553341148885,-1.7476734197503452,0.0,3.0431898260123407,Biotechnology,Healthcare,ORGS
2017Q3,2017,Q3,2017-10-16,2017-08-31,-1953000.0,2562000.0,-3412000.0,-0.240001,695000.0,0.27127244340359097,37422000.0,11251000.0,5674000.0,17571000.0,26171000.0,965000.0,-41345000.0,39471709.44,46715709.44,1.0945520377239584,0.32291844516532925,0.21393832504943616,0.7115811927828637,-0.2258727659441191,1.0945520377239584,-0.1735845702604213,15.406600093676815,-5.0527021812596,3.508284547151364,0.0,1.9347150259067358,0.0,0.06846240179573512,0.1730692618519151,-0.05218855218855219,-21.52219707742639,0.27127244340359097,-3.0000166666666668,0.5880893700544619,0.0,27.442884530283084,-0.405982905982906,-2.493738819320215,-0.46815834767641995,0.751018874647148,0.0,2.22224323656,Biotechnology,Healthcare,ORGS
2017Q2,2017,Q2,2017-07-24,2017-05-31,-559000.0,2298000.0,-2324000.0,-0.06,1170000.0,0.5091383812010444,36267000.0,9898000.0,6110000.0,16147000.0,26369000.0,904000.0,-39392000.0,67744024.2,74747024.2,1.0344505043442636,0.3783984641109804,0.2112388672898227,0.7739947464134168,-0.07376446888050468,1.0344505043442636,-0.05647605576884219,29.479557963446478,-30.296969677996422,6.844213396645787,0.0,1.247787610619469,0.0,0.06336338820415253,0.2324270762370719,-0.015413461273333885,-28.38040393799749,0.5091383812010444,0.9375002604155817,0.7297702090319695,0.0,68.91508103589665,23.07547169811321,0.937881986887432,0.3255948926291352,0.8535933088035439,0.0,3.9347958584192306,Biotechnology,Healthcare,ORGS
2017Q1,2017,Q1,2017-04-19,2017-02-28,-8999000.0,1852000.0,-3446000.0,-0.960004,-53000.0,-0.028617710583153346,36272000.0,5715000.0,7428000.0,18123000.0,30557000.0,614000.0,-38833000.0,89139705.6,95727705.6,0.615483298163372,0.4098659162390333,0.2883767093074548,1.8302712160979877,-0.22600381415617848,0.615483298163372,-1.5746281714785653,48.13159049676025,-2.4763780864540506,15.597498792650917,0.0,3.1026058631921822,0.0,0.05105866784296427,0.30331622799757213,-0.24809770621967359,610.5459287671232,-0.028617710583153346,-2.092993650778626,-5.605778048193262,0.0,17.456247427301452,0.8913934426229508,-2.1224843858431646,-1.1762930372947256,-4.930530135732554,0.0,2.5722423866909336,Biotechnology,Healthcare,ORGS
2016Q4,2016,Q4,2017-02-28,2016-11-30,-2882000.0,1896000.0,19547000.0,-0.31038020390320875,-488000.0,-0.25738396624472576,33487000.0,10578000.0,4205000.0,14576000.0,22909000.0,400000.0,-29834000.0,43455606.48,52405606.48,1.1392095062068501,0.28848792535675083,0.29387523516588526,0.9303270939686141,0.8854054100610187,1.1392095062068501,-0.272452259406315,22.919623670886075,-3.7695703053435112,4.10811178672717,0.0,5.96,0.0,0.05661898647236241,0.20760153677277718,-0.08606324842476185,-44.252145091649695,-0.25738396624472576,-0.2932454610739487,-28.174806763033057,0.0,81.19674997815923,-25.4,-0.09001512859304085,9.004504504504505,0.21458758390031715,0.0,3.4305358090834557,Biotechnology,Healthcare,ORGS
2016Q3,2016,Q3,2016-10-14,2016-08-31,-2644000.0,1849000.0,-2442000.0,-0.240001,20000.0,0.01081665765278529,36555000.0,13835000.0,5292000.0,14924000.0,22720000.0,391000.0,-26952000.0,47810908.800000004,56427908.800000004,1.4931445938128665,0.3545966228893058,0.24311311722062645,0.6423563426093242,-0.09421698831476383,1.4931445938128665,-0.19110950487893025,25.85771162790698,-4.520698638426626,3.4557939139862666,0.0,4.67774936061381,0.0,0.05058131582546847,0.2365317609220048,-0.07232936670770072,-35.363098224852074,0.01081665765278529,0.5,-698.9059533444149,0.0,483.558695261474,1.0240384615384615,0.32065775950668035,0.3853511200604077,-0.2973512744096927,0.0,5.8720837935776435,Biotechnology,Healthcare,ORGS
2016Q2,2016,Q2,2016-05-31,2016-05-31,-3892000.0,1132000.0,-3973000.0,-0.480002,-832000.0,-0.734982332155477,36746000.0,15527000.0,5147000.0,14408000.0,21219000.0,413000.0,-24307000.0,37654201.2,45001201.2,1.7319023620663077,0.3572320932815103,0.212839492733903,0.5037032266374702,-0.1463279075663645,1.7319023620663077,-0.25066014040059253,33.26342862190813,-2.4186922661870507,2.4250789721130936,0.0,4.75544794188862,0.0,0.030806074130517606,0.2510410882842865,-0.10591629020845807,-31.93740559796438,-0.734982332155477,-41.000166666666665,-1284.7405515995158,0.0,645.663800181089,-21.8,-18.297777777777778,-1.14177897574124,-0.16275759766252518,0.0,8.45966846110746,Biotechnology,Healthcare,ORGS
2016Q1,2016,Q1,2016-04-14,2016-02-29,225000.0,1520000.0,-1855000.0,0.012,40000.0,0.02631578947368421,36200000.0,16682000.0,5055000.0,12412000.0,19518000.0,418000.0,-20415000.0,34042093.300799996,40654093.300799996,1.9411479140281624,0.4072671608121173,0.20842541436464088,0.45228389881309194,0.20756240796761155,1.9411479140281624,0.013487591415897374,22.39611401368421,37.824548112,2.0406482017024334,0.0,3.54066985645933,0.0,0.041988950276243095,0.29519819529487595,0.006215469613259668,-20.0838308559292,0.02631578947368421,1.1076008672625097,33.309218065478944,0.0,827.4145585176498,1.109915172965264,1.2347618679949668,0.19243474611541522,1.0813890564025528,0.0,31.869351332990046,Biotechnology,Healthcare,ORGS
2015Q4,2015,Q4,2016-02-29,2015-11-30,-958418.0,1217365.0,-2297028.0,-0.11152326468451285,-363917.0,-0.2989382806307065,38748000.0,-6440000.0,8206000.0,16476000.0,45188000.0,301000.0,-20640000.0,34031780.64,40142780.64,-0.7493701334577009,0.4980577810148094,0.2652782079075049,-1.5961180124223602,-0.3276240378340716,-0.7493701334577009,0.14882267080745343,27.955280988035636,-8.877071549157048,-5.28443798757764,0.0,5.253428571428572,0.0,0.031417492515742745,0.41193250789026464,-0.024734644368741614,-29.730959500566982,-0.2989382806307065,0.7676608333204594,-31.538804176352887,0.0,-486.0656101632686,0.06573920990747682,0.4067565593517031,-0.12361634717120681,0.669330609765741,0.0,-10.04164663146414,Biotechnology,Healthcare,ORGS
2015Q3,2015,Q3,2015-10-15,2015-08-31,-1615556.0,936215.0,-2044317.0,-0.480002,-389524.0,-0.41606254973483653,35550517.0,-5959827.0,2999390.0,10393480.0,41510344.0,264748.0,-19681658.0,22334289.599999998,32195878.599999998,-1.280863197905341,0.28858380446202814,0.28483183521634864,-1.6990290154395422,-0.4640402486775292,-1.280863197905341,0.27107431138521304,23.855940782833002,-3.4561305210094853,-3.7474728041602545,0.0,5.007550576397177,0.0,0.026334778760038847,0.22468316675454228,-0.04544395233408279,-17.410469532463157,-0.41606254973483653,-0.33333518518004107,-421.56621036157065,0.0,-679.1171395854776,-1.553267916019376,-0.4729481098960812,-0.0046045425261689865,0.2472572557090775,0.0,-34.28434170463681,Biotechnology,Healthcare,ORGS
2015Q2,2015,Q2,2015-07-15,2015-05-31,-1096818.0,820420.0,-2034947.0,-0.360001,-152559.0,-0.1859523171058726,34583806.0,-5047700.0,2510549.0,8218211.0,39631506.0,259091.0,-18066104.0,29677715.76,38764036.760000005,-1.085815264914445,0.3054860723337476,0.2680835648916143,-1.8367474295223567,-0.47520104544828334,-1.085815264914445,0.21729064722546904,36.17380824455767,-6.764503263075552,-5.879453168769935,0.0,3.755356226190798,0.0,0.023722663723015333,0.1975667210296742,-0.03171478581622855,-48.39683856911757,-0.1859523171058726,-0.4999979166753473,-322.668907596865,0.0,-401.57088960169165,0.0,-0.3880082509712608,-1.4379148157199884,-0.09133008478657183,0.0,-70.28734666084756,Biotechnology,Healthcare,ORGS
2015Q1,2015,Q1,2015-04-14,2015-02-28,-790210.0,0.0,-834708.0,-0.240001,0.0,0.0,1226577.0,-3623055.0,1201900.0,4437754.0,4849632.0,0.0,-16969286.0,33441098.400000002,35444446.400000006,-0.7800579899612389,0.27083520177098597,2.0573294623982026,-0.6965041932843967,0.7591139178342315,-0.7800579899612389,0.2181059906625762,0.0,-10.579813720403436,-9.23008301005643,0.0,0.0,0.0,0.0,0.1172045588827141,-0.6442400273280846,-51.661004946564134,0.0,-3.25893561987452,-409.69441975328385,0.0,-227.79615543730415,0.0,-2.6013463946857533,-0.37179651523966356,-0.1596426294569872,0.0,-24.391281799732248,Biotechnology,Healthcare,ORGS
2014Q4,2014,Q4,2014-11-30,2014-11-30,493466.0,0.0,-608478.0,0.10624517046365917,0.0,0.0,2248952.0,-2979296.0,2229526.0,4663320.0,5228248.0,0.0,-16179076.0,33112260.9324,34249660.9324,-0.641454145537277,0.4780984363071803,1.0900419395345031,-0.8228292858447096,1.1527610430354422,-0.641454145537277,-0.16563174656026122,0.0,16.775350749798367,-11.114122575400362,0.0,0.0,0.0,0.0,0.4555912954718956,0.21942042337942294,-100.03553098110301,0.0,1.1475621219129075,141.6879420632427,0.0,-167.45020475137662,0.0,1.1413033736178304,0.5267182460018497,10.9867268556515,0.0,-44.156345212911326,Biotechnology,Healthcare,ORGS
2014Q3,2014,Q3,2014-10-15,2014-08-31,-3492245.0,0.0,-1285657.0,-0.720003,0.0,0.0,1660105.0,-4098287.0,1639534.0,4317971.0,5758392.0,0.0,-16672542.0,49425076.800000004,50520595.800000004,-0.8955271790290875,0.3797000952530714,1.5834335779965725,-0.6414060313491954,0.8748221480231978,-0.8955271790290875,0.8521230943562518,0.0,-3.5382022738954455,-12.059935480360453,0.0,0.0,0.0,0.0,0.35737826863589406,-2.103628987323091,-277.2546464272492,0.0,-1.0000027777700615,-381.336561535516,0.0,-195.30332971873673,0.0,-0.9444484657083932,0.1786382584529875,-1870.7017266541218,0.0,-288.41900796087594,Biotechnology,Healthcare,ORGS
2014Q2,2014,Q2,2014-07-09,2014-05-31,-1796008.0,0.0,-1565275.0,-0.360001,0.0,0.0,154333.0,-1586452.0,134620.0,1179218.0,1740785.0,0.0,-13180297.0,27005136.0,26992748.0,-0.35247783977092356,0.1141604012150425,0.0,0.0,0.9866513452660401,-0.35247783977092356,1.1320909803763366,0.0,-3.7590500710464543,-17.022346720858874,0.0,0.0,0.0,0.0,0.01898715928691726,-11.63722599832829,-63.5854826633012,0.0,-2.0000083333333336,-486.94425602197964,0.0,0.0,0.0,-1.5320351776505188,-0.4010445570254739,-1180.8376108329273,0.0,-130.20237528589087,Biotechnology,Healthcare,ORGS
2014Q1,2014,Q1,2014-04-10,2014-02-28,-709314.0,0.0,-1117220.0,-0.12,0.0,0.0,293361.0,-1699161.0,276689.0,1249494.0,1992522.0,0.0,-11384289.0,26563737.6,26697128.6,-0.3914684551017399,0.2214408392517291,1.2638762480356966,-0.21820886896533054,0.8410337634533258,-0.3914684551017399,0.41744955304412,0.0,-9.362474729104457,-15.6334435642061,0.0,0.0,0.0,0.0,0.19798654495339713,-2.4178878583042738,-53.1257751751944,0.0,0.6963418132125675,-641.5909580715737,0.0,0.0,0.0,0.5864723811211723,0.3372229950790934,-200.6666987619766,0.0,-165.66181291932045,Biotechnology,Healthcare,ORGS
2013Q4,2013,Q4,2013-11-30,2013-11-30,-1715276.0,0.0,-1685665.0,-0.3951811781185491,0.0,0.0,114221.0,-2034414.0,97737.0,986409.0,2148635.0,0.0,-10674975.0,36460032.0,36673255.0,-0.46870714759657917,0.09908364583048208,2.311746526470614,-0.12979167465422475,0.9521572964655856,-0.46870714759657917,0.8431302576565045,0.0,-5.314018268780068,-17.921638368591644,0.0,0.0,0.0,0.0,0.06166711779799252,-15.01716847164707,-78.43667201624666,0.0,-0.6465813814048653,-522.291801867298,0.0,-122.62428324559096,0.0,-0.8297448370029015,-0.4504548845557809,-114.30081194588254,0.0,-303.64402387995517,Biotechnology,Healthcare,ORGS
2013Q3,2013,Q3,2013-10-15,2013-08-31,-937440.0,0.0,-1162163.0,-0.240001,0.0,0.0,599627.0,-1306183.0,583062.0,740379.0,1905810.0,0.0,-8959699.0,38358306.0,38100205.0,-0.3064693993525157,0.7875182845542621,0.43082282819152573,-0.19777703430530025,1.1090929045187765,-0.3064693993525157,0.7176942281441421,0.0,-10.22953629032258,-29.366716608622223,0.0,0.0,0.0,0.0,0.7110358343497046,-1.5633718961954681,-69.3947698347369,0.0,0.3333324074099795,-109.202461205247,0.0,-67.49493856306609,0.0,0.39778370218096554,0.10071507112408004,-266.68881587029244,0.0,-163.2516384257657,Biotechnology,Healthcare,ORGS
2013Q2,2013,Q2,2013-07-15,2013-05-31,-1556650.0,0.0,-1292319.0,-0.360001,0.0,0.0,1133235.0,-968000.0,1117837.0,696499.0,2101235.0,0.0,-8022259.0,47530932.0,46698906.0,-0.2321688116698406,1.604936977655388,0.20932727986692964,-0.24505888429752065,1.7684032058764367,-0.2321688116698406,1.6081095041322313,0.0,-7.633529052773585,-49.10220247933884,0.0,0.0,0.0,0.0,1.5495284271764926,-1.3736338888227067,-89.69894356229736,0.0,0.0,-455.53760762715706,0.0,0.0,0.0,-0.17059572429693945,0.02123368336545853,-511.18104610277794,0.0,-86.64999077967782,Biotechnology,Healthcare,ORGS
2013Q1,2013,Q1,2013-04-15,2013-02-28,-1329793.0,0.0,-1320355.0,-0.360001,0.0,0.0,97830.0,-259949.0,82542.0,355588.0,357779.0,0.0,-6465609.0,34724524.800000004,34674509.800000004,-0.06288269206206674,0.23212819330236115,0.0,0.0,5.079284782784315,-0.06288269206206674,5.115591904565895,0.0,-6.528182356201303,-133.58206725165323,0.0,0.0,0.0,0.0,0.16878241110498668,-13.592895839721967,-77.21657360524614,0.0,-0.0674123600172428,-1263.913580474211,0.0,0.0,0.0,0.04620391031199725,0.03686712923518633,-775.5176568150426,0.0,-19.282682809175867,Biotechnology,Healthcare,ORGS
2012Q4,2012,Q4,2013-02-15,2012-11-30,-1394211.0,0.0,-1370896.0,-0.33726515963726017,0.0,0.0,48167.0,-280556.0,38598.0,327170.0,328723.0,0.0,-5135816.0,34724524.800000004,34724177.800000004,-0.06786760693122573,0.11797536448940918,0.0,0.0,,-0.06786760693122573,4.969457078087797,0.0,-6.226554804115016,-123.77038737364377,0.0,0.0,0.0,0.0,0.04825625821438396,-28.945356779537857,-114.74971101513165,0.0,0.26881554952946335,-445.60045281989545,0.0,-18.610887930619803,0.0,0.2565215165518911,0.27430264775228497,-445.60045281989545,0.0,-18.610887930619803,Biotechnology,Healthcare,ORGS
2012Q3,2012,Q3,2012-10-15,2012-08-31,-1875254.0,0.0,-1889074.0,-0.4612586597269965,0.0,0.0,349865.0,156451.0,340366.0,192492.0,193414.0,0.0,-3741605.0,25368813.6,25055234.6,0.03848245548226977,1.7682085489267085,0.0,0.0,-12.07454091057264,0.03848245548226977,-11.986206543901925,0.0,-3.382050324915985,162.15181494525444,0.0,0.0,0.0,0.0,1.629049518941047,-5.359935975304761,-81.04327280626654,0.0,-1.1335542194134072,-230.10495441022996,0.0,7.3495726439757805,0.0,-1.1435932959769919,-1.1593661839813083,-230.10495441022996,0.0,7.3495726439757805,Biotechnology,Healthcare,ORGS
2012Q2,2012,Q2,2012-05-31,2012-05-31,-874818.0,0.0,-874828.0,-0.21619261208829907,0.0,0.0,181547.0,-61634.0,174655.0,243181.0,243181.0,0.0,-1866352.0,43701930.0,43574646.0,-0.015231528676193477,0.7182098930426308,0.0,0.0,14.19391894084434,-0.015231528676193477,14.19375669273453,0.0,-12.488863397872473,-709.0555537527988,0.0,0.0,0.0,0.0,0.5234126021358576,-4.818686070273813,-133.85093890602363,0.0,-0.8016051007358257,-263.3613191446608,0.0,0.0,0.0,-0.024543807481545592,-0.024674323757674855,-263.3613191446608,0.0,0.0,Biotechnology,Healthcare,ORGS
2012Q1,2012,Q1,2012-03-30,2012-02-29,-853861.0,0.0,-853762.0,-0.12,0.0,0.0,353794.0,194084.0,353794.0,159710.0,159710.0,0.0,-991534.0,48188921.04,47835140.04,0.03334823617789804,2.2152276000250453,0.0,0.0,-4.398930360050287,0.03334823617789804,-4.399440448465612,0.0,-14.109123452177812,248.28899363162338,0.0,0.0,0.0,0.0,2.2151462024920168,-2.413441155022414,-404.4221479585414,0.0,-10.279639511596356,-575.9047966779686,0.0,0.0,0.0,-12.79063569998062,-12.789036759480586,-575.9047966779686,0.0,0.0,Biotechnology,Healthcare,ORGS
2011Q4,2011,Q4,2012-02-29,2011-11-30,-61916.0,0.0,-61916.0,-0.010638637863969905,0.0,0.0,2340.0,-82673.0,2340.0,85013.0,85013.0,0.0,-137673.0,48188921.04,48187646.04,-0.014205182959622455,0.02752520202792514,0.0,0.0,0.7489264935347695,-0.014205182959622455,0.7489264935347695,0.0,-194.57378157503712,-582.8858398751709,0.0,0.0,0.0,0.0,0.01499770623316434,-26.459829059829058,-12516.602867532467,0.0,-25.094054191845157,-13.087492738787308,0.0,-4.686086727492382,0.0,-21.63839122486289,-21.63839122486289,-13.087492738787308,0.0,-4.686086727492382,Biotechnology,Healthcare,ORGS
2011Q3,2011,Q3,2011-10-17,2011-08-31,-2735.0,0.0,-2735.0,-0.00040770352455597584,0.0,0.0,5125.0,-20757.0,5125.0,25882.0,25882.0,0.0,-75757.0,55544773.67999999,55539648.67999999,-0.0030942237876447494,0.1980140638281431,0.0,0.0,0.13176277882160234,-0.0030942237876447494,0.13176277882160234,0.0,-5077.218800731261,-2675.9538314785373,0.0,0.0,0.0,0.0,0.1980140638281431,-0.5336585365853659,-62409.85806741572,0.0,-0.20750551876379691,0.7957278362835163,0.0,-1.6713564913642538,0.0,-0.20750551876379691,-0.20750551876379691,0.7957278362835163,0.0,-1.6713564913642538,Biotechnology,Healthcare,ORGS
2011Q2,2011,Q2,2011-07-15,2011-05-31,-2265.0,0.0,-2265.0,-0.0003376411272831025,0.0,0.0,6015.0,-18022.0,6015.0,24037.0,24037.0,0.0,-73022.0,55544773.67999999,55538758.67999999,-0.002686520263088774,0.2502392145442443,0.0,0.0,0.12567972478082343,-0.002686520263088774,0.12567972478082343,0.0,-6130.769721854304,-3082.0538053490177,0.0,0.0,0.0,0.0,0.2502392145442443,-0.3765586034912718,-46480.98215899581,0.0,0.5833333333333333,0.587130878600073,0.0,0.0,0.0,0.5833333333333334,0.5833333333333334,0.587130878600073,0.0,0.0,Biotechnology,Healthcare,ORGS
2011Q1,2011,Q1,2011-04-14,2011-02-28,-5436.0,0.0,-5436.0,-0.0008103387054794459,0.0,0.0,7210.0,-15757.0,7210.0,22967.0,22967.0,0.0,-70757.0,55544773.67999999,55537563.67999999,-0.0023488791358056713,0.31392868028040233,0.0,0.0,0.34498952846354003,-0.0023488791358056713,0.34498952846354003,0.0,-2554.4873841059602,-3525.085592435108,0.0,0.0,0.0,0.0,0.31392868028040233,-0.7539528432732316,9666.685290636964,0.0,0.7635699373695198,-2.186400937866354,0.0,0.0,0.0,0.7635699373695198,0.31981981981981983,-2.186400937866354,0.0,0.0,Biotechnology,Healthcare,ORGS
2010Q4,2010,Q4,2010-11-30,2010-11-30,-22992.0,0.0,-7992.0,-0.003427392847016818,0.0,0.0,1617.0,-10321.0,1617.0,11938.0,11938.0,0.0,-65321.0,55544773.67999999,55543309.67999999,-0.0015385404303262255,0.13544982409113754,0.0,0.0,0.7743435713593644,-0.0015385404303262255,2.227691115202015,0.0,-603.9576122129436,-5381.724026741594,0.0,0.0,0.0,0.0,0.1226336069693416,-14.218923933209647,-18398.401351440873,0.0,-3.9961994854472564,-3.5384919068298464,0.0,-1.399234101810305,0.0,-3.1712626995645863,-0.44992743105950656,-3.5384919068298464,0.0,-1.399234101810305,Biotechnology,Healthcare,ORGS
2010Q3,2010,Q3,2010-08-31,2010-08-31,-5512.0,0.0,-5512.0,-0.000686,0.0,0.0,19721.0,12671.0,4721.0,7050.0,7050.0,0.0,-42329.0,55544773.67999999,55540290.67999999,0.0018888524166905923,0.6696453900709219,0.0,0.0,-0.43500907584247495,0.0018888524166905923,-0.43500907584247495,0.0,-2519.2658599419447,4383.6140541393725,0.0,0.0,0.0,0.0,0.635886524822695,-0.2794990112063283,-20271.81521167883,0.0,0.04722222222222231,0.5883187691388452,0.0,-0.5901740086680897,0.0,-0.12719836400817996,-0.12719836400817996,0.5883187691388452,0.0,-0.5901740086680897,Biotechnology,Healthcare,ORGS
2010Q2,2010,Q2,2010-05-31,2010-05-31,-4890.0,0.0,-4890.0,-0.00072,0.0,0.0,22684.0,18184.0,7684.0,4500.0,4500.0,0.0,-36816.0,55544773.67999999,55537550.67999999,0.00271066942980836,1.7075555555555555,0.0,0.0,-0.2689177298724153,0.00271066942980836,-0.2689177298724153,0.0,-2839.712355828221,3054.596000879894,0.0,0.0,0.0,0.0,1.6051111111111112,-0.21557044612943044,-11639.726253143335,0.0,-0.7391304347826089,0.108640174990886,0.0,0.0,0.0,-0.759625764663548,-0.759625764663548,0.108640174990886,0.0,0.0,Biotechnology,Healthcare,ORGS
2010Q1,2010,Q1,2010-02-28,2010-02-28,-2779.0,0.0,-2779.0,-0.000414,0.0,0.0,26995.0,23073.0,11995.0,3922.0,3922.0,0.0,-31927.0,55544773.67999999,55532778.67999999,0.0034394674303766105,3.0583885772565016,0.0,0.0,-0.12044380878082607,0.0034394674303766105,-0.12044380878082607,0.0,-4996.831025548758,2407.349442205175,0.0,0.0,0.0,0.0,3.0583885772565016,-0.10294498981292832,-12541.154590200946,0.0,0.45178865298065535,-0.6289566236811257,0.0,0.0,0.0,0.45144097907619424,0.45144097907619424,-0.6289566236811257,0.0,0.0,Biotechnology,Healthcare,ORGS
2009Q4,2009,Q4,2010-03-15,2009-11-30,-5066.0,0.0,-5066.0,-0.0007551832012433541,0.0,0.0,31852.0,25852.0,16852.0,6000.0,6000.0,0.0,-29148.0,55544773.67999999,55528349.67999999,0.0038537299878687705,2.808666666666667,0.0,0.0,-0.19596162772706174,0.0038537299878687705,-0.19596162772706174,0.0,-2741.056735096723,2148.5677580071174,0.0,0.0,0.0,0.0,2.7373333333333334,-0.15904809745070952,-31721.74396344945,0.0,0.6328715599205863,0.0,0.0,0.0,0.0,0.6216296960191202,0.6216296960191202,0.0,0.0,0.0,Biotechnology,Healthcare,ORGS
2009Q3,2009,Q3,2009-08-31,2009-08-31,-13389.0,0.0,-13389.0,-0.002057,0.0,0.0,33668.0,30918.0,18668.0,2750.0,2750.0,0.0,-24082.0,55544773.67999999,55526598.67999999,0.0046089131891121245,6.788363636363636,0.0,0.0,-0.4330487094896177,0.0046089131891121245,-0.4330487094896177,0.0,-1037.1344700873851,1796.5189753541624,0.0,0.0,0.0,0.0,6.609090909090909,-0.3976773197101105,-4774.759191953924,0.0,-1.6070975918884662,0.0,0.0,0.0,0.0,-1.440576011666059,-1.440576011666059,0.0,0.0,0.0,Biotechnology,Healthcare,ORGS
2009Q2,2009,Q2,2009-05-31,2009-05-31,-5486.0,0.0,-5486.0,-0.000789,0.0,0.0,,,,,,,,55544773.67999999,,,0.0,0.0,0.0,0.0,,0.0,0.0,-2531.205508567262,0.0,0.0,0.0,0.0,0.0,0.0,0.0,-5562.264538353695,0.0,-2.106299212598425,0.0,0.0,0.0,0.0,-2.2157092614302463,-2.2157092614302463,0.0,0.0,0.0,Biotechnology,Healthcare,ORGS
2009Q1,2009,Q1,2009-02-28,2009-02-28,-1706.0,0.0,-1706.0,-0.000254,0.0,0.0,,,,,,,,55544773.67999999,,,0.0,0.0,0.0,0.0,,0.0,0.0,-8139.620996483001,0.0,0.0,0.0,0.0,0.0,0.0,0.0,-3652.819523872155,0.0,0.0,0.0,0.0,0.0,0.0,0.0,0.0,0.0,0.0,0.0,Biotechnology,Healthcare,ORGS
