Quarters,Year,Quarter,FillingDate,Date,NetIncome,Revenue,OperatingIncome,EPSDiluted,GrossProfit,GrossProfitRatio,TotalAssets,CommonStockEquity,CurrentAssets,CurrentLiability,TotalLiability,Inventory,RetainedEarnings,MarketCap,EnterpriseValue,bookValuePerShare,currentRatio,debtToAssets,debtToEquity,roic,shareholdersEquityPerShare,roe,priceToSalesRatio,peRatio,pbRatio,payoutRatio,inventoryTurnover,dividendYield,assetTurnover,quickRatio,returnOnAssets,priceToFreeCashFlowsRatio,grossProfitMargin,epsdilutedGrowth,fiveYNetIncomeGrowthPerShare,fiveYRevenueGrowthPerShare,fiveYShareholdersEquityGrowthPerShare,grossProfitGrowth,netIncomeGrowth,operatingIncomeGrowth,threeYNetIncomeGrowthPerShare,threeYRevenueGrowthPerShare,threeYShareholdersEquityGrowthPerShare,Industry,Sector,Symbol
2023Q1,2023,Q1,2023-05-09,2023-03-31,3197000.0,13923000.0,9395000.0,0.36,13555000.0,0.9735689147,2189651000.0,159082000.0,900613000.0,0.0,78550000.0,0.0,180097000.0,184715564.8,162156564.8,17.913518027474858,0.0,0.035873296703447265,0.49377050829132146,0.03267744046498356,17.913518027474858,0.020096553978451365,13.266937068160598,14.444445167344385,1.1611342879772695,0.7594619956208946,0.0,0.013144533881748983,0.006358547549358323,0.0,0.001460050026237058,37.42969904761905,0.9735689147453853,-0.2653061224489796,-0.16279077068367576,0.23160257099653836,0.00974034109101373,-0.11184641593500197,-0.27538531278331824,-0.047932711795703284,-0.0769231127325699,-0.08853085581175743,-0.13383567030656154,Banks—Regional,Financial Services,ATLO
2022Q4,2022,Q4,2023-03-10,2022-12-31,4412000.0,15262000.0,9868000.0,0.49,15262000.0,1.0,2134926000.0,149098000.0,840266000.0,0.0,1985828000.0,0.0,179931000.0,212586376.01999998,209153376.01999998,16.558934047912935,0.0,0.018323820123039392,0.26237776495995924,0.042034315291777945,16.558934047912935,0.029591275536895195,13.929129604245839,12.045918858794199,1.425816416182645,0.5503173164097914,0.0,0.01142123990001869,0.007148725529596811,0.0,0.002066582167250762,41.46408738443534,1.0,-0.20967741935483872,0.689655065740495,0.2933616103334751,-0.1016945032405294,-0.023357010302681256,-0.2040411329604907,0.08154318281455503,0.04255311499591761,0.03992558306111399,-0.19273971762731884,Banks—Regional,Financial Services,ATLO
2022Q3,2022,Q3,2022-11-08,2022-09-30,5543000.0,15949000.0,9124000.0,0.62,15627000.0,0.9798106464,2086939000.0,137271000.0,1982158000.0,25453000.0,1949668000.0,0.0,177947000.0,199446264.06,182231264.06,15.265619510847607,77.87522099556044,0.013153235432372484,0.19996940358852197,0.04397454358259676,15.265619510847607,0.04037997829111757,12.505251994482412,8.995411512718743,1.452938086413008,0.4380299476817608,0.0,0.012173705090156903,0.00764229333008775,33.029701803323775,0.0026560431330288044,58.23248585693431,0.9798106464355132,0.3478260869565217,0.4676794867821126,0.3811259506387407,-0.17622107200674955,0.003467539973030245,0.3219651800620081,0.22223710649698594,0.40096681057141753,0.2595617790138399,-0.24686363712877565,Banks—Regional,Financial Services,ATLO
2022Q2,2022,Q2,2022-08-09,2022-06-30,4193000.0,16015000.0,7465000.0,0.46,15573000.0,0.9724008742,2130973000.0,157351000.0,927222000.0,18352000.0,1973622000.0,0.0,174832000.0,200921744.2,115566744.19999999,17.370171625257072,50.524302528334786,0.0018770768095137762,0.025420874350973302,0.031173331085534037,17.370171625257072,0.026647431538407762,12.545847280674367,11.97959362031958,1.2769016034216498,0.585499642260911,0.0,0.01221868747842574,0.007515346276090781,50.524302528334786,0.0019676457655728157,59.63839246067082,0.9724008741804558,-0.19298245614035078,0.2510012842992907,0.3722022925272206,-0.05027835202760107,-0.008404966571155683,-0.18503401360544217,-0.028753577933905802,-0.07425908161113803,0.2422419968536739,-0.1246088883469367,Banks—Regional,Financial Services,ATLO
2022Q1,2022,Q1,2022-05-06,2022-03-31,5145000.0,15705000.0,7686000.0,0.57,15705000.0,1.0,2184718000.0,176665000.0,997978000.0,0.0,2008053000.0,0.0,173067000.0,226031271.62,61280271.620000005,19.430461407055105,0.0,0.0,0.0,0.03468754599840111,19.430461407055105,0.029122916253926923,14.392312742438714,10.983054986394556,1.2794343623241728,0.4594752186588921,0.0,0.010458729816705706,0.00718857079037203,0.0,0.002354995015374982,35.03274513639182,1.0,-0.017241379310344845,0.4509530054323485,0.336489898402108,0.06980437828243026,-0.03240712217361839,-0.02869548801208231,-0.05286506469500924,0.23015584125807767,0.23383719210661139,0.0068234895274180045,Banks—Regional,Financial Services,ATLO
2021Q4,2021,Q4,2022-03-11,2021-12-31,5297000.0,16231000.0,8115000.0,0.58,16231000.0,1.0,2137041000.0,207778000.0,947178000.0,0.0,1929263000.0,0.0,170377000.0,223661267.91,120610267.91,22.750846704703363,0.0,0.0014038102217037484,0.014438487231564458,0.02853444538172566,22.750846704703363,0.025493555621865643,13.77988219518206,10.556034921181801,1.0764434536380174,0.44647913913535964,0.0,0.010574025722467345,0.007595081236157846,0.0,0.002478660914788252,38.20657121797062,1.0,-0.21621621621621626,0.34883721361044984,0.37260762713725754,0.2896503893338116,-0.06314574314574314,-0.21105153410783437,0.0,0.28888886603786207,0.26414098481810233,0.22866476948557637,Banks—Regional,Financial Services,ATLO
2021Q3,2021,Q3,2021-11-08,2021-09-30,6714000.0,17325000.0,0.0,0.74,17325000.0,1.0,2096396000.0,210380000.0,1298966000.0,0.0,1886016000.0,0.0,167443000.0,210311514.14,64918514.139999986,23.18754833724293,0.0,0.0014310273440704905,0.014259910637893336,0.0,23.18754833724293,0.031913680007605284,12.139192735353534,7.831081104408699,0.9996744659188136,0.3531426869228478,0.0,0.011273752698207835,0.008264182912007083,0.0,0.0032026391960297577,35.304937743830784,1.0,0.15624999999999997,0.804878024424689,0.46979019161322977,0.26000083292651666,0.030759162303664923,0.14203095764585813,0.0,0.5416666067533576,0.3914559633654791,0.27732184766580714,Banks—Regional,Financial Services,ATLO
2021Q2,2021,Q2,2021-08-05,2021-06-30,5879000.0,16808000.0,0.0,0.64,16808000.0,1.0,2085460000.0,210122000.0,1313196000.0,0.0,1875338000.0,0.0,165466000.0,225147340.38000003,61975340.380000025,22.87431071274376,0.0,0.0014385315469968257,0.01427741978469651,0.0,22.87431071274376,0.027978983638076927,13.39524871370776,9.574219271134547,1.0715076973377373,0.4034699778873958,0.0,0.010535323206556991,0.008059612747307548,0.0,0.0028190423215981126,29.868312600159197,1.0,-0.030303030303030328,0.4545453753730579,0.4304402868109487,0.25297161725369643,0.03945578231292517,-0.02390835131994023,0.0,0.39130429143187606,0.4074174117058366,0.2783276586148573,Banks—Regional,Financial Services,ATLO
2021Q1,2021,Q1,2021-05-04,2021-03-31,6023000.0,16170000.0,0.0,0.66,16170000.0,1.0,2099836000.0,204353000.0,1395046000.0,0.0,1895483000.0,0.0,161959000.0,233436889.64,-14279110.360000014,22.392989163201566,0.0,0.0014286830019106253,0.01468047936658625,0.0,22.392989163201566,0.029473509074982994,14.436418654298082,9.689394389838949,1.1423218139200304,0.3787149261165532,0.0,0.009771377623809571,0.007700601380298271,0.0,0.0028683192401692324,25.05763091884929,1.0,0.15789473684210542,0.6097560565523743,0.37856815126267845,0.2566010266397277,-0.033067072973836,0.15907032668348084,0.0,0.5348835925417466,0.39193512106874817,0.26223695876034747,Banks—Regional,Financial Services,ATLO
2020Q4,2020,Q4,2021-03-12,2020-12-31,5196406.0,16722980.0,0.0,0.57,16722980.0,1.0,1975647743.0,209486426.0,1345751237.0,0.0,1766161317.0,0.0,158216626.0,218978378.04,30455758.03999999,22.97881643639194,0.0,0.0015184893210995864,0.014320736943595572,0.0,22.97881643639194,0.024805454459373898,13.094459123912126,10.535088003131396,1.0453105827486884,0.4388968067545146,0.0,0.010415119613240514,0.008464555515653987,0.0,0.002630229006365939,27.39956324537455,1.0,-0.08064516129032265,0.35714284831085824,0.4201428904508575,0.3283637961395807,-0.013662643673923782,-0.08376527533646867,0.0,0.9655171445244163,0.3996949543756849,0.24657765132167067,Banks—Regional,Financial Services,ATLO
2020Q3,2020,Q3,2020-11-05,2020-09-30,5671479.0,16954625.0,0.0,0.62,16954625.0,1.0,1910395449.0,206036642.0,1328548453.0,0.0,1704358807.0,0.0,155300906.0,154502068.83,15108994.830000013,22.523704114337974,0.0,0.0015703554997319302,0.014560516861850233,0.0,22.523704114337974,0.027526555203709835,9.11267980447813,6.810484039083986,0.7498766594633202,0.4021326712132761,0.0,0.014761530491280737,0.00887492953821416,0.0,0.002968746079754716,50.25756864945572,1.0,0.2653061224489796,0.4090908468121595,0.46479246678615105,0.3083863388947515,0.05254282090943201,0.28091872352583136,0.0,0.4761904397508347,0.4432704849886276,0.21544709119481253,Banks—Regional,Financial Services,ATLO
2020Q2,2020,Q2,2020-08-06,2020-06-30,4427665.0,16108252.0,0.0,0.49,16108252.0,1.0,1896972434.0,201149902.0,1349778326.0,0.0,1695822532.0,0.0,151910115.0,178371646.73999998,2852578.7399999797,22.26081968771535,0.0,0.001581467366752468,0.014914250368364584,0.0,22.26081968771535,0.02201176811908166,11.073308683027804,10.071428548681979,0.8867597993659475,0.5188174805456149,0.0,0.012878448127736338,0.008491558291141725,0.0,0.0023340692361373556,30.052215050364833,1.0,0.25641025641025633,0.36111104946305495,0.36635837477136196,0.32890133763217877,0.0275009110412329,0.24564602802127886,0.0,0.3243243730825745,0.3836502856447202,0.21711994648875893,Banks—Regional,Financial Services,ATLO
2020Q1,2020,Q1,2020-05-06,2020-03-31,3554513.0,15677117.0,0.0,0.39,15677117.0,1.0,1797746434.0,188493377.0,1274589383.0,0.0,1609253057.0,0.0,147482450.0,186384081.2,20861091.199999988,20.68143124043793,0.0,0.0016687559175545,0.015915678565194363,0.0,20.68143124043793,0.01885749545460157,11.888925827369917,13.108974506493576,0.9888097086827617,0.6227176549923998,0.0,0.01187578888577315,0.008720427254648083,0.0,0.001977204867591466,16.262001225861756,1.0,-0.17021276595744672,1.3506468500530473e-08,0.4297990503733226,0.21501933390925415,0.05179217621939589,-0.1729805629621357,0.0,-6.111302697407897e-08,0.33090126732363667,0.13868040633013587,Banks—Regional,Financial Services,ATLO
2019Q4,2019,Q4,2020-03-10,2019-12-31,4297980.0,14905147.0,0.0,0.47,14905147.0,1.0,1737182505.0,187579472.0,1223454498.0,0.0,1549603033.0,0.0,146225085.0,256598542.28,118034038.28,20.51250929779834,0.0,0.0028782237822502135,0.0266553687708429,0.0,20.51250929779834,0.02291284837394147,17.21543184243671,14.925531428717676,1.3679457541068245,0.5150000698002317,0.0,0.008626159682484383,0.008580069714667083,0.0,0.0024741096503271545,44.95137520807209,1.0,0.06818181818181812,0.382352959779195,0.2102478653544816,0.22425574583407643,0.15247936421189823,0.06355079641716824,0.0,0.09302334030502457,0.25884677856636923,0.16276839914930005,Banks—Regional,Financial Services,ATLO
2019Q3,2019,Q3,2019-11-06,2019-09-30,4041161.0,12933114.0,0.0,0.44,12933114.0,1.0,1499975638.0,186163400.0,1014426811.0,0.0,1313812238.0,0.0,144140565.0,262767314.76999998,155351763.76999998,20.269396437916797,0.0,0.0033333874719903953,0.026858125711068877,0.0,20.269396437916797,0.021707602031333765,20.317404978414324,16.255682139984028,1.4114875145705332,0.5482852576276966,0.0,0.008432209317735763,0.008622216036284717,0.0,0.0026941510899392354,80.05633729297926,1.0,-0.12,0.09999997822408,0.2111264053592372,0.2280795789225457,-0.015984087888516612,-0.12483386907421247,0.0,0.07317069917750585,0.08388034416964996,0.10142978564372244,Banks—Regional,Financial Services,ATLO
2019Q2,2019,Q2,2019-08-07,2019-06-30,4617593.0,13143196.0,0.0,0.5,13143196.0,1.0,1468595133.0,183251536.0,981979134.0,0.0,1285343597.0,0.0,142312863.0,248426503.39999998,160375739.39999998,19.842755305632178,0.0,0.001361845722526986,0.01091396036101984,0.0,19.842755305632178,0.02519811348266134,18.901529232311532,13.45,1.35565850536718,0.480396821460878,0.0,0.008929308949086952,0.008949502626466896,0.0,0.0031442246377102762,57.93243462133742,1.0,0.08695652173913039,0.21951216665028067,0.24728791202021588,0.22479326770758856,0.019161706828079994,0.08971417850657296,0.0,0.13636363636363635,0.11258331122306248,0.08691402850517121,Banks—Regional,Financial Services,ATLO
2019Q1,2019,Q1,2019-05-07,2019-03-31,4237435.0,12896085.0,0.0,0.46,12896085.0,1.0,1472317363.0,177776758.0,988807021.0,0.0,1294540605.0,0.0,139910979.0,254522448.45,173651111.45,19.29877640834081,0.0,0.0013584027807189557,0.01125006453318268,0.0,19.29877640834081,0.023835708602583473,19.736412132054028,15.016303993453587,1.4316969851030807,0.5044230766961617,0.0,0.008397923299169803,0.008759038862194006,0.0,0.002878071743557914,41.5857610576916,1.0,0.02222222222222224,-0.0612245091244232,0.24068609813163452,0.21111511169857147,-0.017421977906769078,0.008666212174734374,0.0,0.12195126956535887,0.08918047708567213,0.08296672993809594,Banks—Regional,Financial Services,ATLO
2018Q4,2018,Q4,2019-03-12,2018-12-31,4201028.0,13124744.0,0.0,0.45,13124744.0,1.0,1455687351.0,172865064.0,968480717.0,0.0,1282822287.0,0.0,137891821.0,237311409.56,195469830.56,18.516724227576578,0.0,0.010029626203710828,0.08445893960389822,0.0,18.516724227576578,0.02430235411823872,18.08122196973899,14.12222255838333,1.3728130142016435,0.5097585638562752,0.0,0.009024049892799431,0.009016183310917565,0.0,0.0028859411309125264,45.69372457963506,1.0,-0.062499999999999944,0.24999992582655997,0.2415058410307426,0.22228620309833352,0.0295722449835124,-0.05781872920980203,0.0,0.07142856781808374,0.08841463733694621,0.07041832006885994,Banks—Regional,Financial Services,ATLO
2018Q3,2018,Q3,2018-11-06,2018-09-30,4458832.0,12747764.0,0.0,0.48,12747764.0,1.0,1448252267.0,168629809.0,945278228.0,0.0,1279622458.0,0.0,135828253.0,251552429.64,196584960.64,18.15325431066268,0.0,0.005800094494172817,0.04981325691948094,0.0,18.15325431066268,0.02644154094961941,19.733062962257538,14.104166160555051,1.491743548378211,0.48028497149029165,0.0,0.008513175575623512,0.008802170927311243,0.0,0.0030787674921001866,41.43863223359071,1.0,0.04347826086956513,0.20000010771461346,0.2327440983750253,0.19180016491035967,0.044752508808808475,0.0327906596443212,0.0,0.09090910876829067,0.08454285416572282,0.054509943212838176,Banks—Regional,Financial Services,ATLO
2018Q2,2018,Q2,2018-08-07,2018-06-30,4317266.0,12201707.0,0.0,0.46,12201707.0,1.0,1362054714.0,167941030.0,860450426.0,0.0,1194113684.0,0.0,133510931.0,289538386.85,229152461.85000002,17.893933968016785,0.0,0.0014683697941373594,0.011908942085206932,0.0,17.893933968016785,0.025707035380216497,23.72933449803376,16.766304580838895,1.7240479402204454,1.0352009813618155,0.0,0.015435735650193285,0.00895830899785719,0.0,0.0031696714938281106,108.77610490787566,1.0,0.06976744186046518,0.3142857160629977,0.19449364426518104,0.2290559150918595,0.021021566565184068,0.06949002564437944,0.0,0.27777769926004603,-0.0035293963652047186,0.06821191309150196,Banks—Regional,Financial Services,ATLO
2018Q1,2018,Q1,2018-05-08,2018-03-31,4036752.0,11950489.0,0.0,0.43,11950489.0,1.0,1391779317.0,166546218.0,879588416.0,0.0,1225233099.0,0.0,131335175.0,258164362.5,175847022.5,17.74071738890762,0.0,0.0064665424252744515,0.0540390535917183,0.0,17.74071738890762,0.02423802862938623,21.602828344513767,15.98837149891794,1.5501064245121434,0.5074379104785234,0.0,0.00793448398595294,0.00858648268014174,0.0,0.0029004253409234994,41.99302847152742,1.0,0.48275862068965525,0.10256419580358674,0.17897400059740254,0.11901451063685368,-0.015596270951187517,0.5027048114821593,0.0,0.10256417083306092,0.05814793464619783,0.042254492657947326,Banks—Regional,Financial Services,ATLO
2017Q4,2017,Q4,2018-03-12,2017-12-31,2686324.0,12139825.0,0.0,0.29,12139825.0,1.0,1375059650.0,170753142.0,853494570.0,0.0,1204306508.0,0.0,131684961.0,257979730.10000002,215060227.10000002,18.433521900564234,0.0,0.019271891223046216,0.15519480162772056,0.0,18.433521900564234,0.015732208312746597,21.250695961432726,24.00862015341411,1.5108344542204677,0.7625293896045302,0.0,0.00794016258256408,0.008828580636483662,0.0,0.001953605430862581,50.44456891240199,1.0,-0.30952380952380953,-0.2162162213057676,0.23996971482553556,0.193994798949497,0.010670133076538387,-0.3161798153806365,0.0,-0.14705882078362104,-0.02690190665028023,0.10017476531485402,Banks—Regional,Financial Services,ATLO
2017Q3,2017,Q3,2017-11-08,2017-09-30,3928407.0,12011659.0,0.0,0.42,12011659.0,1.0,1364940252.0,173328884.0,834868183.0,0.0,1191611368.0,0.0,131047038.0,279197497.5,252623323.5,18.531209032058033,0.0,0.0234442496315216,0.1846201236719438,0.0,18.531209032058033,0.022664468317929055,23.243874763677525,17.767857142857146,1.6107961411671006,0.5214329879770604,0.0,0.007336745559476226,0.008800135377647286,0.0,0.0028780798238192775,68.82703760795305,1.0,0.13513513513513511,0.02439024655561578,0.173561493712169,0.21142092416556227,-0.006563056379147058,0.13134609901708652,0.0,0.049999999999999906,0.10452528173799977,0.12276650440581427,Banks—Regional,Financial Services,ATLO
2017Q2,2017,Q2,2017-08-08,2017-06-30,3472330.0,12091013.0,0.0,0.37,12091013.0,1.0,1369625617.0,171643379.0,826921158.0,0.0,1197982238.0,0.0,129167032.0,287171085.6,265970817.60000002,18.2897501203025,0.0,0.019348353061652758,0.15438987599981938,0.0,18.2897501203025,0.020229909363413314,23.750787928190967,20.67567639020485,1.6730682376044348,0.5899211768466707,0.0,0.007133033591178512,0.008827969373472955,0.0,0.002535240256096933,97.09647756531089,1.0,-0.05128205128205133,0.027777717413948258,0.19290824627225278,0.20066041286407943,0.010647858767901973,-0.03816983774536526,0.0,-0.09756102786611517,0.12915816779886785,0.1289340855320734,Banks—Regional,Financial Services,ATLO
2017Q1,2017,Q1,2017-05-09,2017-03-31,3610128.0,11963626.0,0.0,0.39,11963626.0,1.0,1395305728.0,168126710.0,855080662.0,0.0,1227179018.0,0.0,127743103.0,283256182.8,236550305.8,18.162630291577877,0.0,0.019708942239789903,0.16356710959252102,0.0,18.162630291577877,0.02147266189887377,23.676449163489398,19.615383637366875,1.6847780034475188,0.5416129289598596,0.0,0.006902910223077397,0.008574196865907225,0.0,0.0025873383356453906,46.50047949032975,1.0,-0.09302325581395345,0.02631584064551285,0.25356386989554436,0.23510296646546436,-0.01274200088892307,-0.10294541529421353,0.0,-0.20408162813902034,0.1453918607500559,0.13981506127078694,Banks—Regional,Financial Services,ATLO
2016Q4,2016,Q4,2017-03-13,2016-12-31,4024424.0,12118034.0,0.0,0.43,12118034.0,1.0,1366453029.0,165105243.0,826239307.0,0.0,1201347786.0,0.0,126181376.0,308851158.0,275135831.0,17.64109629467538,0.0,0.020125097179611872,0.16656042836871027,0.0,17.64109629467538,0.024374901286447943,25.48690307355137,19.186047369760246,1.8706320428600804,0.48585636105937147,0.0,0.006330855330644414,0.008868240431848756,0.0,0.0029451608760713574,48.483783934400755,1.0,0.04878048780487809,0.10907841149022962,0.30211570429303247,0.22243268893180926,0.005358467611668896,0.057978695437290347,0.0,0.19444434857600434,0.14339916630893762,0.16448613391337902,Banks—Regional,Financial Services,ATLO
2016Q3,2016,Q3,2016-11-08,2016-09-30,3803880.0,12053446.0,0.0,0.41,12053446.0,1.0,1340343976.0,170736725.0,798654022.0,0.0,1169607251.0,0.0,124112244.0,256622730.96,260319074.96,18.402803975444062,0.0,0.03804993413123677,0.29870550697279685,0.0,18.402803975444062,0.022279213801248678,21.290403670452417,16.86585348118237,1.5030318225911854,0.5140254161540322,0.0,0.007619321143865361,0.008992800516753321,0.0,0.0028379879106495867,55.14591549368414,1.0,-0.06818181818181825,0.07894739779998856,0.2523815712037529,0.30210812368950135,0.011399705091356986,-0.07208429760493108,0.0,0.025000066003765337,0.16704352551490392,0.20818363679644936,Banks—Regional,Financial Services,ATLO
2016Q2,2016,Q2,2016-08-09,2016-06-30,4099381.0,11917589.0,0.0,0.44,11917589.0,1.0,1328847001.0,170087497.0,775600896.0,0.0,1158759504.0,0.0,122263655.0,249875905.5,241140966.5,18.25604857904157,0.0,0.03220837309922935,0.25163519220933683,0.0,18.25604857904157,0.02410160107182952,20.96698463925883,15.238636363636363,1.4691021380601539,0.47697249901875427,0.0,0.007825052183752866,0.008968368059702608,0.0,0.0030849157178479423,73.01306720976406,1.0,0.07317073170731714,0.2941175911982961,0.27920270335713465,0.3367665023219073,-0.001458400275827514,0.0767751545734,0.0,0.25714287631424204,0.1752683202587676,0.25392798097835967,Banks—Regional,Financial Services,ATLO
2016Q1,2016,Q1,2016-05-06,2016-03-31,3807091.0,11934995.0,0.0,0.41,11934995.0,1.0,1334898789.0,165471830.0,786911609.0,0.0,1169426959.0,0.0,120119566.0,229911158.88000003,177051273.88000003,17.82028558665321,0.0,0.02134993321954388,0.1722347543989814,0.0,17.82028558665321,0.023007487135423596,19.263615852373633,15.097561292861139,1.3894277888870874,0.48913540548413476,0.0,0.008099576414957524,0.008940748990371583,0.0,0.0028519697758149663,36.54515458136212,1.0,-0.023809523809523832,0.108108097587275,0.3047534546354099,0.3407654691926168,-0.008758228929687665,-0.02757811436399075,0.0,0.05128207902962518,0.1904056515126599,0.12403335885537102,Banks—Regional,Financial Services,ATLO
2015Q4,2015,Q4,2016-03-11,2015-12-31,3915061.0,12040448.0,0.0,0.42,12040448.0,1.0,1326747143.0,161250057.0,764065408.0,0.0,1165497086.0,0.0,118267767.0,226421032.45999998,206964343.45999998,17.298586805189768,0.0,0.023774087750193105,0.19561049209427567,0.0,17.298586805189768,0.02427943947951597,18.805033870832712,14.4583336287736,1.4041609452578363,0.47564597333221625,0.0,0.008224425883796715,0.00907516406839551,0.0,0.0029508720034982583,36.52040492269974,1.0,-0.0454545454545455,0.3055033106234256,0.37936775660459887,0.3377267073979021,0.021221187515611424,-0.04507236970319165,0.0,0.13513507921516796,0.22211600331918632,0.12048163047674383,Banks—Regional,Financial Services,ATLO
2015Q3,2015,Q3,2015-11-06,2015-09-30,4099851.0,11790245.0,0.0,0.44,11790245.0,1.0,1343342462.0,160405480.0,772361356.0,0.0,1182936982.0,0.0,116214889.0,213658139.99,210615563.99,17.214872583708484,0.0,0.04708663560431696,0.3943348880599341,0.0,17.214872583708484,0.025559295106376664,18.12160307016521,13.02840883668699,1.3319877848936332,0.4542072382630491,0.0,0.008715708187327462,0.008776797677076629,0.0,0.003051977523211799,48.88368916283151,1.0,0.22222222222222227,0.15789472683128197,0.26380775220736574,0.3059603441027801,-0.03314869782022614,0.21844948154576335,0.0,0.07317075542751386,0.15631852607091398,0.12536946826682493,Banks—Regional,Financial Services,ATLO
2015Q2,2015,Q2,2015-08-06,2015-06-30,3364810.0,12194476.0,0.0,0.36,12194476.0,1.0,1322118693.0,156569238.0,750872995.0,0.0,1165549455.0,0.0,113977220.0,234602019.4,215574628.4,16.75129601974773,0.0,0.027961458525418488,0.2361151364867727,0.0,16.75129601974773,0.02149087549369053,19.238384609556,17.430554726715624,1.498391525671218,0.553428871169546,0.0,0.007937625621307844,0.009223435130721656,0.0,0.0025450135587788713,69.51401628735532,1.0,-0.07692307692307698,0.09090909043609817,0.37339297371261504,0.3368455405552777,0.08756723898022746,-0.0743120429587483,0.0,2.3377527897309905e-08,0.20800506380966174,0.09966608962867948,Banks—Regional,Financial Services,ATLO
2015Q1,2015,Q1,2015-05-07,2015-03-31,3634929.0,11212618.0,0.0,0.39,11212618.0,1.0,1344731348.0,158645858.0,765933859.0,0.0,1186085490.0,0.0,112474593.0,231610225.35000002,181850660.35000002,17.021483249897454,0.0,0.02780787482616193,0.23570814562331655,0.0,17.021483249897454,0.02291222125698359,20.65621296917455,15.929487573897593,1.4599197752140496,0.46107200443254875,0.0,0.007236139930641452,0.008338184438606544,0.0,0.0027030893608646655,35.74058133748128,1.0,0.14705882352941171,0.11428565261607514,0.2064847109245793,0.37882956430154935,-0.09813869045244368,0.15809758604418953,0.0,0.026315764062343656,0.16685609958930145,0.15750219643787963,Banks—Regional,Financial Services,ATLO
2014Q4,2014,Q4,2015-03-12,2014-12-31,3138707.0,12432752.0,0.0,0.34,12432752.0,1.0,1301030717.0,154674418.0,734109131.0,0.0,1146356299.0,0.0,110701847.0,239464876.54000002,221738974.54000002,16.755085175298333,0.0,0.0287985029949143,0.24223615956970984,0.0,16.755085175298333,0.020292347245166296,19.260810200348242,19.07352904715222,1.5481866984623147,0.5339663753258905,0.0,0.0069987883994338035,0.009556078759361068,0.0,0.0024124772451471644,44.95707172202204,1.0,-0.15,1.0074801006187648,0.3968681720337007,0.3932826224045809,0.14626570200056074,-0.15885869597259644,0.0,-0.12305422329990498,0.35440367762173397,0.1610369039425015,Banks—Regional,Financial Services,ATLO
2014Q3,2014,Q3,2014-11-07,2014-09-30,3731486.0,10846309.0,0.0,0.4,10846309.0,1.0,1298162025.0,153970008.0,705498393.0,0.0,1144192017.0,0.0,109239104.0,208496780.25,171268617.25,16.50495357613562,0.0,0.023098928656459506,0.1947532015455893,0.0,16.50495357613562,0.024235148445273837,19.222832417000106,13.96875,1.3541389193796756,0.4491417092279055,0.0,0.00803833036649495,0.008355127319334426,0.0,0.0028744378037094407,79.85827532187979,1.0,-0.02439024390243891,0.48148153904677843,0.16979392989732447,0.3931504031173403,0.01102409927179629,-0.032020613641310085,0.0,0.05263159654071429,0.12080106785007068,0.16782389038546994,Banks—Regional,Financial Services,ATLO
2014Q2,2014,Q2,2014-08-06,2014-06-30,3854923.0,10728042.0,0.0,0.41,10728042.0,1.0,1235703906.0,152324944.0,618856584.0,0.0,1083378962.0,0.0,107183584.0,217568088.14000002,201927323.14000002,16.20090167769399,0.0,0.02792288737816776,0.22651852082742271,0.0,16.20090167769399,0.02530723398788842,20.28031658899173,14.109755768143748,1.4283155629454884,0.4347593972694137,0.0,0.007703170140106008,0.008681725410035241,0.0,0.003119617071114122,62.03229121475673,1.0,-0.16326530612244902,0.5769230744617955,0.187517800605935,0.3981473538124975,0.02930129540054372,-0.14828866675460126,0.0,0.2058823290427786,0.14105136890279302,0.18628204654400013,Banks—Regional,Financial Services,ATLO
2014Q1,2014,Q1,2014-05-08,2014-03-31,4526091.0,10422645.0,0.0,0.49,10422645.0,1.0,1257980879.0,147187705.0,639333298.0,0.0,1110793174.0,0.0,105004625.0,203581716.79999998,169527609.79999998,15.934716875322078,0.0,0.029191656735825473,0.2494946571794159,0.0,15.934716875322078,0.030750469273231756,19.532634643125615,11.244897462291412,1.3831434955793351,0.3291462765551996,0.0,0.007317680700490095,0.008285217346296406,0.0,0.003597901268259261,31.450158114575984,1.0,0.36111111111111116,0.8846154678932271,0.28630421590755434,0.43939543646656265,-0.01880073087384688,0.3402908011289487,0.0,0.3243243980987936,0.14542428768972737,0.19889875186928344,Banks—Regional,Financial Services,ATLO
2013Q4,2013,Q4,2014-03-12,2013-12-31,3376947.0,10622353.0,0.0,0.36,10622353.0,1.0,1233084160.0,142106184.0,634522438.0,0.0,1090977976.0,0.0,102154498.0,210027335.12,196669713.12,15.14925406229665,0.0,0.028011491121579243,0.24306138570296137,0.0,15.14925406229665,0.023763547123325752,19.77220443719014,15.548610558590347,1.4779605588452083,0.441151726692779,0.0,0.007093105281504559,0.00861445904876436,0.0,0.002738618424877017,38.141697782003895,1.0,-0.10000000000000009,1.1429808510512305,-0.44666747187508743,0.36979814499396174,0.028214360179012927,-0.09027854292500648,0.0,0.11900290030665465,0.20927667590562327,0.17151545293922496,Banks—Regional,Financial Services,ATLO
2013Q3,2013,Q3,2013-11-08,2013-09-30,3712067.0,10330874.0,0.0,0.4,10330874.0,1.0,1213232819.0,141353605.0,610987360.0,0.0,1071879214.0,0.0,100267297.0,207968564.88,205612987.88,15.231793756319929,0.0,0.04744214226535855,0.40719417095871024,0.0,15.231793756319929,0.02626085836296853,20.13078127562102,14.00625075463347,1.4712646690546025,0.40132546098979355,0.0,0.007163327788791539,0.008515162002059228,0.0,0.00305964934501166,37.827790035672635,1.0,0.142857142857143,540.4818127024889,2.2318356365258873,0.3724859002857624,0.01325366871252051,0.13217785363449372,0.0,0.052631492592685715,0.11187201666794183,0.1555193637698669,Banks—Regional,Financial Services,ATLO
2013Q2,2013,Q2,2013-08-09,2013-06-30,3278696.0,10195743.0,0.0,0.35,10195743.0,1.0,1206913504.0,136385218.0,585665998.0,0.0,1070528286.0,0.0,98044977.0,213583628.4,192321795.4,14.55908860475188,0.0,0.028648333857734347,0.2535176576100791,0.0,14.55908860475188,0.02403996597343856,20.948314252330604,16.285714534070863,1.5660320930087894,0.4543714940329936,0.0,0.006975000898523925,0.008447782683853374,0.0,0.0027165956708029345,36.04363578556848,1.0,-0.10256410256410266,0.7499999733125612,0.3843051960348544,0.27147986509742394,0.02698316192677212,-0.08567865443145356,0.0,0.06060599353914856,0.14571201957720498,0.1618953335232638,Banks—Regional,Financial Services,ATLO
2013Q1,2013,Q1,2013-05-09,2013-03-31,3585934.0,9927858.0,0.0,0.39,9927858.0,1.0,1254530353.0,145771682.0,627322841.0,0.0,1108758671.0,0.0,96256026.0,185365212.48,119192217.47999999,15.853876084958916,0.0,0.025980732887058332,0.22359361950697668,0.0,15.853876084958916,0.02459966127028705,18.67121915724419,12.923077535727094,1.2716133197941697,0.3894737047586487,0.0,0.007534461193200904,0.007913605259736589,0.0,0.002858387596142921,30.142522914811877,1.0,0.054054054054054106,0.25806452154561094,0.20513038302181608,0.31857330442557025,0.001946901100835267,0.03378605308730349,0.0,0.11428562738008546,0.0828392351317058,0.2842472500066262,Banks—Regional,Financial Services,ATLO
2012Q4,2012,Q4,2013-03-12,2012-12-31,3468739.0,9908567.0,0.0,0.37,9908567.0,1.0,1217692099.0,144735735.0,610137585.0,0.0,1072956364.0,0.0,94159839.0,205311843.0,160478474.0,15.43852780328897,0.0,0.02842347012715568,0.2391326164198496,0.0,15.43852780328897,0.023966016409147334,20.720639321508347,14.797296870707193,1.4185290384575724,0.40263738494017565,0.0,0.006802549622040069,0.008137169493123236,0.0,0.002848617481257058,18.181738263426237,1.0,-0.09756097560975606,0.2718180762144782,0.25604597547179,0.31299339900539697,-0.038464087650414557,-0.10159453715946277,0.0,1.1846107189508033,0.09622818897488582,0.28380323219989173,Banks—Regional,Financial Services,ATLO
2012Q3,2012,Q3,2012-11-09,2012-09-30,3860995.0,10304937.0,0.0,0.41,10304937.0,1.0,1167878338.0,144053584.0,575302974.0,0.0,1023824754.0,0.0,92087734.0,197193257.34,172519458.34,15.297085152150974,0.0,0.029650617597121662,0.24038495286587247,0.0,15.297085152150974,0.02680249177278366,19.135804259647585,12.768292715996784,1.3688882418919894,0.3617300721705156,0.0,0.00708258496684763,0.00882363912806815,0.0,0.0033059907649387365,1397.5623845837645,1.0,0.13888888888888887,0.32258063273417814,0.3016262583706683,0.29910672968311436,0.03791102736596815,0.16666958762512782,0.0,0.5185185735899757,0.10097934954241117,0.2911966245729414,Banks—Regional,Financial Services,ATLO
2012Q2,2012,Q2,2012-08-09,2012-06-30,3309416.0,9928536.0,0.0,0.36,9928536.0,1.0,1157724000.0,140034947.0,577551085.0,0.0,1017689053.0,0.0,89623377.0,211342977.77999997,176293455.77999997,15.233075001343439,0.0,0.0299254882856363,0.24740578507163644,0.0,15.233075001343439,0.023632786464367356,21.286419043049243,15.965277391841942,1.5092159657831699,0.4220194741307832,0.0,0.0066083955789335335,0.00857590928407807,0.0,0.002858553506707989,59.043339776586095,1.0,-0.05263157894736847,0.20000002900813996,0.26691352377639044,0.30431224085399466,0.032808735459097085,-0.06596996238948419,0.0,0.3846153835988926,0.12405579234692586,0.3146233417908853,Banks—Regional,Financial Services,ATLO
2012Q1,2012,Q1,2012-05-09,2012-03-31,3543158.0,9613141.0,0.0,0.38,9613141.0,1.0,1094656376.0,137114221.0,0.0,0.0,957542155.0,0.0,87710599.0,221913580.0,164342323.0,14.705357192651302,0.0,0.03166515425293608,0.2527999119799543,0.0,14.705357192651302,0.025840922802602657,23.084398741264692,15.657894736842106,1.618457796584061,0.3416215139149877,0.0,0.00545446114654182,0.008781880059135562,0.0,0.0032367764694772126,36.16798323759754,1.0,-0.025641025641025664,0.4074074241555185,0.3086398416916643,0.2196949234071005,0.03683844950003182,-0.019884150659467116,0.0,0.4615384615384615,0.17530699051797236,0.3283464149585147,Banks—Regional,Financial Services,ATLO
2011Q4,2011,Q4,2012-03-13,2011-12-31,3615040.0,9271590.0,0.0,0.39,9271590.0,1.0,1035563833.0,134557385.0,0.0,0.0,901006448.0,0.0,85564078.0,181819950.0,160428588.0,14.431139198421295,0.0,0.033971189297029074,0.2614448474901619,0.0,14.431139198421295,0.02686615825656838,19.610438986193305,12.573854646144994,1.351244675273676,0.33640264008143755,0.0,0.006688534454002435,0.008953180580998525,0.0,0.0034908905514084328,27.67237824994913,1.0,0.026315789473684233,0.3304896083230637,0.26452470756633933,0.19324193278220803,-0.05392189775823044,0.007010273898192527,0.0,1.3079264190215352,-0.5141138769283583,0.3048660761023845,Banks—Regional,Financial Services,ATLO
2011Q3,2011,Q3,2011-11-09,2011-09-30,3589874.0,9800026.0,0.0,0.38,9800026.0,1.0,1020228010.0,133515771.0,0.0,1001014.0,886712239.0,0.0,83157897.0,147657188.31,130238582.31,14.133084373438995,0.0,0.03939951619246368,0.3010617374931685,0.0,14.133084373438995,0.026887265624972498,15.06702005790597,10.282894908707103,1.1059157072163408,0.3407960836508468,0.0,0.008285509252902013,0.009605721372029375,64.87000981005261,0.0035186977467909354,34.53189017639523,1.0,0.11764705882352934,0.40740731753830894,0.3531455132084589,0.19209651463652908,0.027367853849972194,0.10683387536181481,0.0,513.407741185152,2.0116163810288534,0.2734848790902073,Banks—Regional,Financial Services,ATLO
2011Q2,2011,Q2,2011-08-09,2011-06-30,3243372.0,9538965.0,0.0,0.34,9538965.0,1.0,1000556396.0,130277392.0,0.0,915180.0,870279004.0,0.0,80782828.0,173234214.64000002,164678986.64000002,13.65687167304954,0.0,0.03710721269528519,0.284990806386422,0.0,13.65687167304954,0.024895892911334917,18.16069297245561,13.352940600091511,1.3297335169251776,0.3780876815857077,0.0,0.0070787344321578995,0.009533660509427196,56.70831967481807,0.003241568404306118,37.326883286461296,1.0,-0.081081081081081,0.1724138225082674,0.29698293328546915,0.21396073860447226,0.03174819497484111,-0.06598923375841356,0.0,0.7000000733804231,0.2718313041394131,0.19268711276572312,Banks—Regional,Financial Services,ATLO
2011Q1,2011,Q1,2011-05-10,2011-03-31,3472521.0,9245439.0,0.0,0.37,9245439.0,1.0,1003731293.0,124739789.0,0.0,402556.0,878991504.0,0.0,78765735.0,179257167.20000002,161362759.20000002,13.29112808773651,0.0,0.0364955334714268,0.2936649908875507,0.0,13.29112808773651,0.027838118276759312,19.388713418584018,12.905405554062886,1.4370488248941966,0.2988091360714593,0.0,0.005788449166120706,0.009211069799733742,152.1584400679657,0.003459612173314995,34.267939375795976,1.0,0.15624999999999997,0.19354831187519125,0.19516757780513078,0.1467338685564596,0.051988642020541535,0.15008626008782663,0.0,0.1935484350701747,0.09951348560303909,0.10542851402863455,Banks—Regional,Financial Services,ATLO
2010Q4,2010,Q4,2011-03-10,2010-12-31,3019357.0,8788535.0,0.0,0.32,8788535.0,1.0,962974845.0,121363024.0,0.0,2047175.0,841611821.0,0.0,76519493.0,203377110.64000002,187461835.64000002,12.931330973303476,0.0,0.01951522627779545,0.15484676782608844,0.0,12.931330973303476,0.02487872253413857,23.1411845819582,16.839438880529862,1.6757749101571497,0.343655950588155,0.0,0.005101950739366645,0.00912644296539231,19.93306971802606,0.0031354474269782197,35.76969438971687,1.0,-0.15789473684210525,0.11573017254457799,0.18374202701794032,0.11223500516119353,-0.060741870429170376,-0.14979088004401755,0.0,0.1058457691705061,0.11285324756852072,0.0997649791895575,Banks—Regional,Financial Services,ATLO
2010Q3,2010,Q3,2010-11-05,2010-09-30,3551311.0,9356890.0,0.0,0.38,9356890.0,1.0,916708366.0,123190983.0,0.0,163311.0,793517383.0,0.0,74537756.0,186350366.70000002,180499553.70000002,13.181772832111095,0.0,0.03999451991474462,0.29761359238443613,0.0,13.181772832111095,0.028827686195181997,19.91584454877636,13.11842068323501,1.5126948593307352,0.2921794233171919,0.0,0.005568113539966541,0.010207052042983101,303.934713522053,0.0038739812264351036,50.956374675046085,1.0,0.15151515151515146,0.2258064441124841,0.20721587918825377,0.12883317448344578,0.039789386000316486,0.13605380156020175,0.0,0.22580647778695076,0.19092049716072143,0.11946358571074782,Banks—Regional,Financial Services,ATLO
2010Q2,2010,Q2,2010-08-06,2010-06-30,3126006.0,8998832.0,0.0,0.33,8998832.0,1.0,926978437.0,118697898.0,0.0,6819.0,808280539.0,0.0,72024066.0,185097437.29999998,181575906.29999998,12.530464823026483,0.0,0.04154014533997191,0.32441028568172287,0.0,12.530464823026483,0.02633581598892341,20.569051327994565,14.803029592713512,1.5593994537291638,0.33193186449418205,0.0,0.005605809648883778,0.009707703697103366,7031.330253702889,0.0033722531994560302,48.103532215129455,1.0,-0.05714285714285704,0.04709650102186891,0.1356799122551833,0.055848607147224526,-0.03393642133053239,-0.043917910447761194,0.0,0.10000005278301065,0.1143481737740919,0.07290475828566748,Banks—Regional,Financial Services,ATLO
2010Q1,2010,Q1,2010-05-07,2010-03-31,3269600.0,9314948.0,0.0,0.35,9314948.0,1.0,926355022.0,115322323.0,0.0,101535.0,811032699.0,0.0,69935681.0,187301365.70000002,166383062.70000002,12.34487835958155,0.0,0.04167034677121878,0.3347273450258195,0.0,12.34487835958155,0.028351839565354576,20.10761259214759,14.321428133410816,1.6241553311408756,0.2885037925128456,0.0,0.005036225958495507,0.010055483889847148,649.7341015413405,0.003529532330856193,57.29980264904877,1.0,1.0588235294117645,0.09374997538826377,0.19326704692224267,0.08073166088943734,0.03422223278224099,1.0665236566900986,0.0,0.29629635136912813,0.26565580783307,0.023911576441285463,Banks—Regional,Financial Services,ATLO
2009Q4,2009,Q4,2010-03-10,2009-12-31,1582174.0,9006718.0,0.0,0.17,9006718.0,1.0,915569799.0,112339888.0,0.0,138874.0,803229911.0,0.0,67703701.0,197203582.54,190269704.54,12.025618425055615,0.0,0.04001756506168898,0.3261430525905456,0.0,12.025618425055615,0.014083813222245691,21.895165646354197,31.160223613205627,1.7554190773271914,0.5961992802308722,0.0,0.004783336021842639,0.009837281668571072,354.8754842519118,0.001728075785951083,32.12797233981719,1.0,-0.37037037037037035,-0.5000338454771477,0.07992087819221252,0.021090951545783596,-0.04929878444288716,-0.3852213678524787,0.0,-0.4187901326630127,0.2260834262390781,-0.005659083796761843,Banks—Regional,Financial Services,ATLO
2009Q3,2009,Q3,2009-11-06,2009-09-30,2573567.0,9473763.0,0.0,0.27,9473763.0,1.0,881204141.0,112924463.0,0.0,42471.0,768279678.0,0.0,67064818.0,229810010.29999998,219967566.29999998,11.847215877915131,0.0,0.04487322421695247,0.3501674477743587,0.0,11.847215877915131,0.02279016372209802,24.257521567723405,22.32407494151114,2.0350772914456985,0.36653096655342565,0.0,0.004104660187641966,0.010750928824788624,1326.628428810247,0.0029205116955981257,-60.27838332444147,1.0,0.03846153846153849,-0.2500000024551029,0.1524132997646139,0.012195614066594546,0.06421090730012577,0.06835553913500117,0.0,-8.599725402613542e-08,0.2964735902619094,-0.0007117779080641763,Banks—Regional,Financial Services,ATLO
2009Q2,2009,Q2,2009-08-06,2009-06-30,2408905.0,8902148.0,0.0,0.26,8902148.0,1.0,883925789.0,107357541.0,0.0,325219.0,776568248.0,0.0,65434543.0,226159113.79,213589152.79,11.587406458637592,0.0,0.04618625172842423,0.38027341740250925,0.0,11.587406458637592,0.02243815364586266,25.40500492577746,23.471153261544146,2.1065973725124723,0.3915849732554833,0.0,0.0041709174757197385,0.010071148631234246,181.02727700411108,0.002725234437073314,81.57900644994663,1.0,0.0,-0.14285715844449032,0.14654978505902505,0.048843703120965136,0.08085740119431421,-0.013204896073146153,0.0,-0.10344826974470867,0.24623323601027966,0.03000576118739197,Banks—Regional,Financial Services,ATLO
2009Q1,2009,Q1,2009-04-28,2009-03-31,2441140.0,8236191.0,0.0,0.26,8236191.0,1.0,873732135.0,103940205.0,0.0,372757.0,769791930.0,0.0,63968930.0,160458010.0,172304122.0,11.070423367770795,0.0,0.04792402078698868,0.4028542853075958,0.0,11.070423367770795,0.023486003322775822,19.482065192514355,16.432692307692307,1.5437530645624569,1.0819600678371581,0.0,0.016460480844801704,0.009426448530475534,97.21463044288906,0.0027939226477002588,26.309215324397993,1.0,0.5294117647058822,-0.1789473314933639,0.07145749872470945,-0.06426194750258521,-0.5713584463092846,0.5477083374279843,0.0,-0.16129036577795117,0.06426920983961527,-0.04486441396987745,Banks—Regional,Financial Services,ATLO
2008Q4,2008,Q4,2009-03-13,2008-12-31,1577261.0,19214635.0,0.0,0.17,19214635.0,1.0,858140881.0,103837450.0,0.0,1063806.0,754303431.0,0.0,62471081.0,249184060.0,258649514.0,11.05947917776121,0.0,0.05193064097828478,0.4291689173800011,0.0,11.05947917776121,0.015189712382189663,12.968451391348314,39.496326226287216,2.399751342121749,1.6745592517661947,0.0,0.010599462100424882,0.022391002952346237,39.24459816921507,0.0018379977401402929,65.79772032754151,1.0,229.12978279756734,-0.45097490985112104,1.4426168673925037,-0.03530711618298007,4.966912893838482,227.3899507674486,0.0,-0.4173978276919377,1.5870006746447598,-0.04876459308388051,Banks—Regional,Financial Services,ATLO
2008Q3,2008,Q3,2008-11-10,2008-09-30,6906.0,3220197.0,0.0,0.0007387135986198699,3220197.0,1.0,846471832.0,103751322.0,0.0,1089061.0,742720510.0,0.0,63535036.0,242598349.79999998,248420775.79999998,11.097960097913246,0.0,0.047950870265934614,0.39121488013425026,0.0,11.097960097913246,6.656300726462069e-05,75.33649332633996,8782.158622936577,2.338267552870314,382.452360266435,0.0,0.010887196892218927,0.0038042577180524536,39.01532421048959,8.158570361027678e-06,132.0174038867581,1.0,-0.9963064320069006,-0.9978484070186555,-0.6074590505982165,-0.0008064139263979557,-0.5613001885476383,-0.9963014158625665,0.0,-0.997617052989359,-0.5846727045842282,-0.04961603517395231,Banks—Regional,Financial Services,ATLO
2008Q2,2008,Q2,2008-08-08,2008-06-30,1867201.0,7340320.0,0.0,0.2,7340320.0,1.0,872349618.0,106901987.0,0.0,685072.0,765447631.0,0.0,66169346.0,156191363.65,167336019.65,11.45050661391034,0.0,0.04606532882094986,0.37590575374431534,0.0,11.45050661391034,0.01746647609085133,21.278549661322668,20.912499999999998,1.461070724999714,1.414032019048833,0.0,0.016904148464421193,0.008414424501989063,52.12542039376883,0.0021404273716320926,59.3231633870006,1.0,-0.3548387096774193,-0.2941176470588235,-0.0408924107789717,0.008494820442221385,-0.12440995676634597,-0.3562769855355461,0.0,-0.36539609043793236,-0.06006122812357919,-0.035151398596942295,Banks—Regional,Financial Services,ATLO
2008Q1,2008,Q1,2008-05-12,2008-03-31,2900628.0,8383284.0,0.0,0.31,8383284.0,1.0,901447700.0,112502337.0,0.0,386800.0,788945363.0,0.0,66943362.0,184798083.75,196153399.75,12.023507553010544,0.0,0.04424749211740182,0.35454196831484486,0.0,12.023507553010544,0.025782824404794364,22.043638716044928,15.927420178492383,1.6426155107337903,0.8777364763768398,0.0,0.013777128790167988,0.009299800753831864,93.32915460186143,0.0032177440798839465,42.87402903121554,1.0,0.06896551724137938,0.01086946598509581,0.10058962305851407,0.09649445944485445,0.06475181251248656,0.06557722127504345,0.0,-0.031250101524877186,0.0721797364009864,0.05259727224418271,Banks—Regional,Financial Services,ATLO
2007Q4,2007,Q4,2008-03-17,2007-12-31,2722119.0,7873463.0,0.0,0.29,7873463.0,1.0,861591148.0,110020523.0,0.0,737420.0,751570625.0,0.0,66683016.0,182458867.5,180517097.5,11.758267646268274,0.0,0.02871132097564215,0.22484368666380544,0.0,11.758267646268274,0.024741920196107412,23.1739029573137,16.757062007575716,1.6584075636506472,0.9352952607876437,0.0,0.01395374768507757,0.009138282140289585,47.058786037807494,0.0031594092004297147,52.744706778832494,1.0,-0.06451612903225812,0.0062711853798695354,0.006737257282672716,0.08403672561671931,-0.012010401075343298,-0.07364884386424682,0.0,-0.14120467328611547,-0.057486961739478364,-0.0016097072860061412,Banks—Regional,Financial Services,ATLO
2007Q3,2007,Q3,2007-11-08,2007-09-30,2938539.0,7969176.0,0.0,0.31,7969176.0,1.0,851292875.0,111617840.0,0.0,3361535.0,739675035.0,0.0,66506883.0,199062318.0,199107696.0,11.7750796009519,0.0,0.03096646967707794,0.2361767169119202,0.0,11.7750796009519,0.026326786112327562,24.979033967878234,16.93548375570309,1.7834274341807723,0.8664125267692551,0.0,0.012789899291738379,0.009361262420997003,10.330119424608103,0.00345185433391534,61.688329742688346,1.0,0.03333333333333337,-0.010638268797475588,0.04845662201161049,0.09928943420451133,-0.00813340031095806,0.03929644967463397,0.0,-0.1388888523870706,-0.02523229151270487,0.00603247633789087,Banks—Regional,Financial Services,ATLO
2007Q2,2007,Q2,2007-08-08,2007-06-30,2827431.0,8034524.0,0.0,0.3,8034524.0,1.0,840050621.0,110071978.0,0.0,1286770.0,729978643.0,0.0,66114331.0,202726802.70000002,185747287.70000002,11.679009461238842,0.0,0.003912585644050134,0.02986018839417967,0.0,11.679009461238842,0.025687109938189717,25.231961806324808,17.925,1.841765782568203,0.9000233781124986,0.0,0.012552627309797747,0.009564333147490167,21.743142131072375,0.003365786453004717,987.6874638253092,1.0,0.111111111111111,0.022727317502968775,0.10523894339799215,0.11251246170445238,0.09222069847539524,0.12154514016978882,0.0,-0.010989053608284257,0.017264322246819695,0.05713522485261852,Banks—Regional,Financial Services,ATLO
2007Q1,2007,Q1,2007-05-03,2007-03-31,2521014.0,7356136.0,0.0,0.27,7356136.0,1.0,857413387.0,112573420.0,0.0,956749.0,744839967.0,0.0,65832887.0,198226399.47,181591801.47,12.056586372904874,0.0,0.003448452105868508,0.026265072163571115,0.0,12.056586372904874,0.022394398251381186,26.947081928610345,19.65740764133004,1.7608632612387543,0.9720306987585154,0.0,0.012362142512561068,0.008579450836122764,28.376372486409707,0.0029402550021067025,101.30322347162124,1.0,-0.06896551724137918,-0.1382978650144617,0.03321853574269175,0.18727878496207978,0.001885924130744513,-0.07344957109149314,0.0,-0.14736839285094083,-0.03770965228585719,0.019094417399923475,Banks—Regional,Financial Services,ATLO
