Year,Date,FillingDate,NetIncome,Revenue,OperatingIncome,EPSDiluted,GrossProfit,GrossProfitRatio,TotalAssets,CommonStockEquity,CurrentAssets,CurrentLiability,TotalLiability,Inventory,RetainedEarnings,EnterpriseValue,bookValuePerShare,currentRatio,debtToAssets,debtToEquity,roic,shareholdersEquityPerShare,roe,priceToSalesRatio,peRatio,pbRatio,payoutRatio,inventoryTurnover,dividendYield,assetTurnover,quickRatio,returnOnAssets,priceToFreeCashFlowsRatio,grossProfitMargin,epsdilutedGrowth,fiveYNetIncomeGrowthPerShare,fiveYRevenueGrowthPerShare,fiveYShareholdersEquityGrowthPerShare,grossProfitGrowth,netIncomeGrowth,operatingIncomeGrowth,threeYNetIncomeGrowthPerShare,threeYRevenueGrowthPerShare,threeYShareholdersEquityGrowthPerShare,Industry,Sector,Price,MarketCap,AvgVolume,Symbol
2022,2022-12-31,2023-02-27,-159754000.0,0.0,-145196000.0,-6.27,0.0,0.0,558450000.0,522231000.0,383779000.0,28847000.0,36219000.0,0.0,-280759000.0,1866487137.62,20.486298276997463,13.303948417513086,0.015996060524666487,0.017105457163592356,-0.3068203436826963,20.486298276997463,-0.30590677305636776,0.0,-12.641023934424178,3.8669748399080097,0.0,0.0,0.0,0.0,13.144209103199639,-0.2860667920136091,-13.151940354937869,0.0,-0.9655172413793103,-3.241657715800627,0.0,1.219702054019947,0.0,-1.2543427644112044,-1.1266349322592457,-5.191392089138706,0.0,0.6053812416358341,Biotechnology,Healthcare,120.4,3106283880,308575,KRYS
2021,2021-12-31,2022-02-28,-70865000.0,0.0,-68275000.0,-3.19,0.0,0.0,626295000.0,593576000.0,442267000.0,25736000.0,32719000.0,0.0,-140784000.0,1219447377.7,26.741456871845667,17.184760646565124,0.012811853838845911,0.013518066768198176,-0.11407998114064312,26.741456871845667,-0.11938656549456178,0.0,-21.910243105905597,2.615788673564969,0.0,0.0,0.0,0.0,17.022691949020828,-0.11314955412385537,-13.353538862514407,0.0,-0.9101796407185629,-25.771085000290032,0.0,891.2992171455195,0.0,-1.2615286420935057,-1.0690020909724538,-2.284656815456843,0.0,1.6459179640126265,Biotechnology,Healthcare,120.4,3106283880,308575,KRYS
2020,2020-12-31,2021-03-01,-31335000.0,0.0,-32999000.0,-1.67,0.0,0.0,310844000.0,292084000.0,275058000.0,15452000.0,18760000.0,0.0,-71214000.0,870506660.0,15.547000422256454,17.800802485115195,0.03714403366318796,0.039529724325878854,-0.10199215773378546,15.547000422256454,-0.10728078224072526,0.0,-35.97350119674485,3.859265348324455,0.0,0.0,0.0,0.0,17.555138493398914,-0.10080619217356616,-27.54311831109808,0.0,-0.6534653465346534,-12.986015086024185,0.0,517.7666615256861,0.0,-0.9468779123951537,-0.49445224401068794,-0.12888987341037342,0.0,0.6845263260605756,Biotechnology,Healthcare,120.4,3106283880,308575,KRYS
2019,2019-12-31,2020-03-10,-16095000.0,0.0,-22081000.0,-1.01,0.0,0.0,209023000.0,202914000.0,195880000.0,3327000.0,6109000.0,0.0,-39047000.0,696349976.5400001,12.761017598612623,58.87586414186955,0.015605938102505466,0.016075775944488797,-0.08889837254519174,12.761017598612623,-0.07931931754339276,0.0,-54.71276648275862,4.339779298323427,0.0,0.0,0.0,0.0,58.216110610159305,-0.07700109557321443,-35.06697899569927,0.0,-0.041237113402061897,-7.487694255739086,0.0,424.8049988746311,0.0,-0.47809716227385435,-0.8530547163477677,-7.487694255739086,0.0,424.8049988746311,Biotechnology,Healthcare,120.4,3106283880,308575,KRYS
2018,2018-12-31,2019-03-12,-10889000.0,0.0,-11916000.0,-0.97,0.0,0.0,116116000.0,113226000.0,112650000.0,2596000.0,2890000.0,0.0,-19959000.0,129130023.18,10.106684045219346,43.39368258859784,0.0,0.0,-0.10524084574214403,10.106684045219346,-0.09617049087665377,0.0,-21.3793758086142,2.056065066150884,0.0,0.0,0.0,0.0,43.051232665639446,-0.09377691274242998,-19.93321544481548,0.0,0.3445945945945946,-7.150344618747211,0.0,336.2361612422468,0.0,-0.37487373737373736,-1.4970662196144173,-7.150344618747211,0.0,336.2361612422468,Biotechnology,Healthcare,120.4,3106283880,308575,KRYS
2017,2017-12-31,2018-03-12,-7920000.0,0.0,-4772000.0,-1.48,0.0,0.0,50114000.0,49474000.0,49914000.0,640000.0,640000.0,0.0,-9070000.0,6801838.719999999,9.229300950501965,77.990625,0.0,0.0,-0.09645470348061608,9.229300950501965,-0.16008408456967296,0.0,-7.120307919191919,1.1398479750980313,0.0,0.0,0.0,0.0,77.4859375,-0.1580396695534182,-13.754350907317074,0.0,-11.436974789915967,-11.389175787158466,0.0,306.9599609101219,0.0,-5.886956521739131,-3.1749781277340334,-11.389175787158466,0.0,306.9599609101219,Biotechnology,Healthcare,120.4,3106283880,308575,KRYS
2016,2016-12-31,2016-12-31,-1150000.0,0.0,-1143000.0,-0.119,0.0,0.0,2182000.0,289000.0,2169000.0,43000.0,1893000.0,0.0,-1150000.0,102524148.08,0.02996915872838267,50.44186046511628,0.8446379468377635,6.377162629757786,-0.5361163227016885,0.02996915872838267,-3.9792387543252596,0.0,-89.22099833043478,355.0316542560554,0.0,0.0,0.0,0.0,44.72093023255814,-0.5270394133822182,-77.37869387631976,0.0,0.0,0.0,0.0,0.0,0.0,0.0,0.0,0.0,0.0,0.0,Biotechnology,Healthcare,120.4,3106283880,308575,KRYS
TTM,,,,,,,,,,,,,,,,2974296880.0,19.040207341100846,10.133110959060327,0.016467141865987776,0.017889314208911565,-0.26578375739514254,19.040207341100846,-0.24021025216053035,0.0,-24.411362036336108,6.323460550773543,0.0,0.0,0.0,0.0,9.989365948226707,-0.23844451505790198,-20.382306415312236,0.0,,,,,,,,,,,Biotechnology,Healthcare,120.4,3106283880,308575,KRYS
