Quarters,Year,Quarter,FillingDate,Date,NetIncome,Revenue,OperatingIncome,EPSDiluted,GrossProfit,GrossProfitRatio,TotalAssets,CommonStockEquity,CurrentAssets,CurrentLiability,TotalLiability,Inventory,RetainedEarnings,MarketCap,EnterpriseValue,bookValuePerShare,currentRatio,debtToAssets,debtToEquity,roic,shareholdersEquityPerShare,roe,priceToSalesRatio,peRatio,pbRatio,payoutRatio,inventoryTurnover,dividendYield,assetTurnover,quickRatio,returnOnAssets,priceToFreeCashFlowsRatio,grossProfitMargin,epsdilutedGrowth,fiveYNetIncomeGrowthPerShare,fiveYRevenueGrowthPerShare,fiveYShareholdersEquityGrowthPerShare,grossProfitGrowth,netIncomeGrowth,operatingIncomeGrowth,threeYNetIncomeGrowthPerShare,threeYRevenueGrowthPerShare,threeYShareholdersEquityGrowthPerShare,Industry,Sector,Symbol
2023Q1,2023,Q1,2023-05-04,2023-03-31,-355000000.0,2774000000.0,-269000000.0,-3.23,821000000.0,0.295962509,3212000000.0,-2745000000.0,1607000000.0,1909000000.0,5957000000.0,83000000.0,-3635000000.0,3777400000.0000005,6812400000.0,-24.954545454545453,0.8418019905709796,1.2468866749688667,-1.459016393442623,-0.1271857448613603,-24.954545454545453,0.12932604735883424,1.361715933669791,-2.660140845070423,-1.3761020036429874,0.0,23.53012048192771,0.0,0.8636363636363636,0.64379256155055,-0.11052303860523038,-16.142735042735044,0.2959625090122567,0.006153846153846159,-1.6491035617131649,0.5887104898770044,-16.355222891790138,-0.08062709966405375,-0.011396011396011397,0.18731117824773413,-0.06221770288899864,0.018321611514757,-1.0043932242440694,Internet Retail,Consumer Cyclical,W
2022Q4,2022,Q4,2023-02-23,2022-12-31,-351000000.0,3101000000.0,-331000000.0,-3.25,893000000.0,0.2879716221,3580000000.0,-2550000000.0,1933000000.0,2072000000.0,6130000000.0,90000000.0,-3280000000.0,3552120000.0,6657120000.0,-23.61111111111111,0.9329150579150579,1.160614525139665,-1.6294117647058823,-0.13599300493026,-23.61111111111111,0.1376470588235294,1.1454756530151564,-2.5300000000000002,-1.3929882352941176,0.0,24.533333333333335,0.0,0.8662011173184357,0.7480694980694981,-0.09804469273743016,-186.95368421052632,0.28797162205740084,-0.2172284644194757,-2.9253583158126175,0.7537459303466421,-41.940085432946866,0.08373786407766991,-0.24028268551236748,0.02932551319648094,0.08154741355815175,0.057640810370937615,-1.333609225933269,Internet Retail,Consumer Cyclical,W
2022Q3,2022,Q3,2022-11-03,2022-09-30,-283000000.0,2840000000.0,-341000000.0,-2.67,824000000.0,0.2901408451,3653000000.0,-2378000000.0,2004000000.0,1961000000.0,6031000000.0,103000000.0,-2929000000.0,3450299999.9999995,6762300000.0,-22.433962264150942,1.0219275879653238,1.106761565836299,-1.7001682085786376,-0.13294841486330847,-22.433962264150942,0.1190075693860387,1.214894366197183,-3.0479681978798583,-1.4509251471825062,0.0,19.57281553398058,0.0,0.7774431973720229,0.8261091279959204,-0.07747057213249384,-6.413197026022304,0.29014084507042254,0.25833333333333336,-2.0489623246337647,0.951702189769436,-647.4521387592891,-0.08035714285714286,0.25132275132275134,-0.02710843373493976,0.0917920869643923,0.07542293012524491,-2.0421316619377667,Internet Retail,Consumer Cyclical,W
2022Q2,2022,Q2,2022-08-04,2022-06-30,-378000000.0,3284000000.0,-332000000.0,-3.6,896000000.0,0.2728380024,4098000000.0,-2145000000.0,2460000000.0,2218000000.0,6243000000.0,98000000.0,-2646000000.0,4573800000.0,7472800000.0,-20.428571428571427,1.109107303877367,0.9743777452415813,-1.8615384615384616,-0.11944048676167009,-20.428571428571427,0.17622377622377622,1.3927527405602924,-3.025,-2.1323076923076925,0.0,24.367346938775512,0.0,0.8013665202537823,0.9224526600541028,-0.09224011713030747,-18.745081967213114,0.2728380024360536,-0.1842105263157895,-7.030106752411576,1.415344069900665,-149.36207226609235,0.11581569115815692,-0.18495297805642633,-0.07096774193548387,-0.8164825380074531,0.22531339497784833,-2.0979797281368087,Internet Retail,Consumer Cyclical,W
2022Q1,2022,Q1,2022-05-05,2022-03-31,-319000000.0,2993000000.0,-310000000.0,-3.04,803000000.0,0.2682926829,4256000000.0,-1904000000.0,2680000000.0,2199000000.0,6160000000.0,80000000.0,-2268000000.0,11631900000.0,14366900000.0,-18.133333333333333,1.2187357889949977,0.9245770676691729,-2.066701680672269,-0.10679081138986801,-18.133333333333333,0.16754201680672268,3.886368192449048,-9.115909090909092,-6.109191176470588,0.0,27.375,0.0,0.7032424812030075,1.02637562528422,-0.074953007518797,-35.1416918429003,0.2682926829268293,-0.5833333333333334,-3.6231019633308317,1.552427023899353,-43.7875450240433,-0.08853575482406356,-0.5792079207920792,-0.5816326530612245,-0.38122665700925984,0.33528337379349477,-2.4478337545680136,Internet Retail,Consumer Cyclical,W
2021Q4,2021,Q4,2022-02-24,2021-12-31,-202000000.0,3252000000.0,-196000000.0,-1.92,881000000.0,0.2709102091,4570000000.0,-1619000000.0,3012000000.0,2217000000.0,6189000000.0,69000000.0,-1949000000.0,19946850000.0,22184850000.0,-15.41904761904762,1.3585926928281462,0.887089715536105,-2.5040148239654108,-0.05748893912927316,-15.41904761904762,0.12476837554045707,6.133717712177122,-24.686695544554453,-12.320475602223594,0.0,34.36231884057971,0.0,0.711597374179431,1.1840324763193504,-0.044201312910284465,1326.253324468085,0.270910209102091,-1.5599999999999998,-2.7449861116527785,1.6916946862213729,-17.619994553298493,-0.00195756790313664,-1.589046538752387,-1.808103384051119,-0.2096280884351377,0.390866580772857,-3.2167741446861915,Internet Retail,Consumer Cyclical,W
2021Q3,2021,Q3,2021-11-04,2021-09-30,-78021000.0,3121083000.0,-69798000.0,-0.75,882728000.0,0.28282746726056307,4466217000.0,-1530081000.0,2955193000.0,2030492000.0,5996298000.0,66621000.0,-1747030000.0,26586837540.0,28639086540.0,-14.704682184250485,1.4554073593986088,0.8770442636351973,-2.5600409390091112,-0.022515548107721273,-14.704682184250485,0.05099141810139463,8.518465398068555,-85.19128676894682,-17.376098088924703,0.0,33.59833986280602,0.0,0.6988202767577124,1.2606353534020327,-0.017469146707381214,-130.8619881181491,0.28282746726056307,-1.6578947368421053,-0.04714146855370688,1.9630141802690062,-12.324856813243299,-0.21748133964505434,-1.5981921059895114,-1.4806793060940588,0.5562581710634131,0.5790487487557389,-3.2289366272230873,Internet Retail,Consumer Cyclical,W
2021Q2,2021,Q2,2021-08-05,2021-06-30,130428000.0,3857626000.0,145207000.0,1.14,1128060000.0,0.29242337126512524,4681224000.0,-1541878000.0,3133860000.0,2225630000.0,6223102000.0,59914000.0,-1669009000.0,32779853589.999996,34648816590.0,-14.850167101676796,1.4080777128273791,0.8432439891788985,-2.5601338108462537,0.042587776330127045,-14.850167101676796,-0.08459035020929023,8.497416180314005,62.83131994280369,-21.259693432294902,0.0,45.558066562072305,0.0,0.8240635355197701,1.2271810678324788,0.027861943799314025,158.4049908426236,0.29242337126512524,6.124999999999999,3.2062921726791154,3.0030461526509153,-8.76810954741226,0.12465566729509774,6.1530108588351435,4.512375673828866,2.1118249147062316,1.0012281163110037,-5.773197999014211,Internet Retail,Consumer Cyclical,W
2021Q1,2021,Q1,2021-05-06,2021-03-31,18234000.0,3477518000.0,26342000.0,0.16,1003027000.0,0.28843186433542545,4774933000.0,-1469709000.0,3216875000.0,2220022000.0,6244642000.0,59613000.0,-1799437000.0,32368890000.0,34263433000.0,-14.291219369894982,1.4490284330515644,0.6408657461790563,-2.0821067299717155,0.011783029157730782,-14.291219369894982,-0.012406537620712671,9.308043840463228,443.79853570253374,-22.02401291684272,0.0,41.50925133779545,0.0,0.7282862398278678,1.2621726271181097,0.0038186923251069703,291.11331954312436,0.28843186433542545,-0.30434782608695654,1.3633656786506039,2.8208358679537313,-6.886764385875447,-0.057827896185385926,-0.23444453774456295,-0.738059961219112,1.1455402615815231,1.1302879469881995,-8.939163108050844,Internet Retail,Consumer Cyclical,W
2020Q4,2020,Q4,2021-02-25,2020-12-31,23818000.0,3670851000.0,100565000.0,0.23,1064590000.0,0.290011771112475,3730108000.0,-1191897000.0,3045802000.0,2165594000.0,5761826000.0,52152000.0,0.0,22348641510.0,22975730510.0,-12.042891352012205,1.4064510706993092,0.7389944205368852,-2.312724169957639,0.03970147532211125,-12.042891352012205,-0.01998327036648301,6.088136377641043,234.577226362415,-18.7504805448793,0.0,49.97432504985427,0.0,0.9841138647996251,1.24743465303284,0.006385337904425288,174.2040806765921,0.290011771112475,-0.8622754491017964,2.3075894862621693,3.221006393054568,-5.180267850573129,-0.07219450806499406,-0.862455678366423,-0.5467063924923599,1.2906653599882016,1.2654133941618215,-20.901670831227808,Internet Retail,Consumer Cyclical,W
2020Q3,2020,Q3,2020-11-03,2020-09-30,173166000.0,3839570000.0,221854000.0,1.67,1147428000.0,0.2988428391720948,4558440000.0,-1459586000.0,3043466000.0,2217353000.0,6018026000.0,54241000.0,-1909768000.0,27754496730.0,29041403730.0,-15.30397491952649,1.372567200621642,0.6278759838892253,-1.9609224807582424,0.09841005687164174,-15.30397491952649,-0.11864049120778083,7.228542969655456,40.069206325144656,-19.015321282884326,0.0,49.632971368521964,0.0,0.842299119874343,1.2025942644224894,0.037987995893331926,108.82921377260536,0.2988428391720948,-0.34251968503937014,10.840378992935548,4.685657038877861,-6.040476647059236,-0.13141412382761936,-0.3677234671038459,-0.2604817365449103,3.073522102680357,1.9326363986217698,-441.9959864315057,Internet Retail,Consumer Cyclical,W
2020Q2,2020,Q2,2020-08-05,2020-06-30,273877000.0,4304672000.0,299998000.0,2.54,1321030000.0,0.3068828472877841,4379496000.0,-787392000.0,2879027000.0,2283421000.0,5166888000.0,42841000.0,-2082934000.0,18740146740.0,18739634740.0,-8.302844971212856,1.2608393283586339,0.45398214771745427,-2.525061214744371,0.14519616269508834,-8.302844971212856,-0.3478280195887182,4.353443593379472,17.106353162185947,-23.80027577115338,0.0,69.64454611236899,0.0,0.9829149290237963,1.0918709252476875,0.06253619137909933,17.7867418057293,0.3068828472877841,1.8355263157894737,13.487964073308158,6.717057271951824,-3.6012761924560084,1.2810870920339894,1.9580641211760796,2.144733427965261,7.4418455963702215,2.5054288166995695,-61.29923775827065,Internet Retail,Consumer Cyclical,W
2020Q1,2020,Q1,2020-05-05,2020-03-31,-285865000.0,2330063000.0,-262068000.0,-3.04,579123000.0,0.24854392349048074,2751421000.0,-1171401000.0,1278211000.0,1493927000.0,3922822000.0,56574000.0,-2356811000.0,5028116160.0,6247201160.0,-12.449925070943468,0.8556047249966029,0.5731834568392115,-1.3463101021767951,-0.21155492459233569,-12.449925070943468,0.24403684135492457,2.157931420738409,-4.397282073706119,-4.292395311255497,0.0,30.949552798105138,0.0,0.8468580417173526,0.6702047690415931,-0.10389722256245046,-14.178764941924241,0.24854392349048074,0.14124293785310735,-8.316479319115412,3.8557758934542368,-4.666148566935409,0.0030622407357691543,0.1343247875671518,0.14194505289420178,-3.62332284164935,1.2175056095782963,-30.37693361317789,Internet Retail,Consumer Cyclical,W
2019Q4,2019,Q4,2020-02-28,2019-12-31,-330222000.0,2533490000.0,-305421000.0,-3.54,577355000.0,0.22788919632601667,2953048000.0,-944208000.0,1377138000.0,1611519000.0,3897256000.0,61692000.0,-2065423000.0,8433418770.0,9397964770.0,-10.117851287491561,0.8545589595902996,0.5239667624772777,-1.6387268483215562,-0.20228293016444138,-10.117851287491561,0.34973438056021555,3.3287752349525754,-6.384658479749987,-8.931738314015556,0.0,31.708082085197432,0.0,0.8579237452286587,0.7043373363888357,-0.1118241220596482,-53.20433266039998,0.22788919632601667,-0.20408163265306126,-2.9055313235408393,4.320299981699982,-3.6517739837681624,0.06933236529047768,-0.21389527082912124,-0.17601238309030492,-5.888342939537205,1.3594151829751984,-11.905902714864336,Internet Retail,Consumer Cyclical,W
2019Q3,2019,Q3,2019-10-31,2019-09-30,-272035000.0,2305487000.0,-259709000.0,-2.94,539921000.0,0.23418956602227642,3007635000.0,-682429000.0,1670701000.0,1433659000.0,3690064000.0,68622000.0,-1735201000.0,10375584800.0,10522175800.0,-7.374421871623082,1.165340572618733,0.4774272809034341,-2.1041412366707744,-0.16574478258642003,-7.374421871623082,0.39862754953262536,4.500387466942993,-9.53515613799695,-15.203903702802783,0.0,25.72886246393285,0.0,0.7665448101248988,0.9605568688230605,-0.09044814280988218,-57.35536097291321,0.23418956602227642,-0.48484848484848486,-9.076558985379519,5.1328052275120175,-7.699635433830532,-0.03516619013581129,-0.49520715848256,-0.5171956512849273,-3.1053285067690677,1.4610496428411661,-6.679433987769514,Internet Retail,Consumer Cyclical,W
2019Q2,2019,Q2,2019-08-01,2019-06-30,-181938000.0,2343251000.0,-171177000.0,-1.98,559600000.0,0.23881351165538817,2182100000.0,-605357000.0,1056900000.0,1333511000.0,2787457000.0,45611000.0,-1463166000.0,13136866200.0,13262701200.0,-6.594159168645564,0.7925693901287654,0.3490234178085331,-1.2581071995533215,-0.20429497694551216,-6.594159168645564,0.3005466195980223,5.606256521388447,-18.051295221449063,-21.7010230326898,0.0,39.10572011137664,0.0,1.0738513358691169,0.5937318852262936,-0.08337748040878053,-143.6178264149293,0.23881351165538817,0.10000000000000007,-6.0165575811014795,6.150002986633237,-7.928978065117553,0.1894842450728655,0.09207591235047832,0.11597653304688227,-2.4808245563543574,1.7501464196146492,-4.449398949142314,Internet Retail,Consumer Cyclical,W
2019Q1,2019,Q1,2019-05-02,2019-03-31,-200389000.0,1944829000.0,-193634000.0,-2.2,470456000.0,0.2419009589017852,2113865000.0,-479147000.0,1117832000.0,1229813000.0,2593012000.0,43643000.0,-1281228000.0,13574496000.0,13685594000.0,-5.259340972953987,0.9089446932175868,0.3548741286695224,-1.565607214487412,-0.22103577818052456,-5.259340972953987,0.41822029565039537,6.979788968593126,-16.93518107281338,-28.330545740659964,0.0,33.7825768164425,0.0,0.9200346285122276,0.7043818857013221,-0.09479744449148834,-81.37357703351577,0.2419009589017852,-0.3836477987421384,-4.521140883875571,4.388273281842383,0.0,-0.030231570615226685,-0.39308978414265355,-0.49403186605455035,-3.5077565604452654,1.4120985062900246,-3.166400244193338,Internet Retail,Consumer Cyclical,W
2018Q4,2018,Q4,2019-02-25,2018-12-31,-143845000.0,2014004000.0,-129605000.0,-1.59,485122000.0,0.2408743974689226,1890850000.0,-330721000.0,1255936000.0,1139223000.0,2221571000.0,46164000.0,-1082689000.0,8147285600.0,8151006600.0,-3.6565979324451323,1.1024496520874316,0.39077875029748527,-2.2342215946371713,-0.20049668529940945,-3.6565979324451323,0.4349436534117882,4.045317486956332,-14.159834544127358,-24.634920673316785,0.0,33.118490598734944,0.0,1.0651315545918503,0.9338391166610926,-0.076074252320385,-351.9041810642709,0.2408743974689226,0.059171597633136015,-25.91433770216658,4.30416838994016,-6.109249676883646,0.23512997428520507,0.051942317071563215,0.10780912257513803,-7.641403707326353,1.5341538472446292,-2.269259875612724,Internet Retail,Consumer Cyclical,W
2018Q3,2018,Q3,2018-11-01,2018-09-30,-151726000.0,1705645000.0,-145266000.0,-1.69,392770000.0,0.23027652295759082,1299638000.0,-312221000.0,763182000.0,1002311000.0,1611859000.0,35723000.0,-938844000.0,12897722879.999998,12785783879.999998,-3.477158321454027,0.7614223529423503,0.2667211946711315,-1.110242424436537,-0.6668781135202955,-3.477158321454027,0.48595706246536907,7.561786233360399,-21.25166892951768,-41.30959442189987,0.0,36.75153262603925,0.0,1.3124000683267187,0.5584145040810686,-0.11674481663355488,-219.337837865415,0.23027652295759082,-0.49557522123893816,-38.21840630421819,4.631228060939645,0.0,0.02016326975873166,-0.5062044592689658,-0.5236786624571267,-8.157923414186296,1.68271485358942,-2.1452276555324485,Internet Retail,Consumer Cyclical,W
2018Q2,2018,Q2,2018-08-02,2018-06-30,-100734000.0,1655256000.0,-95339000.0,-1.13,385007000.0,0.23259664970252336,1287268000.0,-195478000.0,793961000.0,890298000.0,1482746000.0,30710000.0,-787118000.0,10588404080.0,10447167080.0,-2.1924897373202628,0.8917924110803349,0.26589723352091404,-1.7509949968794443,-0.3321096938469325,-2.1924897373202628,0.5153214172438842,6.396837758026553,-26.278128735084483,-54.166730169123895,0.0,41.36271572777597,0.0,1.2858674339764524,0.685398596874305,-0.07825410093313902,-1403.3670086149768,0.23259664970252336,0.07377049180327876,-3.000079122246596,4.200491705464307,-3.3038135582353276,0.18893905331291072,0.06533054975643703,0.07499830210829639,-3.885577527488513,2.1563167495562303,-1.686905678194568,Internet Retail,Consumer Cyclical,W
2018Q1,2018,Q1,2018-05-02,2018-03-31,-107775000.0,1404269000.0,-103069000.0,-1.22,323824000.0,0.23059969279390202,1226446000.0,-127204000.0,796880000.0,799652000.0,1353650000.0,34550000.0,-686384000.0,5974176510.0,5849368510.0,-1.4378694880576939,0.9965334920690501,0.2749293487034896,-2.650749976415836,-0.35308424416204304,-1.4378694880576939,0.8472610924184774,4.254296370567178,-13.857983089770354,-46.96531956542247,0.0,31.27192474674385,0.0,1.144990484701324,0.7678777768329224,-0.08787586245134314,-125.52373219313358,0.23059969279390202,-0.46987951807228917,-2.057941184252551,3.0065876338802684,0.0,-0.025111014104436048,-0.4810157892567094,-0.5215831586406449,-2.7356520916697757,2.112424550907096,-1.423411637664048,Internet Retail,Consumer Cyclical,W
2017Q4,2017,Q4,2018-02-26,2017-12-31,-72771000.0,1439016000.0,-67738000.0,-0.83,332165000.0,0.2308278712675884,1213403000.0,-48329000.0,816820000.0,739755000.0,1261732000.0,28042000.0,-583266000.0,7055171110.0,6890148110.0,-0.549861763735451,1.1041763827213065,0.27435649986031024,-6.888307227544538,-0.16695345866179137,-0.549861763735451,1.5057418941008505,4.90277461126214,-24.23757784694452,-145.98214550270023,0.0,39.471186078025816,0.0,1.1859341043330205,0.9473636541828038,-0.05997265541621374,4993.043956121727,0.2308278712675884,0.05681818181818187,-13.011271369291638,2.8998946188920836,-1.7683046073423279,0.18499584387229806,0.04786141386123068,0.08408940330191868,0.08618651930807036,2.2085413780258567,-1.1441125272858248,Internet Retail,Consumer Cyclical,W
2017Q3,2017,Q3,2017-11-02,2017-09-30,-76429000.0,1198198000.0,-73957000.0,-0.88,280309000.0,0.2339421364415564,1138140000.0,3029000.0,776595000.0,650249000.0,1135111000.0,18613000.0,-510495000.0,5882874200.000001,5713802200.000001,0.034703206810031736,1.1943040281492168,0.2881455708436572,108.27005612413338,-0.1793239801698005,0.034703206810031736,-25.23241994057445,4.9097680016157605,-19.242938544269848,1942.1836249587325,0.0,49.31440391124483,0.0,1.0527685521992023,0.9810718663158267,-0.0671525471383134,-318.63046092184373,0.2339421364415564,-0.9555555555555555,-19.323387150777275,3.0695935964056065,0.0,0.04023884274825024,-0.9660192926045016,-0.9694556881124841,-2.001549259153607,2.379285734386318,-0.9684722629028456,Internet Retail,Consumer Cyclical,W
2017Q2,2017,Q2,2017-08-08,2017-06-30,-38875000.0,1122856000.0,-37552000.0,-0.45,269466000.0,0.2399826870052794,751478000.0,11940000.0,417246000.0,598547000.0,739538000.0,14612000.0,-434066000.0,6666572320.0,6545487320.0,0.1376940286458934,0.6970981393274045,0.0,0.0,-0.39898199755649577,0.1376940286458934,-3.255862646566164,5.937156964027444,-42.871847717041796,558.3393902847571,0.0,58.40336709553792,0.0,1.4941967695661085,0.46739687944305125,-0.05173138801135895,-244.8695067033976,0.2399826870052794,0.3181818181818182,-0.5872085784123579,2.62722418840047,-0.8553145473464465,0.1375489165537417,0.31242151435292453,0.3318862754866029,-0.5872085784123579,2.62722418840047,-0.8553145473464465,Internet Retail,Consumer Cyclical,W
2017Q1,2017,Q1,2017-05-09,2017-03-31,-56539000.0,960825000.0,-56206000.0,-0.66,236883000.0,0.24654125361017876,742123000.0,36462000.0,432362000.0,566584000.0,705661000.0,14457000.0,-395191000.0,3483597640.0,3312731640.0,0.4237993398112418,0.7631030879798936,0.0,0.0,-0.7232390831754321,0.4237993398112418,-1.5506280511217159,3.625631764369162,-15.403516333858045,95.54049805276728,0.0,50.07553434322474,0.0,1.2946977792091068,0.5267621394179857,-0.0761854840774373,-50.50888270262433,0.24654125361017876,-0.2941176470588236,-0.6495303427005312,1.8188354297033773,0.0,-0.007112918098750943,-0.2862635362635363,-0.28447369623840213,-0.6495303427005312,1.8188354297033773,0.0,Internet Retail,Consumer Cyclical,W
2016Q4,2016,Q4,2017-02-28,2016-12-31,-43956000.0,984559000.0,-43758000.0,-0.51,238580000.0,0.24232168920298328,761683000.0,79384000.0,477091000.0,557220000.0,682299000.0,18550000.0,-329940000.0,2999123349.9999995,2788132349.9999995,0.9277408346675704,0.8561986289077923,0.0,0.0,-0.29555379001311766,0.9277408346675704,-0.5537135946790285,3.0461590925480335,-17.05753111065611,37.77994747052303,0.0,40.2145013477089,0.0,1.292609917774192,0.7227647966691791,-0.057709046939474824,61.58870030392639,0.24232168920298328,0.29166666666666663,-7.693313645374612,1.7407976804070573,0.29630318873680905,0.18307456573159908,0.27870036101083034,0.289873417721519,-7.693313645374612,1.7407976804070573,0.29630318873680905,Internet Retail,Consumer Cyclical,W
2016Q3,2016,Q3,2016-11-08,2016-09-30,-60940000.0,861525000.0,-61620000.0,-0.72,201661000.0,0.23407446098488147,684119000.0,110504000.0,416109000.0,472992000.0,573615000.0,19188000.0,-285984000.0,3350583850.0,3171139850.0,1.2984430997003702,0.8797379236858128,0.0,0.0,-0.44142340244677714,1.2984430997003702,-0.55147324983711,3.8891313078552567,-13.745421110928781,30.320928201694052,0.0,34.38941004794663,0.0,1.2593203813956344,0.6543535620052771,-0.08907806975102285,-239.87570518327607,0.23407446098488147,-0.26315789473684215,-15.61938512037772,2.0009925982796566,0.0,0.069740178448285,-0.2623772631230062,-0.26451877693412684,-15.61938512037772,2.0009925982796566,0.0,Internet Retail,Consumer Cyclical,W
2016Q2,2016,Q2,2016-08-09,2016-06-30,-48274000.0,786928000.0,-48730000.0,-0.57,188514000.0,0.23955685907732346,663968000.0,162084000.0,422687000.0,425141000.0,501884000.0,17396000.0,-225044000.0,3306654000.0,3116211000.0,1.9116835326586936,0.9942277973660503,0.0,0.0,-0.2555809173722018,1.9116835326586936,-0.2978332222798055,4.20197781753858,-17.124404441314166,20.400866217516842,0.0,34.3995171303748,0.0,1.1851896476938648,0.746044253553527,-0.0727053110993301,-170.288083221753,0.23955685907732346,-0.1632653061224489,-1.0157745578680566,1.5998626602706838,1.0087493987439262,0.05282146367616835,-0.17155684989685718,-0.15723479541190719,-1.0157745578680566,1.5998626602706838,1.0087493987439262,Internet Retail,Consumer Cyclical,W
2016Q1,2016,Q1,2016-05-09,2016-03-31,-41205000.0,747348000.0,-42109000.0,-0.49,179056000.0,0.23958851833416292,667427000.0,205006000.0,424241000.0,388127000.0,462421000.0,17763000.0,-176770000.0,3649712900.0,3400914900.0,2.4276866599561844,1.0930468635266293,0.0,0.0,-0.20699621608013102,2.4276866599561844,-0.2009941172453489,4.883552106916724,-22.143628807183592,17.80295649883418,0.0,31.99301919720768,0.0,1.1197449309063014,0.8278424330180585,-0.061737088850166384,-45.291912585937304,0.23958851833416292,-1.7222222222222223,-0.22480901748833698,1.2338529159532223,0.0,0.019089139565855825,-1.659244917715392,-1.632799799924972,-0.22480901748833698,1.2338529159532223,0.0,Internet Retail,Consumer Cyclical,W
2015Q4,2015,Q4,2016-02-29,2015-12-31,-15495000.0,739790000.0,-15994000.0,-0.18,175702000.0,0.23750253450303466,694581000.0,242545000.0,492323000.0,397026000.0,452036000.0,19900000.0,-135565000.0,4009175420.0,3702294420.0,2.880889881341236,1.2400271014996498,0.0,0.0,-0.05951799229119048,2.880889881341236,-0.06388505225834382,5.419342543154138,-64.68498580187156,16.52961479313117,0.0,28.346130653266332,0.0,1.0650881610640084,1.0594696568990445,-0.022308413273613877,51.4102305601149,0.23750253450303466,0.0,-2.114579368551902,1.0930727610351483,3.025377131233429,0.24271144243418727,-0.0010983331179738984,0.14181466974298437,-2.114579368551902,1.0930727610351483,3.025377131233429,Internet Retail,Consumer Cyclical,W
2015Q3,2015,Q3,2015-11-12,2015-09-30,-15478000.0,593972000.0,-18637000.0,-0.18,141386000.0,0.23803478951869786,601344000.0,254696000.0,433101000.0,313732000.0,346648000.0,22552000.0,-120070000.0,2941043160.0,2662353160.0,3.0362158167036215,1.3804807925235552,0.0,0.0,-0.07275983357117906,3.0362158167036215,-0.06077048716901718,4.951484514421555,-47.50360447086187,11.547268743914314,0.0,20.0685526782547,0.0,0.9877407939548745,1.0679911516836025,-0.02573901128139634,83.24021170610212,0.23803478951869786,0.21739130434782614,-3.282456243679217,1.0990781235676879,0.0,0.17040421850812493,0.199441398572463,0.04293123812458276,-3.282456243679217,1.0990781235676879,0.0,Internet Retail,Consumer Cyclical,W
2015Q2,2015,Q2,2015-08-12,2015-06-30,-19334000.0,491752000.0,-19473000.0,-0.23,120801000.0,0.2456543135564268,543985000.0,266847000.0,381638000.0,252450000.0,277138000.0,21321000.0,-104592000.0,3146816920.0,2910242920.0,3.191835221224119,1.5117369776193306,0.0,0.0,-0.0732509771101621,3.191835221224119,-0.07245350331838095,6.399194960061169,-40.690194993276094,11.792588711883589,0.0,17.398386567234184,0.0,0.9039808082943463,1.1687977817389583,-0.0355414211788928,286.3606260806261,0.2456543135564268,0.30303030303030304,0.18124743702452661,0.6476456953173292,2.3539008795073104,0.174707054991005,0.28751474056603776,0.2852895837921163,0.18124743702452661,0.6476456953173292,2.3539008795073104,Internet Retail,Consumer Cyclical,W
2015Q1,2015,Q1,2015-05-14,2015-03-31,-27136000.0,424371000.0,-27246000.0,-0.33,102835000.0,0.24232334443211248,531208000.0,282574000.0,369244000.0,220209000.0,248634000.0,20011000.0,-85258000.0,2672705200.0,2466623200.0,3.395913952649922,1.6767888687564996,0.0,0.0,-0.0965844872309382,3.395913952649922,-0.0960314820188694,6.298039215686274,-24.6232421875,9.45842575750069,0.0,16.067962620558692,0.0,0.7988791584464089,1.3089973615973916,-0.05108356801855394,-52.03054820121476,0.24232334443211248,0.547945205479452,0.18141702995535083,0.28728827585959443,0.0,0.04496494258713545,0.6259889185985611,0.6241101484465538,0.18141702995535083,0.28728827585959443,0.0,Internet Retail,Consumer Cyclical,W
2014Q4,2014,Q4,2015-03-19,2014-12-31,-72554000.0,408619000.0,-72484000.0,-0.73,98410000.0,0.24083559501638446,555523000.0,305539000.0,486868000.0,232592000.0,249984000.0,19798000.0,-58122000.0,1589554334.4,1233695334.4,3.815502885775403,2.093227626057646,0.0,0.0,-0.2375901560160826,3.815502885775403,-0.23746232068573897,3.8900646675754187,-5.477142316068032,5.202459700398313,-0.3379000468616479,15.668703909485806,0.015423190934365835,0.7355573036579943,1.8135103528926189,-0.13060485344441183,31.297832842403718,0.24083559501638446,-1.0910494490227924,-14.332747508476736,0.21547275207390354,4.331282587380589,0.24527060371771672,-2.0051774841568983,-2.035470497089493,-14.332747508476736,0.21547275207390354,4.331282587380589,Internet Retail,Consumer Cyclical,W
2014Q3,2014,Q3,2014-09-30,2014-09-30,-24143000.0,336188000.0,-23879000.0,-0.349107,79027000.0,0.23506787868692516,260528000.0,91093000.0,194632000.0,156585000.0,169435000.0,21118000.0,-305983000.0,3121618897.48,3091311897.48,1.1007198741569044,1.2429798511990293,0.0,0.0,-0.26267180523435024,1.1007198741569044,-0.26503683049191484,9.285337065808417,-32.3242647711552,34.26848273171374,0.0,12.177336869021687,0.0,1.2904102438125653,0.8664623048184692,-0.09266950193453295,-139.37043028306098,0.23506787868692516,-0.03255851096868082,-5.770965723383856,0.20427626317448705,0.0,0.15445408595553217,-0.03285561497326203,-0.02634745981260208,-5.770965723383856,0.20427626317448705,0.0,Internet Retail,Consumer Cyclical,W
2014Q2,2014,Q2,2014-06-30,2014-06-30,-23375000.0,295437000.0,-23266000.0,-0.338099,68454000.0,0.23170422120452075,240822000.0,78758000.0,181379000.0,148869000.0,162064000.0,19803000.0,-27316000.0,3121591889.96,3070006889.96,0.9516784591716976,1.218379917914408,0.0,0.0,-0.29543653780106655,0.9516784591716976,-0.2967952461972117,10.566015394009552,-33.386009518288766,39.63523565809187,0.0,11.462051204362975,0.0,1.2267857587761914,0.8279023839751728,-0.09706339121841027,-98.3364380657762,0.23170422120452075,0.32383716046765565,0.0,0.0,0.0,0.0497952673792691,0.16595304360236923,0.17364588882969278,0.0,0.0,0.0,Internet Retail,Consumer Cyclical,W
2014Q1,2014,Q1,2014-03-31,2014-03-31,-28026000.0,278707000.0,-28155000.0,-0.500026,65207000.0,0.23396254848281528,,,,,,,,2653537310.2,,,0.0,0.0,0.0,0.0,,0.0,9.520885052043901,-23.67031783165632,0.0,-0.5352172982230786,0.0,0.005652831766239395,0.0,0.0,0.0,-68.9123074378019,0.23396254848281528,-7.462108647825351,0.0,0.0,0.0,-0.07800746564108364,-5.741881164301179,-5.419288645690835,0.0,0.0,0.0,Internet Retail,Consumer Cyclical,W
2013Q4,2013,Q4,2013-12-31,2013-12-31,-4157000.0,295333000.0,-4386000.0,-0.05909,70724000.0,0.2394720535801959,196300000.0,50347000.0,163127000.0,145009000.0,145953000.0,14963000.0,-190511000.0,2653537310.2,2588248310.2,0.7156819814441816,1.1249439689950278,0.0,0.0,-0.08817599141722697,0.7156819814441816,-0.08256698512324469,8.984899453159652,-159.58246994226604,52.70497368661489,0.0,15.010960368909977,0.0,1.5044982170147734,0.8482025253604949,-0.02117677024961793,73.93116321743007,0.2394720535801959,-0.37145501836027695,0.0,0.0,0.0,0.20594754970500972,-0.371494556252062,-0.19509536784741144,0.0,0.0,0.0,Internet Retail,Consumer Cyclical,W
2013Q3,2013,Q3,2013-09-30,2013-09-30,-3031000.0,237302000.0,-3670000.0,-0.04308562746056994,58646000.0,0.24713656016384186,,,,,,,,2653537310.2,,,0.0,0.0,0.0,0.0,,0.0,11.182111023927316,-218.8664887990762,0.0,0.0,0.0,0.0,0.0,0.0,0.0,-666.2157444639719,0.24713656016384186,0.0,0.0,0.0,0.0,0.0,0.0,0.0,0.0,0.0,0.0,Internet Retail,Consumer Cyclical,W
