Quarters,Year,Quarter,FillingDate,Date,NetIncome,Revenue,OperatingIncome,EPSDiluted,GrossProfit,GrossProfitRatio,TotalAssets,CommonStockEquity,CurrentAssets,CurrentLiability,TotalLiability,Inventory,RetainedEarnings,MarketCap,EnterpriseValue,bookValuePerShare,currentRatio,debtToAssets,debtToEquity,roic,shareholdersEquityPerShare,roe,priceToSalesRatio,peRatio,pbRatio,payoutRatio,inventoryTurnover,dividendYield,assetTurnover,quickRatio,returnOnAssets,priceToFreeCashFlowsRatio,grossProfitMargin,epsdilutedGrowth,fiveYNetIncomeGrowthPerShare,fiveYRevenueGrowthPerShare,fiveYShareholdersEquityGrowthPerShare,grossProfitGrowth,netIncomeGrowth,operatingIncomeGrowth,threeYNetIncomeGrowthPerShare,threeYRevenueGrowthPerShare,threeYShareholdersEquityGrowthPerShare,Industry,Sector,Symbol
2023Q1,2023,Q1,2023-05-08,2023-03-31,-109000.0,87284000.0,-1116000.0,-0.0036,49191000.0,0.56357408,281093000.0,135254000.0,107587000.0,54574000.0,145839000.0,2636000.0,43173000.0,170020740.0,230363740.0,4.502613269416425,1.9713966357606185,0.35797049375117845,0.7439558164638385,-0.000536346841504226,4.502613269416425,-0.000805891138154879,1.947902708400165,-389.9558256880734,1.2570477767755484,0.0,14.451062215477997,0.0,0.31051644829291375,1.647194634807784,-0.00038777201851344575,-49.09637308691886,0.5635740800146648,-1.0133333333333332,0.9872581413728635,0.13327938105481857,1.7712098497456255,-0.1099068126300552,-1.0127366207057724,-1.0985169491525424,0.9489961716435301,0.020461510809161813,1.0940288744985958,Education & Training Services,Consumer Defensive,LINC
2022Q4,2022,Q4,2023-03-07,2022-12-31,8558000.0,91778000.0,11328000.0,0.27,55265000.0,0.6021595589,291566000.0,144877000.0,114135000.0,55020000.0,146689000.0,2618000.0,51225000.0,153064440.0,207622440.0,5.480292026025118,2.0744274809160306,0.34514312368383143,0.6946030080689136,0.024146374387141005,5.480292026025118,0.05907079798725816,1.6677683104883523,4.471384669315261,1.0565130420977795,0.02325309651787801,13.94690603514133,0.0013001060207060502,0.31477607128403173,1.7812977099236642,0.029351844865313514,-92.04115453998797,0.6021595589356926,1.7,0.009278287945988473,0.23748488362556616,1.873944424622999,0.0652467232074017,1.414785553047404,1.321311475409836,-0.13634596969882665,0.15369676068417307,1.4417270639444035,Education & Training Services,Consumer Defensive,LINC
2022Q3,2022,Q3,2022-11-07,2022-09-30,3544000.0,91813000.0,4880000.0,0.1,51880000.0,0.5650615926,291276000.0,138144000.0,111049000.0,59883000.0,153132000.0,2714000.0,42865000.0,138072640.0,170765640.0,5.442811551948307,1.8544328106474293,0.35125448028673834,0.7406184850590688,0.01041619568679379,5.442811551948307,0.025654389622422977,1.5038462962761265,9.739887133182846,0.9994834375723883,0.08577878103837472,14.713706705969049,0.0022017396060508435,0.31520962935497604,1.6953225456306464,0.012167154176794518,19.356882097294267,0.565061592584928,59.82352941176471,3.251355278442443,0.29114221882858937,2.5210605537485495,0.12694413068033714,12.683397683397683,23.27860696517413,1.5595380726092556,0.2239850978496046,2.981291844863201,Education & Training Services,Consumer Defensive,LINC
2022Q2,2022,Q2,2022-08-08,2022-06-30,259000.0,82142000.0,201000.0,-0.0017,46036000.0,0.560444109,285416000.0,138483000.0,111464000.0,58190000.0,146933000.0,3082000.0,39625000.0,163824113.26999998,195856113.26999998,5.333938408443186,1.9155181302629318,0.346921686240435,0.7150119509253844,0.0004285303750856182,5.333938408443186,0.0018702656643775771,1.994401320518127,158.13138346525093,1.182990787822332,1.1737451737451738,11.715120051914342,0.0018556486827978422,0.28779746054881294,1.6940539611617116,0.0009074473750595622,88.69740837574444,0.5604441089820068,-1.1603773584905661,1.0353038075850627,0.2254479023804279,2.3730558466989238,-0.006945942447905432,-0.04779411764705882,1.616564417177914,1.0799470558427418,0.22211300334581127,3.1099177111623706,Education & Training Services,Consumer Defensive,LINC
2022Q1,2022,Q1,2022-05-09,2022-03-31,272000.0,82554000.0,-326000.0,0.0106,46358000.0,0.5615475931,287688000.0,140585000.0,113028000.0,55047000.0,147103000.0,2640000.0,39670000.0,183905150.0,220081150.0,5.46576727187901,2.0532999073518994,0.3537686660548928,0.7239392538322011,0.000698282717640549,5.46576727187901,0.0019347725575274745,2.2276952055624197,169.03046875,1.3081420492940214,1.1176470588235294,13.710606060606061,0.001653026029994266,0.2869567030950196,1.8250767525932385,0.0009454687022051667,-11.92563063355165,0.5615475930905831,-0.9888421052631579,1.0228443192517565,0.16079190528050658,1.9228589440710218,-0.12578260541600664,-0.9886496411283592,-1.0095758430266715,1.0474570066556885,0.2447119234264235,2.877096430690133,Education & Training Services,Consumer Defensive,LINC
2021Q4,2021,Q4,2022-03-03,2021-12-31,23964000.0,87816000.0,34044000.0,0.95,53028000.0,0.6038535119,295299000.0,141400000.0,121627000.0,65882000.0,153899000.0,2721000.0,39702000.0,188094600.0,202676600.0,5.615567911040508,1.8461339971464132,0.33149113271633157,0.6922842998585573,0.07353687410906419,5.615567911040508,0.16947666195190947,2.1419171904892047,1.9622621432148222,1.330230551626591,0.012810882991153396,12.785005512679161,0.001632157435673326,0.29737994371806203,1.6615464011414347,0.08115164629748153,25.35651118899973,0.6038535118884941,7.636363636363636,2.201398774051503,0.4026233259891826,1.4040429643557975,0.04070337951878165,5.242250586090128,4.925848563968668,3.6390314156905963,0.22030961774211602,2.4557449345697284,Education & Training Services,Consumer Defensive,LINC
2021Q3,2021,Q3,2021-11-08,2021-09-30,3839000.0,89059000.0,5745000.0,0.11,50954000.0,0.5721375717221168,253456000.0,113945000.0,110953000.0,68875000.0,139511000.0,3155000.0,16045000.0,168153150.0,196300150.0,4.533320071613288,1.6109328493647912,0.2970811501799129,0.6608188160954847,0.016263446253658057,4.533320071613288,0.03369169336083198,1.8881095678145947,10.9503223495702,1.4757396112159376,0.0791872883563428,12.077654516640253,0.0018078757370884814,0.3513785430212739,1.1199274047186933,0.015146613218862445,11.249959858165518,0.5721375717221168,0.8333333333333334,8.620223278373219,0.6718326470467104,0.45999435842994124,0.08945905494975412,0.5824402308326463,0.6642526071842411,7.245088986141503,0.240417500513069,2.191275217127369,Education & Training Services,Consumer Defensive,LINC
2021Q2,2021,Q2,2021-08-09,2021-06-30,2426000.0,80464000.0,3452000.0,0.06,46770000.0,0.5812537283754226,244646000.0,109723000.0,72500000.0,62474000.0,134923000.0,3327000.0,12510000.0,195316900.0,239251900.0,4.370563632742481,1.1604827608285047,0.31450340491976164,0.7012385734987195,0.01073324589745066,4.370563632742481,0.022110223016140646,2.427382431895009,20.127462901896127,1.7800907740400829,0.12530915086562242,10.127442140066126,0.0015564449364084726,0.3288997163248122,1.0360309888913788,0.009916368957595872,27.630060828971565,0.5812537283754226,-0.5384615384615385,1.7220768755928733,0.7938881854943186,0.4076477076569056,0.02448961710330325,-0.4595678324793941,-0.42648280445256687,1.5765554262739767,0.2840321331037913,2.0344113959207326,Education & Training Services,Consumer Defensive,LINC
2021Q1,2021,Q1,2021-05-10,2021-03-31,4489000.0,77996000.0,6019000.0,0.13,45652000.0,0.5853120672855018,239853000.0,106842000.0,70782000.0,60550000.0,133011000.0,2666000.0,10388000.0,159538490.0,209252490.0,4.292739764554622,1.1689843104872006,0.31876190833552215,0.7155987345800341,0.019391676086768582,4.292739764554622,0.04201531233035698,2.045470152315503,8.884968255736245,1.4932188652402614,0.06772109601247493,12.132033008252064,0.001905496284940393,0.3251825076192501,0.947085053674649,0.018715629990035565,-16.761766127337676,0.5853120672855018,-0.9097222222222223,1.694068076233427,0.6844206558546181,0.32903446219475485,-0.09292853027081802,-0.9024554541503694,-0.45901492000719035,1.6333356179411567,0.22222932743710758,1.642039634789757,Education & Training Services,Consumer Defensive,LINC
2020Q4,2020,Q4,2021-03-09,2020-12-31,46020000.0,81792000.0,11126000.0,1.44,50329000.0,0.615329127543036,245190000.0,103049000.0,74164000.0,66842000.0,142141000.0,2394000.0,6203000.0,161401500.0,201793500.0,4.150014095284121,1.1095419047904012,0.3198254414943513,0.760977787266252,0.19516338564457114,4.150014095284121,0.4465836640821357,1.9733164612676057,0.8768008474576271,1.5662597405117953,0.0066058235549760974,13.142439431913116,0.0018835017022766206,0.3335861984583384,1.0180275874450195,0.18769117826991313,14.363397704013527,0.615329127543036,16.999999999999996,4.034980443490411,0.5673486945651409,0.19109816009321282,0.12994768864641565,12.10364464692483,1.8973958333333334,4.778123180439192,0.17412321258861718,1.176327431934189,Education & Training Services,Consumer Defensive,LINC
2020Q3,2020,Q3,2020-11-12,2020-09-30,3512000.0,78792000.0,3840000.0,0.08,44541000.0,0.5652985074626866,205816000.0,57277000.0,66844000.0,71278000.0,148539000.0,2866000.0,-39513000.0,137015590.79999998,191724590.79999998,2.3075406101887204,0.9377928673644041,0.3946680530182299,1.4181783263788257,0.018736750489550622,2.3075406101887204,0.06131606054786389,1.738953076454462,9.753387727790432,2.3921572498559627,0.0,11.950802512212142,0.0,0.38282737979554554,0.8427986194898847,0.017063785128464258,41.87518056234718,0.5652985074626866,3.0,0.27345851750484795,-0.0671312901995692,-0.26142676327972697,0.22956521739130434,3.4853128991060025,2.310344827586207,3.2813013004685745,0.1329998376006418,0.4927928591979162,Education & Training Services,Consumer Defensive,LINC
2020Q2,2020,Q2,2020-08-13,2020-06-30,783000.0,62470000.0,1160000.0,0.02,36225000.0,0.5798783416039699,194901000.0,54044000.0,61006000.0,68571000.0,140857000.0,3107000.0,-43025000.0,96489900.0,150638900.0,2.1843902833353543,0.8896763938107947,0.3975915977855424,1.4338501961364813,0.005711595552026106,2.1843902833353543,0.014488194804233587,1.5445797983031855,30.807758620689654,1.7853952335134333,0.0,8.447055037013197,0.0,0.32052170076089914,0.7473713377375275,0.004017424230763311,5.802158749248346,0.5798783416039699,1.25,1.0962627973736907,-0.19319075518912898,-0.27461898628872916,-0.08989272165414668,1.4474285714285715,1.861812778603269,1.1119991593189,-0.022014753522154207,0.3813564860467054,Education & Training Services,Consumer Defensive,LINC
2020Q1,2020,Q1,2020-05-13,2020-03-31,-1750000.0,70041000.0,-1346000.0,-0.08,39803000.0,0.5682814351594067,169251000.0,52891000.0,42492000.0,51080000.0,116360000.0,1835000.0,-43808000.0,54115600.00000001,116002600.0,2.1502154646719247,0.8318715740015662,0.4232057713100661,1.3542568678981302,-0.007803009699185777,2.1502154646719247,-0.03308691459794672,0.772627461058523,-7.7308,1.023153277495226,0.0,16.47847411444142,0.0,0.4138291649680061,0.7095732184808144,-0.010339673029996868,-4.089134048662537,0.5682814351594067,-1.2424242424242424,0.7616888044426764,-0.1442874328482499,-0.3533844480366785,-0.08203413284132842,-1.190072770717932,-1.1339037007560684,0.8463136070543389,0.029808898309872097,0.14984341447007796,Education & Training Services,Consumer Defensive,LINC
2019Q4,2019,Q4,2020-03-06,2019-12-31,9207000.0,73915000.0,10052000.0,0.33,43360000.0,0.586619765947372,194763000.0,55130000.0,50477000.0,57205000.0,139633000.0,1608000.0,-42058000.0,66320100.00000001,131864100.0,2.2444326833041566,0.8823879031553186,0.45793092117085893,1.617776165427172,0.05026050719058576,2.2444326833041566,0.1670052602938509,0.8972481904890753,1.8008064516129034,1.2029766007618359,0.0,19.00186567164179,0.0,0.37951253574857646,0.774337907525566,0.04727283929699173,17.600875796178347,0.586619765947372,5.6000000000000005,0.8497534049124358,-0.17262792229102916,-0.38115196656468453,0.10098265749181119,5.87089552238806,3.6906206252916474,1.4731734130215757,0.21024780776497784,-0.03915103748290532,Education & Training Services,Consumer Defensive,LINC
2019Q3,2019,Q3,2019-11-14,2019-09-30,1340000.0,72594000.0,2143000.0,0.05,39383000.0,0.5425104003085655,161737000.0,33580000.0,44362000.0,68124000.0,128157000.0,1899000.0,-51264000.0,51091040.0,111267040.0,1.3670968529902698,0.6511948799248429,0.444752901315098,2.1421381774865993,0.013722989086677304,1.3670968529902698,0.039904705181655745,0.7037914979199383,9.531910447761193,1.521472304943419,0.0,17.488678251711427,0.0,0.44883978310466993,0.4969027068287241,0.008285055367664789,13.343180987202926,0.5425104003085655,1.4166666666666665,1.032724135746904,-0.20254817853298365,-0.625088918881378,0.16448846836191602,1.4373368146214098,2.023889154323937,3.721772766298854,0.39448290899944594,-0.5597148091767512,Education & Training Services,Consumer Defensive,LINC
2019Q2,2019,Q2,2019-08-14,2019-06-30,-3064000.0,63569000.0,-2093000.0,-0.12,33820000.0,0.5320203243719422,154898000.0,31868000.0,40178000.0,62759000.0,123030000.0,2086000.0,-52604000.0,56230950.0,120060950.0,1.297821217674608,0.6401950317882694,0.4539697090988909,2.2065708547759506,-0.014992057165962403,1.297821217674608,-0.09614660474457136,0.8845655901461404,-4.588034432114882,1.764495732396134,0.0,14.261265580057527,0.0,0.4103926454828339,0.4552653802641852,-0.01978075895105166,-129.8636258660508,0.5320203243719422,0.4545454545454546,0.7546559880042052,-0.23494422200021445,-0.7553790899525391,0.016134362887960822,0.43954636912383394,0.5696957236842105,0.06760123700920363,0.44897008154419676,-0.5820046988168865,Education & Training Services,Consumer Defensive,LINC
2019Q1,2019,Q1,2019-05-10,2019-03-31,-5467000.0,63263000.0,-4864000.0,-0.22,33283000.0,0.526105306419234,155989000.0,34587000.0,37736000.0,59751000.0,121402000.0,1692000.0,-49540000.0,78508800.0,143278800.0,1.4097578870139398,0.6315542836103162,0.4516536422440044,2.0369792118426,-0.032530786605210284,1.4097578870139398,-0.15806516899413076,1.2409907845027899,-3.5901225535028356,2.2698933125162637,0.0,17.71867612293144,0.0,0.40556064850726653,0.47296279560174725,-0.03504734308188398,-6.790831242972061,0.526105306419234,-2.1,0.5435867751377473,-0.26728296811119684,-0.7599987378319542,-0.14459379577989667,-2.086230876216968,-1.8450312717164699,0.14248717384062667,0.3860123416127,-0.5635382254794624,Education & Training Services,Consumer Defensive,LINC
2018Q4,2018,Q4,2019-03-13,2018-12-31,5033000.0,70113000.0,5756000.0,0.2,38909000.0,0.5549470141058006,146038000.0,39866000.0,57111000.0,64581000.0,106172000.0,1451000.0,-44073000.0,78505600.0,109703600.0,1.6249949048220764,0.8843313048729502,0.3339473287774415,1.2233231324938545,0.064301685494032,1.6249949048220764,0.1262479305674008,1.1197010540128078,3.8995430160937814,1.9692369437616015,0.0,21.50516884906961,0.0,0.48010106958462867,0.5612486644678776,0.034463632753119054,21.555628775398134,0.5549470141058006,11.0,1.1443500840846221,-0.20408655265033457,-0.746865376750973,0.06337797212353102,9.388333333333334,74.73684210526316,-0.44265814954732224,0.3598684562388809,-0.5336091885823079,Education & Training Services,Consumer Defensive,LINC
2018Q3,2018,Q3,2018-11-09,2018-09-30,-600000.0,70078000.0,76000.0,-0.02,36590000.0,0.5221324809497988,122581000.0,34850000.0,44392000.0,55348000.0,87731000.0,2311000.0,-49106000.0,56425899.99999999,70616900.0,1.4205356051033302,0.8020524680205247,0.19883995072645844,0.6993974175035867,0.0013999238637898638,1.4205356051033302,-0.01721664275466284,0.805187077256771,-23.510791666666663,1.6191076040172165,0.0,14.490696668109043,0.0,0.5716872924841533,0.5753053407530534,-0.0048947226731712095,13.72225194552529,0.5221324809497988,0.8823529411764707,0.757924425455559,-0.2729467110874213,-0.8185991774408762,0.18257328463850556,0.8538011695906432,1.021572523417542,-1.220121162028111,-0.16053933372728174,-0.5453299607794323,Education & Training Services,Consumer Defensive,LINC
2018Q2,2018,Q2,2018-08-10,2018-06-30,-4104000.0,61120000.0,-3523000.0,-0.17,30941000.0,0.5062336387434555,115795000.0,35268000.0,36655000.0,47731000.0,80527000.0,1802000.0,-48506000.0,42605640.0,63816640.0,1.4403332516540064,0.767949550606524,0.20978453301092448,0.6887830327775888,-0.05987996831227058,1.4403332516540064,-0.11636611092208234,0.6970818062827225,-2.5953728070175437,1.208053759782239,0.0,16.747502774694784,0.0,0.5278293535990328,0.49791540089250175,-0.03544194481627013,-11.746799007444169,0.5062336387434555,0.39285714285714285,0.5979279475458811,-0.34103269466640357,-0.820187135970366,-0.014178296055566177,0.4029677043933663,0.43740019163206645,0.49019572589964455,-0.20240557504297957,-0.52170159236767,Education & Training Services,Consumer Defensive,LINC
2018Q1,2018,Q1,2018-05-15,2018-03-31,-6874000.0,61889000.0,-6262000.0,-0.28,31386000.0,0.5071337394367335,116871000.0,39219000.0,37855000.0,46501000.0,77652000.0,1910000.0,-44402000.0,48034620.0,65471620.0,1.6247825006214267,0.8140685146555988,0.1908086693876154,0.5686019531349601,-0.10253551228952476,1.6247825006214267,-0.17527218949998724,0.7761414790996785,-1.746967558917661,1.2247793161477856,0.0,15.970157068062827,0.0,0.5295496744273601,0.5269994193673254,-0.05881698624979678,-4.566896748431261,0.5071337394367335,-1.9032258064516132,0.1474501559047809,-0.36204696309350975,-0.8084801896959871,-0.15563207877108498,-1.8920321827147677,-1.8055055312580397,0.04607454302273542,-0.22947354933670847,-0.511393322798946,Education & Training Services,Consumer Defensive,LINC
2017Q4,2017,Q4,2018-03-09,2017-12-31,7706000.0,67401000.0,7774000.0,0.31,37171000.0,0.5514903339713061,155213000.0,45813000.0,44718000.0,47484000.0,109400000.0,1657000.0,-37528000.0,48530500.0,86560500.0,1.906888657648283,0.9417487995956533,0.33884404012550495,1.1479929277715932,0.0835990394384428,1.906888657648283,0.1682055311811058,0.7200264091037225,1.5744387490267324,1.059317224368629,0.0,18.24381412190706,0.0,0.43424841991328045,0.639246904220369,0.049647903203984205,11.29667132216015,0.5514903339713061,6.166666666666667,1.5981909810527481,-0.33060204697409684,-0.7860770625755293,0.11832841927913834,6.171812080536912,11.634746922024624,0.5828607454413367,-0.22864796284477779,-0.47422156853085284,Education & Training Services,Consumer Defensive,LINC
2017Q3,2017,Q3,2017-11-13,2017-09-30,-1490000.0,67308000.0,-731000.0,-0.06,33238000.0,0.49381945682534023,117559000.0,37136000.0,40159000.0,53364000.0,80423000.0,1787000.0,-45234000.0,60060000.0,69504000.0,1.5457875457875458,0.7525485345926093,0.14223496286970796,0.45026389487289964,-0.014044264337865913,1.5457875457875458,-0.04012279190004309,0.8923159208415047,-10.077181208053691,1.617298578199052,0.0,19.06547285954113,0.0,0.5725465510934935,0.48309721909901804,-0.012674486853409777,48.55295068714632,0.49381945682534023,0.7857142857142857,0.07239688658152273,-0.40290661193929744,-0.837484761197879,0.12824168363883232,0.779943878304534,0.8787929033327806,0.9627963333288824,-0.24402662116168222,-0.5760849871731546,Education & Training Services,Consumer Defensive,LINC
2017Q2,2017,Q2,2017-08-10,2017-06-30,-6771000.0,61865000.0,-6031000.0,-0.28,29460000.0,0.47619817344217247,130231000.0,37892000.0,52827000.0,56934000.0,92339000.0,1884000.0,-43744000.0,74282200.0,99095200.0,1.5813371171020782,0.9278638423437665,0.2458938348012378,0.8451124247862346,-0.08690362347553984,1.5813371171020782,-0.17869207220521482,1.200714458902449,-2.742659872987742,1.9603663042330837,0.0,17.200106157112526,0.0,0.4750405049488985,0.4407910914392103,-0.05199222919274213,-7.984757605073632,0.47619817344217247,0.3913043478260869,0.6973003820178421,-0.42936297912003546,-0.835761099760865,-0.09548664415105926,0.3804556684051606,-0.05289804469273743,0.4444074798320291,-0.23702622301431167,-0.7019403601904088,Education & Training Services,Consumer Defensive,LINC
2017Q1,2017,Q1,2017-05-15,2017-03-31,-10929000.0,65279000.0,-5728000.0,-0.46,32570000.0,0.4989353390830129,136909000.0,44149000.0,59336000.0,57093000.0,92760000.0,1668000.0,-36973000.0,66341290.0,86790290.0,1.8700072006438222,1.039286777713555,0.21295897274832187,0.6604000090602279,-0.07849841005492397,1.8700072006438222,-0.24754807583410723,1.0162730740360606,-1.5175516973190595,1.5026680106004666,0.0,19.609712230215827,0.0,0.4768057614912095,0.45702625540784336,-0.07982674623289923,-5.390971071022266,0.4989353390830129,0.4177215189873418,-2.354365512500122,-0.41634090616230396,-0.8234531623408068,-0.056461658796604766,0.41327105814140763,-2.8694516971279374,0.051842814341388016,-0.21431083216485616,-0.6816445628344877,Education & Training Services,Consumer Defensive,LINC
2016Q4,2016,Q4,2017-03-10,2016-12-31,-18627000.0,58466000.0,3064000.0,-0.79,34519000.0,0.5904115212260117,163207000.0,54926000.0,66297000.0,68030000.0,108281000.0,1058000.0,-26044000.0,45146880.0,66039880.0,2.335885004678064,0.9745259444362782,0.25707843413579073,0.7638823143866292,0.03113937469052476,2.335885004678064,-0.33912900994064743,0.7721903328430199,-0.6059333225962312,0.8219582711284273,0.0,22.634215500945178,0.0,0.35823218366859266,0.46094370130824636,-0.11413113408125877,22.975511450381678,0.5904115212260117,-38.5,-3.8375706973990296,-0.5236958756544305,-0.7836649457230068,0.3587482778980516,-38.547770700636946,1.937679769894535,0.44261257012283783,-0.3075397958278568,-0.6361260156215842,Education & Training Services,Consumer Defensive,LINC
2016Q3,2016,Q3,2016-11-07,2016-09-30,-471000.0,49803000.0,1043000.0,-0.02,25405000.0,0.5101098327409995,190394000.0,72965000.0,91161000.0,76617000.0,117429000.0,1146000.0,-7417000.0,51697800.00000001,75869800.0,3.105025745776416,1.1898273229178904,0.22801138691345316,0.5949701911875557,0.008498170550931718,3.105025745776416,-0.006455149729322278,1.0380459008493466,-27.440445859872614,0.7085287466593573,0.0,21.289703315881326,0.0,0.26157862117503705,0.4304658235117533,-0.0024738174522306376,6.442093457943926,0.5101098327409995,0.8461538461538461,0.8874536710323156,-0.6216335927535654,-0.7104606276119085,0.2559944628466901,0.8499043977055449,1.367382881296231,0.8016090278231187,-0.46056226084239776,-0.6034916531992682,Education & Training Services,Consumer Defensive,LINC
2016Q2,2016,Q2,2016-08-09,2016-06-30,-3138000.0,41894000.0,-2839000.0,-0.13,20227000.0,0.4828137680813482,178998000.0,72803000.0,79427000.0,65475000.0,106195000.0,1278000.0,-6946000.0,35172000.0,69087000.0,3.104870351415899,1.2130889652539136,0.25064525860624143,0.6162520775242778,-0.02389682474042742,3.104870351415899,-0.0431026193975523,0.8395474292261421,-2.8021032504780115,0.48311195967199155,0.0,16.953834115805947,0.0,0.23404730779114852,0.3454906452844597,-0.017530922133208192,-3.5091290032924274,0.4828137680813482,0.5,-1.5969328012855515,-0.6935907078490329,-0.7150234821560798,-0.0035469727572786836,0.482860909690178,0.5510752688172043,0.6789582502483545,-0.5283233361169628,-0.612384405006501,Education & Training Services,Consumer Defensive,LINC
2016Q1,2016,Q1,2016-05-06,2016-03-31,-6068000.0,43443000.0,-6324000.0,-0.26,20299000.0,0.46725594457104713,190300000.0,75423000.0,89181000.0,74223000.0,114877000.0,1096000.0,-3808000.0,57910480.0,84064480.0,3.2299687379555477,1.2015278283012005,0.24340514976353125,0.6141362714291396,-0.05029355030974399,3.2299687379555477,-0.0804529122416239,1.3330221209400823,-2.38589650626236,0.7678092889436909,0.0,21.116788321167885,0.0,0.22828691539674198,0.4159761798903305,-0.03188649500788229,-5.988674250258532,0.46725594457104713,-1.7027027027027026,-1.5506099429203903,-0.71915196558596,-0.6969046775247881,2.619773380146824,-1.709127030501344,-1.8112892880051314,0.22205011176153294,-0.5370960878895933,-0.6192702717166496,Education & Training Services,Consumer Defensive,LINC
2015Q4,2015,Q4,2016-03-10,2015-12-31,8557000.0,48856000.0,7795000.0,0.37,-12532000.0,-0.35868227482183235,210279000.0,80997000.0,105264000.0,71446000.0,129282000.0,1043000.0,2260000.0,46261530.0,66065530.0,3.4841915085817523,1.4733365058925623,0.2768892756766011,0.7188414385717989,0.05051189509533423,3.4841915085817523,0.10564588811931307,0.9468955706566236,1.3515697674418603,0.5711511537464351,0.0,-21.483221476510067,0.0,0.23233894016996468,0.6722979592979313,0.04069355475344661,4.118359298495505,-0.2565089241853611,2.3636363636363638,-0.6517629568085567,-0.7238972613267249,-0.6563650840604563,-1.3131434282858572,2.315381635025184,0.6828583765112263,1.6864815489838219,-0.49854446695087196,-0.6091284726689677,Education & Training Services,Consumer Defensive,LINC
2015Q3,2015,Q3,2015-11-06,2015-09-30,2581000.0,79046000.0,4632000.0,0.11,40020000.0,0.5062874781772638,221908000.0,72578000.0,106629000.0,64128000.0,149330000.0,1611000.0,-6297000.0,11847300.0,58906300.0,3.124321997417133,1.662752619760479,0.3581709537285722,1.0951114662845491,0.02431362102830261,3.124321997417133,0.035561740472319435,0.14987855172937278,1.1475493994575745,0.16323541569070518,0.0,24.224705152079455,0.0,0.35621068190421257,0.7709268962075848,0.011630946157867224,0.8566377440347072,0.5062874781772638,1.3333333333333333,-0.8558754204773887,-0.5015861583069265,-0.6540865661271872,0.14196033670994435,1.3393819855358318,1.7457736274351956,2.6617284032985506,-0.27481037299458944,-0.6715267004908637,Education & Training Services,Consumer Defensive,LINC
2015Q2,2015,Q2,2015-08-07,2015-06-30,-7605000.0,72393000.0,-6211000.0,-0.33,35045000.0,0.4840937659718481,175593000.0,69659000.0,80877000.0,59585000.0,105934000.0,1597000.0,-8878000.0,46726640.0,82826640.0,3.0113695313850943,1.3573382562725518,0.23320975209717928,0.5878637362006345,-0.04295237826809481,3.0113695313850943,-0.10917469386583213,0.6454579862693907,-1.5360499671268903,0.670791139694799,0.0,23.386349405134627,0.0,0.41227725478806104,0.37633632625660823,-0.0433103825323333,-7.946707482993197,0.4840937659718481,-0.10000000000000009,-1.642331992275644,-0.4719717467870015,-0.6876534652497396,-0.09030734087841345,-0.10489612087752434,-0.14214784847370357,0.6478171872717724,-0.30829425777651154,-0.6872368233822966,Education & Training Services,Consumer Defensive,LINC
2015Q1,2015,Q1,2015-05-11,2015-03-31,-6883000.0,76720000.0,-5438000.0,-0.3,38524000.0,0.5021376433785193,176896000.0,76669000.0,79407000.0,53321000.0,100227000.0,1593000.0,-1273000.0,52567679.99999999,82453680.0,3.3253383067314366,1.48922563342773,0.19822946816208395,0.45736868877903714,-0.044941562143498766,3.3253383067314366,-0.08977552857086958,0.6851887382690302,-1.909330233909632,0.6856445238623171,0.0,23.9774011299435,0.0,0.4337011577424023,0.39205941373942726,-0.03890986794500723,-7.441630804077009,0.5021376433785193,-2.5,-1.5276578200842161,-0.44220002570191125,-0.6381029179347817,-0.16936544556803726,-2.4840448469167744,-1.4129081245254367,-1.1632233224790478,-0.2975943658112177,-0.6860557745455274,Education & Training Services,Consumer Defensive,LINC
2014Q4,2014,Q4,2015-03-16,2014-12-31,4638000.0,83245000.0,13170000.0,0.2,46379000.0,0.5571385668808937,213707000.0,83010000.0,113064000.0,83479000.0,130697000.0,1486000.0,5610000.0,64086399.99999999,116968400.0,3.626791331702202,1.3544005079121695,0.30500170794592596,0.7852186483556198,0.06831006406706144,3.626791331702202,0.05587278641127575,0.7698528440146555,3.454420008624407,0.7720322852668353,0.1034928848641656,24.808882907133242,0.007489888650322065,0.389528653717473,0.3094430934726099,0.02170261151951036,7.985844236760124,0.5571385668808937,1.1197604790419162,-0.7680989583598254,-0.409649834024469,-0.5760371903270967,0.12013041903151793,1.1217930201412778,1.3112592172433353,-0.27413945663645334,-0.3032807876296154,-0.6641092784859673,Education & Training Services,Consumer Defensive,LINC
2014Q3,2014,Q3,2014-11-07,2014-09-30,-38081000.0,84658000.0,-42312000.0,-1.67,41405000.0,0.4890854969406317,195447000.0,83296000.0,43466000.0,68501000.0,112151000.0,2222000.0,1452000.0,64188830.0,94279830.0,3.646456244801471,0.6345308827608356,0.21894938269709946,0.5137461582789089,-0.22822779209897845,3.646456244801471,-0.4571768152132155,0.7582133997968296,-0.42139669388934115,0.7706111938148291,-0.01268349045455739,19.465796579657965,0.0075246736854371705,0.433150675119086,0.45101531364505626,-0.1948405450070863,4.573482721767011,0.4890854969406317,-2.2745098039215685,-4.246011348292992,-0.33580904138145173,-0.5598542299013064,0.16280049427095034,-2.283977233528803,-3.2299310206937917,-8.360844102968793,-0.3383606707750176,-0.659972979613265,Education & Training Services,Consumer Defensive,LINC
2014Q2,2014,Q2,2014-08-08,2014-06-30,-11596000.0,77152000.0,-10003000.0,-0.51,35608000.0,0.46153048527581914,240159000.0,120964000.0,45929000.0,69757000.0,119195000.0,2193000.0,40015000.0,102372000.0,146015000.0,5.3054385964912285,0.6584142093266625,0.20986929492544523,0.4166694223074634,-0.060625465808081605,5.3054385964912285,-0.09586323203597764,1.3268871837411862,-2.2070541566057265,0.8463013789226547,-0.145394963780614,18.94391244870041,0.01646934708709413,0.3212538360003165,0.36308900898834523,-0.04828467806744698,-12.053691275167786,0.46153048527581914,-0.04081632653061228,-2.8133731885598725,-0.3006443530573369,-0.31621787182599637,-0.04479854069424325,-0.045249684514151796,-0.06380942252472616,-3.2685673107718585,-0.4196790485072176,-0.5130471659876782,Education & Training Services,Consumer Defensive,LINC
2014Q1,2014,Q1,2014-05-09,2014-03-31,-11094000.0,79967000.0,-9403000.0,-0.49,37278000.0,0.4661672940087786,242058000.0,133474000.0,44509000.0,53961000.0,108584000.0,2120000.0,53298000.0,85665710.0,119088710.0,5.873960304537253,0.8248364559589333,0.16735245271794363,0.30349731033759386,-0.056230037521050595,5.873960304537253,-0.08311731123664534,1.0712632710993284,-1.9304513701099695,0.6418157094265551,-0.15071209662880836,20.13632075471698,0.019517727688243055,0.3303629708582241,0.4593502714923741,-0.045831990679919686,-9.500466895863369,0.4661672940087786,0.6549295774647887,-3.1551446045890628,-0.2372805516774669,-0.23075920424794782,-0.19555459646094087,0.6548763415772282,-1.5056463755646377,-2.0344903752681867,-0.4687460167097608,-0.4487965558957016,Education & Training Services,Consumer Defensive,LINC
2013Q4,2013,Q4,2014-03-11,2013-12-31,-32145000.0,81215000.0,18596000.0,-1.42,46340000.0,0.5705842516776457,305949000.0,145196000.0,103622000.0,56581000.0,160753000.0,2269000.0,66064000.0,112637640.00000001,189867640.0,6.419488902643912,1.8313921634470935,0.2945458229966432,0.6206507066310367,-0.06661451532735932,6.419488902643912,-0.22139039642965372,1.3869068521824788,-0.8760121325244984,0.7757626931871402,-0.05229429149167833,15.370207139709123,0.01492396325065049,0.2654527388551687,0.5127693041833831,-0.10506653069629251,11.762493734335841,0.5705842516776457,-13.199999999999998,-3.8620231834610665,-0.14001681943984115,-0.05683060346981623,0.11183089805417597,-13.123462214411248,7.895068594734891,-2.344558122562013,-0.5282610109764826,-0.36686587864028875,Education & Training Services,Consumer Defensive,LINC
2013Q3,2013,Q3,2013-11-08,2013-09-30,-2276000.0,88509000.0,-2697000.0,-0.1,41679000.0,0.470901264278209,290286000.0,176415000.0,61594000.0,63298000.0,113871000.0,2380000.0,99890000.0,103854080.0,133323080.0,7.830921519886363,0.9730797181585517,0.12304761511061504,0.2024714451718958,-0.006578002643676,7.830921519886363,-0.012901397273474478,1.1733731033002293,-11.407521968365554,0.5886918912790863,-0.7407732864674869,19.676470588235293,0.01623431645632025,0.3049027510799694,0.5088628392682233,-0.007840543464032023,31.711169465648855,0.470901264278209,0.7619047619047619,-1.4442054615556192,-0.019049960598611658,0.18791514953628569,0.030867403724864583,0.7573043292812967,0.8124739257405089,-1.131053576888262,-0.4245279926413742,-0.13298918755116404,Education & Training Services,Consumer Defensive,LINC
2013Q2,2013,Q2,2013-08-09,2013-06-30,-9378000.0,85217000.0,-14382000.0,-0.42,40431000.0,0.47444758674912285,287140000.0,180205000.0,53776000.0,55926000.0,106935000.0,2950000.0,103852000.0,121933740.0,153487740.0,8.010179134995777,0.9615563423094804,0.1247475099254719,0.19877361893399184,-0.034437994983045325,8.010179134995777,-0.05204073138925113,1.430861682528134,-3.250526231605886,0.6766390499708665,-0.17978246960972488,15.181694915254237,0.013827181877632886,0.29677857491119314,0.4474126524335729,-0.032660026467925055,-10.759175858113474,0.47444758674912285,-0.2727272727272726,-9.512117060141998,0.12854901690679402,0.27615962190323134,-0.07881066302118933,-0.25257112328035264,-0.2987177171753657,-1.8144400812112829,-0.36089030886095813,-0.16916483697237095,Education & Training Services,Consumer Defensive,LINC
2013Q1,2013,Q1,2013-05-07,2013-03-31,-7487000.0,90083000.0,-11074000.0,-0.33,43890000.0,0.4872173440049732,298658000.0,190152000.0,57022000.0,56924000.0,108506000.0,2696000.0,114916000.0,127535660.00000001,146171660.0,8.483626304987954,1.001721593703886,0.12028808871686009,0.18892780512432159,-0.02601544951067733,8.483626304987954,-0.03937376414657748,1.4157572460952679,-4.258570188326432,0.6707037527872439,-0.22118338453319086,17.133902077151337,0.012984603678688767,0.3016259400384386,0.5801068090787717,-0.025068807800226346,-26.51469022869023,0.4872173440049732,0.3888888888888889,-18.70923316079752,0.22703770778384327,0.3308421988102615,-0.19111684482123112,0.37289555239132255,-2.583357163282814,-1.590400937420435,-0.3262832692824367,-0.07672563754132711,Education & Training Services,Consumer Defensive,LINC
2012Q4,2012,Q4,2013-03-12,2012-12-31,-11939000.0,93317000.0,6994000.0,-0.54,54260000.0,0.5814588981643216,346774000.0,198477000.0,99513000.0,58574000.0,148297000.0,2677000.0,124059000.0,124466940.0,136285940.0,8.913904607922392,1.6989278519479634,0.2120314671803538,0.37045602261219185,0.005922064219497541,8.913904607922392,-0.060153065594502134,1.33380777350322,-2.6063099924616804,0.6271101437446153,-0.13920763883072285,14.589839372431827,0.013352943359899425,0.26910033624204815,1.3500529245057533,-0.03442876340210051,21.367715021459226,0.5814588981643216,-6.714285714285714,-2.4302347556187494,0.19101250992717597,0.4078600099668769,0.03204945316214931,-7.045148247978437,3.841934173100366,-1.6136285354774034,-0.31973529183688976,0.04201309010995673,Education & Training Services,Consumer Defensive,LINC
2012Q3,2012,Q3,2012-11-07,2012-09-30,-1484000.0,104144000.0,-2461000.0,-0.07,52575000.0,0.5048298509755723,333928000.0,211111000.0,73491000.0,70550000.0,122817000.0,3099000.0,137660000.0,92997050.00000001,108702050.00000001,9.51164676728993,1.0416867469879518,0.10820895522388059,0.1711611427163909,-0.004209539884730644,9.51164676728993,-0.007029477383935465,0.8929659893992934,-15.666618935309973,0.44051257395398635,-1.076145552560647,16.6405292029687,0.017172587732621626,0.31187561390479385,0.5670163004961021,-0.004444071775951702,43.5787488284911,0.5048298509755723,0.924731182795699,-1.8362820914669022,0.3823659422341384,0.5962591880116809,0.03911376393390782,0.9283368746378211,0.9124012244607389,-1.1301887870638017,-0.15907512422549397,0.14810402490473545,Education & Training Services,Consumer Defensive,LINC
2012Q2,2012,Q2,2012-08-06,2012-06-30,-20708000.0,100365000.0,-28094000.0,-0.93,50596000.0,0.5041199621381955,333601000.0,213584000.0,73266000.0,67696000.0,120017000.0,3174000.0,140742000.0,144189500.0,160442500.0,9.62827390343957,1.0822796029307493,0.10865375103791655,0.16970840512397933,-0.07991545281968104,9.62827390343957,-0.09695482807700952,1.436651223035919,-1.7407463299208037,0.6750950445726271,-0.07707166312536218,15.680214240705734,0.011068767143238586,0.3008534147079895,0.5701075395887497,-0.06207415445397346,-38.27701088399257,0.5041199621381955,-5.642857142857142,-12.993279538385249,0.5115574352279941,0.6421855703562073,-0.04647393615016396,-5.778396072013093,-5.86056166056166,-4.328370833611008,-0.06492218366540972,0.24092315849065643,Education & Training Services,Consumer Defensive,LINC
2012Q1,2012,Q1,2012-05-07,2012-03-31,-3055000.0,104871000.0,-4095000.0,-0.14,53062000.0,0.5059740061599489,356352000.0,234478000.0,72465000.0,69552000.0,121874000.0,2964000.0,163045000.0,175103670.0,183871670.0,10.592130821701224,1.0418823326432023,0.10207323096264367,0.15512755994165764,-0.008554994730915543,10.592130821701224,-0.0130289408814473,1.6697053522899563,-14.329269230769231,0.7467808067281366,-0.5201309328968904,17.479419703103915,0.009074624192628286,0.2942904768318966,0.6446256038647343,-0.008572984015804598,59.25674111675127,0.5059740061599489,-1.501485436893204,-1.1715624909786138,0.5435138150908143,0.7914005720810763,-0.16642578861379917,-1.494336569579288,-1.3379828326180256,-1.6091810315124189,0.0267301837172324,0.3871219278927651,Education & Training Services,Consumer Defensive,LINC
2011Q4,2011,Q4,2012-03-09,2011-12-31,6180000.0,115561000.0,12116000.0,0.2791706193251118,63656000.0,0.550843277576345,362251000.0,239025000.0,72658000.0,71118000.0,123226000.0,3051000.0,167689000.0,174882300.0,184866300.0,10.797533541130235,1.0216541522540004,0.10078095022512015,0.15273716138479237,0.024512449890207247,10.797533541130235,0.025855036084091624,1.513333217954154,7.074526699029128,0.7316485723250705,0.25614886731391584,17.012454932808915,0.009051802269297693,0.31900809107497285,0.6499057903765573,0.017059994313335228,72.98927378964942,0.550843277576345,2.55094788513951,-0.2589987522917696,0.5431981381544522,0.8111725552741466,-0.03643491818415755,2.5741212429954152,3.402538171723181,-0.43780933883322837,0.2502602819438217,0.5864040499872053,Education & Training Services,Consumer Defensive,LINC
2011Q3,2011,Q3,2011-11-08,2011-09-30,-3926000.0,123482000.0,-5043000.0,-0.18,66063000.0,0.5350010527850213,366462000.0,236411000.0,73731000.0,81295000.0,130051000.0,3383000.0,163092000.0,178344050.0,188848050.0,10.724019051939216,0.9069561473645366,0.09997489507779797,0.1549716383755409,-0.011832636060202082,10.724019051939216,-0.016606672278362683,1.4442918805979819,-11.356600229240959,0.7543813528135324,-1.4403973509933774,16.972805202483002,0.03170837490793778,0.3369571742772784,0.5724583307706501,-0.01071325267012678,144.87737611697807,0.5350010527850213,-1.8181818181818183,-3.027452400637015,0.6842858916002091,0.8892593622198182,-0.10246586509068678,-1.7963488843813387,-1.5400514028699936,-1.7830229041908907,0.3985424217023488,0.6267848762579876,Education & Training Services,Consumer Defensive,LINC
2011Q2,2011,Q2,2011-08-05,2011-06-30,4930000.0,128224000.0,9338000.0,0.22,73605000.0,0.5740345021212877,380443000.0,239585000.0,78742000.0,92142000.0,140858000.0,3221000.0,167026000.0,377128499.99999994,383584499.99999994,10.895179627103229,0.8545722905949513,0.09659002794111075,0.15337771563328256,0.02018390270429714,10.895179627103229,0.02057724815827368,2.9411693598702264,19.124163286004055,1.5740906150218084,1.1454361054766735,16.957156162682395,0.01497367608122961,0.3370386628220259,0.5502810878860889,0.01295857723758881,-46.63391863484604,0.5740345021212877,-0.5217391304347826,4.872412832107949,0.9577531375397886,0.9516390815582559,-0.1475180097750805,-0.5239474700656624,-0.49456021650879567,3.577977536489189,0.7372522601592968,0.7357899341784414,Education & Training Services,Consumer Defensive,LINC
2011Q1,2011,Q1,2011-05-06,2011-03-31,10356000.0,145358000.0,18475000.0,0.46,86342000.0,0.5939955145227644,382601000.0,233838000.0,84964000.0,100250000.0,148763000.0,3532000.0,162181000.0,348674270.0,341856270.0,10.656610308526638,0.8475211970074813,0.09630398247782938,0.1575706258178739,0.04064099915499768,10.656610308526638,0.04428707053601211,2.398727761801896,8.417204277713404,1.4910932782524653,0.54123213595983,16.708946772366932,0.016075175263147463,0.37992059613017215,0.6690872817955112,0.027067362604906938,109.68048757470903,0.5939955145227644,-0.5648107269121325,3.303596676307316,1.2094308329679082,0.9255830055640987,-0.1973934948920308,-0.553505216866431,-0.5596997140133461,24.02115360496372,1.0224480346647273,0.671722231155469,Education & Training Services,Consumer Defensive,LINC
2010Q4,2010,Q4,2011-03-14,2010-12-31,23194000.0,167023000.0,41960000.0,1.0570113475823726,107577000.0,0.6440849463846297,412822000.0,222485000.0,117492000.0,121668000.0,190337000.0,3555000.0,151989000.0,340335930.0,331285930.0,10.139224354008112,0.9656770884702633,0.1379408074182093,0.25594983931501,0.08518957262731576,10.139224354008112,0.10424972470054161,2.0376590649192026,3.6683617530395787,1.5297028114254894,0.0,16.72180028129395,0.0,0.4045884182529032,0.8193773218923628,0.05618402120042052,9.06982011512632,0.6440849463846297,0.39080440471364813,1.1451964383730568,1.3446463518428806,0.8778329625711326,0.035320045810195655,0.22843069752661405,0.29602174450210034,1.8194294364827113,1.1631071676563596,0.6013867242199842,Education & Training Services,Consumer Defensive,LINC
2010Q3,2010,Q3,2010-11-05,2010-09-30,18881000.0,167211000.0,32376000.0,0.76,103907000.0,0.6214124668831597,370692000.0,221214000.0,71750000.0,100672000.0,149478000.0,3960000.0,150995000.0,352929720.0,375539720.0,9.032092111709947,0.7127105848696758,0.09992122840525287,0.16743967380003075,0.07553975736566593,9.032092111709947,0.08535174084822841,2.1106848233668836,4.673080345320693,1.595422170387046,0.0,15.985858585858585,0.0,0.45107798387879966,0.5277038302606485,0.05093446850754804,10.445416124067716,0.6214124668831597,0.52,2.5188957352695756,1.181588301382312,0.8342579405514211,0.09748935855593227,0.4309208033345964,0.40869338206500455,8.642170052905145,1.0113354770172895,0.5157795882271495,Education & Training Services,Consumer Defensive,LINC
2010Q2,2010,Q2,2010-08-06,2010-06-30,13195000.0,152795000.0,22983000.0,0.5,94677000.0,0.6196341503321444,389260000.0,248548000.0,93377000.0,91991000.0,140712000.0,3821000.0,132114000.0,530810200.0,539753200.0,9.6411171450737,1.0150666913067583,0.09539382417921184,0.14939971353621836,0.04836375536251044,9.6411171450737,0.053088337061654084,3.4740024215452077,10.057032967032967,2.135644623976053,0.0,15.210154409840356,0.0,0.39252684580999847,0.6731962909415051,0.033897651954991524,-97.0935064935065,0.6196341503321444,-0.09090909090909098,266.49256529609517,0.9065455860282465,0.8694238735567192,0.01153883137280041,-0.08748271092669432,-0.09229857819905213,8.672344840961985,0.9801079796123187,0.6443760965397873,Education & Training Services,Consumer Defensive,LINC
2010Q1,2010,Q1,2010-05-07,2010-03-31,14460000.0,152466000.0,25320000.0,0.55,93597000.0,0.6138876864350085,377362000.0,234843000.0,84459000.0,94151000.0,142519000.0,3227000.0,118918000.0,646617400.0,650051400.0,9.188629783238126,0.8970589797240602,0.09864798257376206,0.15851441175593908,0.055700802547432586,9.188629783238126,0.06157305093189919,4.241059646085029,11.179415629322268,2.753402911732519,0.0,18.242640223117448,0.0,0.40403114251037464,0.6702106191118522,0.03831864363661418,103.17813946066698,0.6138876864350085,-0.37057717279362373,14.902442965243742,0.8265415498523534,2.350936583695805,-0.09334224521228676,-0.3525276496664129,-0.367758689572513,9.902691190961376,0.9436587488772947,0.5540326047153407,Education & Training Services,Consumer Defensive,LINC
2009Q4,2009,Q4,2010-03-11,2009-12-31,22333000.0,157459000.0,40048000.0,0.8738164175600595,103233000.0,0.655618287935272,388368000.0,218636000.0,105961000.0,101467000.0,169732000.0,3329000.0,104458000.0,553586280.0,564838280.0,8.554503482275608,1.0442902618585352,0.14761257364149466,0.26220750471102655,0.08295055006501025,8.554503482275608,0.10214694743775042,3.515748734591227,6.196953835131867,2.531999670685523,0.0,16.28897566836888,0.0,0.40543762616899437,0.8149447603654391,0.05750473777448194,36.32694271277643,0.655618287935272,0.7476328351201189,2.1428487983800077,0.8461788913150724,2.2348529592015933,0.13796752538113033,0.635398359695372,0.6582336135149683,1.3193667630399408,0.8212509342988445,0.4349278816385036,Education & Training Services,Consumer Defensive,LINC
2009Q3,2009,Q3,2009-11-06,2009-09-30,13656000.0,148368000.0,24151000.0,0.5,90717000.0,0.611432384341637,367874000.0,220289000.0,93056000.0,98203000.0,147585000.0,3347000.0,82125000.0,608379200.0,607701200.0,8.284655885671304,0.9475881592212051,0.1016054409933836,0.1696771059835035,0.048497380198085235,8.284655885671304,0.06199129325567777,4.100474495848161,11.137580550673695,2.761732088302185,0.0,17.22467881685091,0.0,0.4033120035664385,0.7313014877345906,0.03712140569869031,20.34168784271767,0.611432384341637,0.8518518518518517,1.5678826626551337,0.7712184308023033,0.0,0.17829588258215354,0.838944249932669,0.7984213269789262,4.846765094808866,0.677815352770361,0.4595147228821565,Education & Training Services,Consumer Defensive,LINC
2009Q2,2009,Q2,2009-08-05,2009-06-30,7426000.0,128110000.0,13429000.0,0.27,76990000.0,0.6009679181953009,338563000.0,205434000.0,63201000.0,83700000.0,133129000.0,3661000.0,68469000.0,554163610.0,584128610.0,7.75896060731956,0.755089605734767,0.12583477816536362,0.20738047256053038,0.031858664983432164,7.75896060731956,0.036147862573868005,4.325685816876122,18.656194788580663,2.697526261475705,0.0,13.963397978694346,0.0,0.3783933861644657,0.4877658303464755,0.021933879366617143,132.13247734859323,0.6009679181953009,0.22727272727272735,6.011746043736072,0.7570616297746506,0.0,0.09516358463726884,0.2752876524128456,0.25622076707202995,6.346509736838668,0.6245313361403598,0.38985232660564384,Education & Training Services,Consumer Defensive,LINC
2009Q1,2009,Q1,2009-05-08,2009-03-31,5823000.0,118599000.0,10690000.0,0.22,70300000.0,0.5927537331680706,332618000.0,196277000.0,58478000.0,86975000.0,136341000.0,3354000.0,61042000.0,470897280.0,503732280.0,7.63604886399004,0.672354124748491,0.14447504344322917,0.2448325580684441,0.021961571855695496,7.63604886399004,0.029667255969879302,3.970499582627172,20.217125193199383,2.3991465123269666,0.0,14.40041741204532,0.0,0.3565621824435238,0.46551307847082496,0.017506569097282768,-2478.406736842105,0.5927537331680706,-0.5569664681917893,2.236294557810764,0.7902102367636551,0.0,0.035315601896851345,-0.5437950485741146,-0.4969175020000941,1.0657682696539876,0.53892618498187,0.3797863951533748,Education & Training Services,Consumer Defensive,LINC
2008Q4,2008,Q4,2009-03-13,2008-12-31,12764000.0,107323000.0,21249000.0,0.4965764083411142,67902000.0,0.6326882401721905,268042000.0,174949000.0,51261000.0,71101000.0,93093000.0,3374000.0,55219000.0,340578000.0,335518000.0,6.806294740118269,0.7209603240460754,0.037956738123129954,0.058154090620695174,0.07050830416820665,6.806294740118269,0.0729584050208918,3.1733924694613456,6.670675336884989,1.9467273319653158,0.0,11.68375815056313,0.0,0.40039620656464286,0.5473762675630441,0.047619402929391666,17.092140921409214,0.6326882401721905,1.2571654924596098,0.8856581576505888,0.5174499894804818,2.4676441640565043,0.152307091825479,1.236943568173852,1.044942738908671,0.007798019377864853,0.2861427114372104,0.2605584184470824,Education & Training Services,Consumer Defensive,LINC
2008Q3,2008,Q3,2008-11-06,2008-09-30,5706000.0,100481000.0,10391000.0,0.22,58927000.0,0.5864491794468606,248348000.0,165384000.0,43115000.0,66007000.0,82964000.0,3710000.0,42455000.0,331914240.0,335991240.0,6.592155612244898,0.6531882982107958,0.041159985182083206,0.06180767184249988,0.03429525537590335,6.592155612244898,0.03450152372659991,3.303253749465073,14.542334384858044,2.0069307792773183,0.0,11.20053908355795,0.0,0.40459758081401903,0.48100958989198117,0.022975824246621677,18.15028380816974,0.5864491794468606,3.3999999999999995,0.4214963329081632,0.6307171144976359,0.0,0.19943414276700117,3.597904915390814,2.868577810871184,0.03817695349561886,0.27982358795019896,0.33875005121284446,Education & Training Services,Consumer Defensive,LINC
2008Q2,2008,Q2,2008-08-06,2008-06-30,1241000.0,85056000.0,2686000.0,0.05,49129000.0,0.5776076937547028,249248000.0,159060000.0,42958000.0,52228000.0,90188000.0,2796000.0,36749000.0,294715830.0,317097830.0,6.2767846572747725,0.8225089990043655,0.12546941199126974,0.19661134163208852,0.008253122993976037,6.2767846572747725,0.0078020872626681755,3.4649622601580137,59.37063456889606,1.852859486986043,0.0,12.849427753934192,0.0,0.3412504814481962,0.5919047254346328,0.004978976762100398,-68.37954292343387,0.5776076937547028,1.5,1.9794404325006905,0.6601620365269899,0.0,0.036083343877852295,1.5640495867768596,1.1505204163330665,24.59371130165495,0.07969768470380095,0.21707587522465382,Education & Training Services,Consumer Defensive,LINC
2008Q1,2008,Q1,2008-05-08,2008-03-31,484000.0,84047000.0,1249000.0,0.02,47418000.0,0.5641843254369578,244252000.0,163573000.0,39044000.0,56802000.0,80679000.0,2582000.0,35508000.0,307920000.0,319625000.0,6.374629773967264,0.6873701630224288,0.07093084191736404,0.10591601303393591,0.004230064050361411,6.374629773967264,0.0029589235387258287,3.6636643782645426,159.04958677685948,1.8824622645546636,0.0,14.186289697908599,0.0,0.3440995365442248,0.4442801309813035,0.00198156002816763,2877.7570093457944,0.5641843254369578,-0.9466528066528066,8.518312820605775,0.7231514369857505,0.0,-0.14305851736726063,-0.9496881496881497,-0.9265855522247693,-0.4698349076605591,0.002880020459076115,1.324718768849526,Education & Training Services,Consumer Defensive,LINC
2007Q4,2007,Q4,2008-03-17,2007-12-31,9620000.0,90294000.0,17013000.0,0.37490257209664846,55334000.0,0.6128203424369283,246183000.0,162467000.0,43761000.0,61713000.0,83716000.0,2540000.0,35024000.0,377715200.0,389591200.0,6.331527669524552,0.7091050507996695,0.06246572671549214,0.09465306800765694,0.05562548272290439,6.331527669524552,0.059212024595764065,4.183170531818282,9.815883575883577,2.3248733588974995,0.0,13.763779527559056,0.0,0.3667759349752014,0.5327078573396204,0.03907662186259815,-237.55672955974842,0.6128203424369283,3.6862821512081054,0.42362400130900857,0.27886451203913104,2.225761711930739,0.11756508391735504,3.717999019127023,1.1058299294467138,0.34840920191630653,0.054472840754739925,1.394243109546307,Education & Training Services,Consumer Defensive,LINC
2007Q3,2007,Q3,2007-11-09,2007-09-30,2039000.0,86566000.0,8079000.0,0.08,49513000.0,0.5719682092276414,237349000.0,151965000.0,41825000.0,63288000.0,85384000.0,2694000.0,25404000.0,356021880.0,367912880.0,5.958710739912951,0.6608677790418405,0.06500132715958357,0.10152337709340967,0.028177985908552815,5.958710739912951,0.013417563254696806,4.1127218538456205,43.65153016184404,2.342788668443392,0.0,13.75389755011136,0.0,0.36472030638426955,0.377480723043863,0.00859072505045313,24.728893519483226,0.5719682092276414,2.142857142857143,-0.5003038858173549,0.38202786970885216,0.0,0.1923947596570658,2.199411764705882,4.482327586206897,-0.6002431086538839,0.07747275405578875,0.0,Education & Training Services,Consumer Defensive,LINC
2007Q2,2007,Q2,2007-08-09,2007-06-30,-1700000.0,76276000.0,-2320000.0,-0.07,41524000.0,0.5443914206303424,235806000.0,149409000.0,44753000.0,49206000.0,86397000.0,2052000.0,23366000.0,378677380.0,404296380.0,5.863085194050936,0.9095029061496566,0.13280408471370533,0.2095991540000937,-0.007385181747047695,5.863085194050936,-0.01137816329672242,4.964567885049033,-55.68785,2.534501803773534,0.0,16.935672514619885,0.0,0.32346929255404866,0.5190627159289517,-0.007209316132753195,-50.129385755890915,0.5443914206303424,-0.16666666666666682,-0.3342228152101401,0.4804939203824864,0.0,-0.020429346543996224,-0.05067985166872682,0.016532428995337006,-2.667778519012675,0.0869513216261995,0.0,Education & Training Services,Consumer Defensive,LINC
2007Q1,2007,Q1,2007-05-10,2007-03-31,-1618000.0,78142000.0,-2359000.0,-0.06,42390000.0,0.5424739576668117,232941000.0,150539000.0,42499000.0,53826000.0,82402000.0,2423000.0,25066000.0,361786600.0,379966600.0,5.912765121759623,0.789562664883142,0.09804199346615666,0.1517081952185148,-0.007876497908128133,5.912765121759623,-0.010748045357017118,4.629861022241561,-55.90027812113721,2.4032748988634176,0.0,14.755262071811803,0.0,0.33545833494318306,0.44916954631590683,-0.006945964858054186,-25.32810137216466,0.5424739576668117,-1.159257714762302,-33.069440435521294,0.6146708525121947,0.0,-0.16978397540100668,-1.1686822351959967,-1.139875481766973,-1.907866692851532,0.1908302130594621,0.0,Education & Training Services,Consumer Defensive,LINC
