Quarters,Year,Quarter,FillingDate,Date,NetIncome,Revenue,OperatingIncome,EPSDiluted,GrossProfit,GrossProfitRatio,TotalAssets,CommonStockEquity,CurrentAssets,CurrentLiability,TotalLiability,Inventory,RetainedEarnings,MarketCap,EnterpriseValue,bookValuePerShare,currentRatio,debtToAssets,debtToEquity,roic,shareholdersEquityPerShare,roe,priceToSalesRatio,peRatio,pbRatio,payoutRatio,inventoryTurnover,dividendYield,assetTurnover,quickRatio,returnOnAssets,priceToFreeCashFlowsRatio,grossProfitMargin,epsdilutedGrowth,fiveYNetIncomeGrowthPerShare,fiveYRevenueGrowthPerShare,fiveYShareholdersEquityGrowthPerShare,grossProfitGrowth,netIncomeGrowth,operatingIncomeGrowth,threeYNetIncomeGrowthPerShare,threeYRevenueGrowthPerShare,threeYShareholdersEquityGrowthPerShare,Industry,Sector,Symbol
2023Q1,2023,Q1,2023-05-03,2023-03-31,-29204000.0,42037000.0,-31522000.0,-1.1,31855000.0,0.7577848086,426891000.0,385149000.0,271100000.0,30143000.0,41742000.0,4520000.0,-190109000.0,604511040.0,502572040.0,14.475476378396662,8.993796237932521,0.030176321356037022,0.03344679591534705,-0.07674889445023111,14.475476378396662,-0.07582520011735717,14.380451507005732,-5.17489932885906,1.5695511087916625,0.0,2.2526548672566373,0.0,0.09847244378541595,8.618352519656305,-0.0684109058284199,-21.006742884942835,0.7577848086209767,-0.4102564102564103,-2.2199817412763805,3.59929379721183,0.0,0.10538552293705324,-0.4164322436705791,-0.36270102023171363,-34.451946625310974,0.5757500863227977,1.859735433910738,Diagnostics & Research,Healthcare,CSTL
2022Q4,2022,Q4,2023-02-28,2022-12-31,-20618000.0,38338000.0,-23132000.0,-0.78,28818000.0,0.7516824039,447329000.0,399150000.0,292288000.0,36128000.0,48179000.0,3980000.0,-160905000.0,621456000.0,511818000.0,15.119318181818182,8.090345438441098,0.029754386592418556,0.033345859952398846,-0.0544804176567369,15.119318181818182,-0.05165476637855443,16.209922270332306,-7.535357454651275,1.5569485155956406,0.0,2.391959798994975,0.0,0.08570425793990553,7.808375775022143,-0.046091355579450474,-79.80685758315141,0.7516824038812666,-0.09859154929577474,-3.150163666300441,0.3524349988134391,16.992099230632977,0.023657289002557546,-0.09606081548030408,-0.06662977820814313,-7.573559413084527,0.42423494323383715,2.072252275851462,Diagnostics & Research,Healthcare,CSTL
2022Q3,2022,Q3,2022-11-02,2022-09-30,-18811000.0,37011000.0,-21687000.0,-0.71,28152000.0,0.760638729,457811000.0,411433000.0,299414000.0,31942000.0,46378000.0,3802000.0,-140287000.0,686321280.0,565576280.0,15.634328925368598,9.373677290088285,0.029346171236602003,0.03265416240311302,-0.04596564295455725,15.634328925368598,-0.045720688423145445,18.543710788684447,-9.121275849237147,1.668124044498132,0.0,2.33008942661757,0.0,0.08084340481115569,9.041919729509736,-0.04108900834623895,-94.50857614982098,0.7606387290265056,-10.234177215189872,-1.2066578793957927,3.0354994677397564,0.0,0.036829699469652324,-10.414441747572816,0.11005786039640526,-2.559047820566244,0.21438840458406944,1.4224775482441938,Diagnostics & Research,Healthcare,CSTL
2022Q2,2022,Q2,2022-08-08,2022-06-30,-1648000.0,34838000.0,-24369000.0,-0.0632,27152000.0,0.7793788392,458380000.0,421660000.0,304912000.0,27519000.0,36720000.0,3365000.0,-120038000.0,572104800.0,306629800.0,16.177869858809085,11.08005378102402,0.016778655264191283,0.01823981406820661,-0.025489802549215606,16.177869858809085,-0.003908362187544467,16.421861186061196,-86.7877427184466,1.3567917279324573,0.0,2.2841010401188706,0.0,0.07600244338758236,10.747919619172208,-0.0035952702997512982,-54.978358639246586,0.7793788391985763,0.9348453608247422,0.7865548254148053,2.5773608407686295,0.0,0.29864166826095273,0.9330707062502538,0.005996084189916789,0.229953354837199,0.9237794723047643,70.5747906253979,Diagnostics & Research,Healthcare,CSTL
2022Q1,2022,Q1,2022-05-09,2022-03-31,-24623000.0,26852000.0,-24516000.0,-0.97,20908000.0,0.7786384627,444425000.0,397336000.0,336441000.0,39521000.0,47089000.0,2350000.0,-118390000.0,1140520640.0,839413640.0,15.628382630585273,8.512967789276587,0.017798278674692018,0.019907584512855618,-0.059663051582940926,15.628382630585273,-0.06197022167636459,42.474327424400414,-11.579830240019493,2.870418587794713,0.0,2.5293617021276598,0.0,0.06041964335939697,8.32284102122922,-0.05540417393260955,-52.24077684133382,0.7786384626843438,-2.88,-1.841214772992888,2.07459634233111,0.0,0.02279620389394384,-2.829393468118196,-0.6175771971496437,-6.595718738194461,0.29042415311398506,82.1785956170577,Diagnostics & Research,Healthcare,CSTL
2021Q4,2021,Q4,2022-02-28,2021-12-31,-6430000.0,25039000.0,-15156000.0,-0.25,20442000.0,0.816406406,462572000.0,411740000.0,353743000.0,24886000.0,50832000.0,0.0,-93767000.0,1085854230.0,772379230.0,16.255675312882467,14.214538294623484,0.034930778343695686,0.03924321173556128,-0.015027937224326932,16.255675312882467,-0.015616651284791373,43.36651743280483,-42.21828265940901,2.6372327925389807,0.0,0.0,0.0,0.05412995166157917,13.940167162259906,-0.01390053872694413,-295.5509608056614,0.8164064060066296,0.4680851063829787,-1.6989109413470795,-0.0793600617855066,18.194053960527558,0.07731225296442688,0.45466881519803237,-0.28288471305231083,-1.6989109413470795,-0.0793600617855066,18.194053960527558,Diagnostics & Research,Healthcare,CSTL
2021Q3,2021,Q3,2021-11-08,2021-09-30,-11791000.0,23475000.0,-11814000.0,-0.47,18975000.0,0.8083067092651757,433692000.0,411713000.0,389584000.0,20993000.0,21979000.0,2375000.0,-87358000.0,1681585500.0,1318408500.0,16.28160714991893,18.557804982613252,0.0,0.0,-0.0286947460974028,16.28160714991893,-0.02863888193960356,71.63303514376997,-35.65400517343737,4.0843633793443495,0.0,1.894736842105263,0.0,0.054128275365927896,18.18267994093269,-0.027187497117770215,-238.18491501416432,0.8083067092651757,-0.34285714285714286,-0.43944915931221434,1.6637572516278094,0.0,-0.004511830439116521,-0.3412581048799909,-0.3409761634506243,-0.43944915931221434,1.6637572516278094,0.0,Diagnostics & Research,Healthcare,CSTL
2021Q2,2021,Q2,2021-08-09,2021-06-30,-8791000.0,22758000.0,-8810000.0,-0.35,19061000.0,0.837551630195975,435533000.0,415916000.0,391699000.0,18654000.0,19617000.0,2124000.0,-75567000.0,1839923030.0,1471584030.0,16.576302259774423,20.998123726814626,0.0,0.0,-0.021194216279470903,16.576302259774423,-0.02113647948143375,80.8473077599086,-52.32405386190422,4.423785163350291,0.0,1.740583804143126,0.0,0.05225321617420494,20.700975662056397,-0.02018446363421371,-250.29561012107197,0.837551630195975,-1.0588235294117645,-0.18274333736232695,1.4275418375699445,0.0,-0.03659337882234016,-1.0539719626168225,-1.0564892623716153,-0.18274333736232695,1.4275418375699445,0.0,Diagnostics & Research,Healthcare,CSTL
2021Q1,2021,Q1,2021-05-10,2021-03-31,-4280000.0,22813000.0,-4284000.0,-0.17,19785000.0,0.8672686626046553,437332000.0,418587000.0,426670000.0,17578000.0,18745000.0,2310000.0,-66776000.0,1705475519.9999998,1298494519.9999998,16.802625240847785,24.272954829901014,0.0,0.0,-0.01023443155186377,16.802625240847785,-0.010224875593365297,74.75893218778765,-99.61889719626168,4.074363322320091,0.0,1.310822510822511,0.0,0.05216403098789935,23.965923313232448,-0.009786615203095131,-389.2890938141976,0.8672686626046553,0.2608695652173913,0.49598651912477165,1.665809754724553,0.0,0.352728018597019,0.1245653507874821,-0.4129287598944591,0.49598651912477165,1.665809754724553,0.0,Diagnostics & Research,Healthcare,CSTL
2020Q4,2020,Q4,2021-03-11,2020-12-31,-4889000.0,17299000.0,-3032000.0,-0.23,14626000.0,0.845482397826464,439328000.0,415691000.0,429594000.0,20876000.0,23637000.0,2217000.0,-62496000.0,1398935950.0,989083950.0,19.953487255796095,20.57836750335313,0.0,0.0,-0.0074213894134839125,19.953487255796095,-0.01176113988515508,80.86802416324643,-71.5348716506443,3.3653265285993683,0.0,1.205683355886333,0.0,0.03937604705368199,20.243868557194865,-0.011128359676596984,-1372.851766437684,0.845482397826464,0.0,-1.6460961212467724,-0.22667854443308294,22.105326599687206,0.14785747920263695,-0.06537371976465461,0.22276339400153808,-1.6460961212467724,-0.22667854443308294,22.105326599687206,Diagnostics & Research,Healthcare,CSTL
2020Q3,2020,Q3,2020-11-09,2020-09-30,-4589000.0,15217000.0,-3901000.0,-0.23,12742000.0,0.8373529605046987,210394000.0,166559000.0,201065000.0,30240000.0,43835000.0,1679000.0,-57607000.0,1025707200.0,865112200.0,8.354684991974318,6.648974867724868,0.10672832875462228,0.1348170918413295,-0.0206386828488895,8.354684991974318,-0.027551798461806328,67.40534928041006,-55.87857921115712,6.158221411031526,0.0,1.4740917212626563,0.0,0.07232620702111277,6.470502645502646,-0.0218114585016683,-211.00744702736063,0.8373529605046987,-1.8750000000000002,0.2894035519666587,1.1901676922203044,0.0,0.2056012867820986,-2.335029069767442,-5.048062015503876,0.2894035519666587,1.1901676922203044,0.0,Diagnostics & Research,Healthcare,CSTL
2020Q2,2020,Q2,2020-08-10,2020-06-30,-1376000.0,12715000.0,-645000.0,-0.08,10569000.0,0.8312229650019661,201546000.0,157622000.0,195671000.0,28242000.0,43924000.0,1667000.0,-53018000.0,661233360.0,506215360.0,8.984382124943,6.928369095673111,0.12275609538269179,0.1569641293728033,-0.003536901674133459,8.984382124943,-0.008729745847660859,52.00419661816752,-120.13687499999999,4.195057542728807,0.0,1.2873425314937013,0.0,0.06308733490121361,6.8085475532894275,-0.006827225546525359,56.299136653895275,0.8312229650019661,-3.666666666666667,0.7352353402632537,0.9397168868210412,0.0,-0.29666600119784386,-3.414035087719298,-1.6225868725868726,0.7352353402632537,0.9397168868210412,0.0,Diagnostics & Research,Healthcare,CSTL
2020Q1,2020,Q1,2020-05-11,2020-03-31,570000.0,17418000.0,1036000.0,0.03,15027000.0,0.8627282121942818,120257000.0,87934000.0,116552000.0,15256000.0,32323000.0,1219000.0,-51642000.0,517859320.0,444552320.0,5.061823624222887,7.639748295752491,0.2107652776969324,0.2882389064525667,0.009145480225988701,5.061823624222887,0.006482134328018741,29.731273395338157,227.13128070175435,5.8891818864148116,0.0,1.9614438063986874,0.0,0.14483980142528086,7.4235055060304145,0.004739848823769094,-689.5596804260986,0.8627282121942818,-0.7272727272727273,1.096256931691982,1.9187964748552453,0.0,-0.03821149196138227,-0.7225962846395723,-0.6034604581945509,1.096256931691982,1.9187964748552453,0.0,Diagnostics & Research,Healthcare,CSTL
2019Q4,2019,Q4,2020-03-10,2019-12-31,2054767.0,17634553.0,2612602.0,0.11,15624017.0,0.8859888311316992,119746000.0,85113000.0,116681000.0,15289000.0,34633000.0,1237000.0,-52212000.0,594429150.0,520706150.0,4.921248915871639,7.631695990581464,0.20979406410234996,0.29516055126713897,0.022897940252058335,4.921248915871639,0.024141635237860257,33.708206269815854,72.32318189848289,6.983999506538366,0.0,1.6253322554567502,0.0,0.14726632204833565,7.423180064098371,0.01715937901892339,143.37675992131068,0.8859888311316992,1.2,-0.6729072438258356,-0.05041299173391341,6.2053340008352125,0.19576112937158552,-0.6487154434850696,-0.41014413143981754,-0.6729072438258356,-0.05041299173391341,6.2053340008352125,Diagnostics & Research,Healthcare,CSTL
2019Q3,2019,Q3,2019-11-12,2019-09-30,5849295.0,14774891.0,4429221.0,0.05,13066169.0,0.8843496036620507,113200247.0,82336128.0,109862971.0,9237741.0,30864119.0,821658.0,-54266345.0,230786033.22,161214920.22,6.453859164432845,11.892839493984514,0.21999691396433083,0.302463883169245,0.04130201321742081,6.453859164432845,0.07104165743621074,15.620151324297417,9.863839711452407,2.802974087146775,0.0,2.0796024623383453,0.0,0.13051995372412925,11.566039576125808,0.051672104567050986,393.59706595537483,0.8843496036620507,1.6089349441602927,2.4153881941827398,2.323071475737553,0.0,0.4939961364245748,5.609086589566134,6.289446875601732,2.4153881941827398,2.323071475737553,0.0,Diagnostics & Research,Healthcare,CSTL
2019Q2,2019,Q2,2019-09-03,2019-06-30,-1269079.0,10738569.0,607621.0,-0.08211057762327774,8745785.0,0.8144274157944136,33347143.0,-3593842.0,28524564.0,11745674.0,36940985.0,550894.0,-60115640.0,330752643.4,342402110.4,-0.23252488025315657,2.4285165755494322,0.8731762418147786,-8.102173940868854,0.023805784111959168,-0.23252488025315657,0.35312598606171336,30.800439369528657,-65.1560390251513,-92.03316211452812,0.0,3.617363775971421,0.0,0.3220236588183881,2.3156427634548686,-0.03805660352972367,1099.2623232719368,0.8144274157944136,0.08766024863024731,0.722815265898511,0.8595482966053324,0.0,0.2285081294092214,0.06546768258512808,2.8902857107303292,0.722815265898511,0.8595482966053324,0.0,Diagnostics & Research,Healthcare,CSTL
2019Q1,2019,Q1,2019-03-31,2019-03-31,-1357983.0,8716987.0,-321444.0,-0.09,7119029.0,0.8166845952621015,30965633.0,2001099.0,27010790.0,5274846.0,28964534.0,809297.0,-58846561.0,227918666.99999997,235320335.99999997,0.18788947462561284,5.120678404639681,0.7631788441075951,11.809668587111382,-0.012540038071400163,0.18788947462561284,-0.6786185990798056,26.14649614597337,-41.95904274943059,113.89674723739304,0.0,1.974501326459878,0.0,0.2815052093396573,4.826694466530397,-0.043854520913556,218.137595361582,0.8166845952621015,-1.247782950389458,0.6259452369258924,1.382624608282209,0.0,-0.29303180867228656,-1.3510404161664666,-1.067425515910789,0.6259452369258924,1.382624608282209,0.0,Diagnostics & Research,Healthcare,CSTL
2018Q4,2018,Q4,2018-12-31,2018-12-31,3868452.0,11436029.0,4767394.0,0.36322111694344017,10069801.0,0.8805330066931449,22404935.0,-10069151.0,18126026.0,6737021.0,32474086.0,882233.0,-57488578.0,227918666.99999997,247939906.99999997,-0.9454242350408271,2.690510538708429,1.0934980172894946,-2.433149726327473,0.3296336513990209,-0.9454242350408271,-0.3841884981166734,19.929878369493466,14.729319828706675,-22.63534105308382,0.0,1.5486022399978236,0.0,0.5104245560185736,2.4592814836112282,0.17266071068717673,-70.8802163364429,0.8805330066931449,1.8681296787567732,0.0,0.0,0.0,3.2651298624288425,2.1212800345040277,2.6717562123736904,0.0,0.0,0.0,Diagnostics & Research,Healthcare,CSTL
2018Q3,2018,Q3,2018-09-30,2018-09-30,-3450032.0,3711759.0,-2851728.0,-0.418395,2360960.0,0.6360757797044474,,,,,,,,227918666.99999997,,,0.0,0.0,0.0,0.0,,0.0,61.404489623383405,-16.515692245753083,0.0,0.0,0.0,0.0,0.0,0.0,0.0,-115.94978549265973,0.6360757797044474,-0.09223548084779797,0.0,0.0,0.0,-0.10992549788090065,-0.09352118479544212,-0.06950093946542354,0.0,0.0,0.0,Diagnostics & Research,Healthcare,CSTL
2018Q2,2018,Q2,2018-06-30,2018-06-30,-3154975.0,3979381.0,-2666410.0,-0.383063,2652542.0,0.666571509488536,,,,,,,,227918666.99999997,,,0.0,0.0,0.0,0.0,,0.0,57.27490456430283,-18.060259352292807,0.0,0.0,0.0,0.0,0.0,0.0,0.0,-46.965157139056785,0.666571509488536,0.09115864147004048,0.0,0.0,0.0,0.10266122709597927,0.13096597959640693,0.13565727759644644,0.0,0.0,0.0,Diagnostics & Research,Healthcare,CSTL
2018Q1,2018,Q1,2018-03-31,2018-03-31,-3630439.0,3658565.0,-3084899.0,-0.421485,2405582.0,0.6575206399230299,,,,,,,,227918666.99999997,,,0.0,0.0,0.0,0.0,,0.0,62.29728513775209,-15.69497979445461,0.0,0.0,0.0,0.0,0.0,0.0,0.0,-89.82363338564404,0.6575206399230299,0.0,0.0,0.0,0.0,0.0,0.0,0.0,0.0,0.0,0.0,Diagnostics & Research,Healthcare,CSTL
