Year,Date,FillingDate,NetIncome,Revenue,OperatingIncome,EPSDiluted,GrossProfit,GrossProfitRatio,TotalAssets,CommonStockEquity,CurrentAssets,CurrentLiability,TotalLiability,Inventory,RetainedEarnings,EnterpriseValue,bookValuePerShare,currentRatio,debtToAssets,debtToEquity,roic,shareholdersEquityPerShare,roe,priceToSalesRatio,peRatio,pbRatio,payoutRatio,inventoryTurnover,dividendYield,assetTurnover,quickRatio,returnOnAssets,priceToFreeCashFlowsRatio,grossProfitMargin,epsdilutedGrowth,fiveYNetIncomeGrowthPerShare,fiveYRevenueGrowthPerShare,fiveYShareholdersEquityGrowthPerShare,grossProfitGrowth,netIncomeGrowth,operatingIncomeGrowth,threeYNetIncomeGrowthPerShare,threeYRevenueGrowthPerShare,threeYShareholdersEquityGrowthPerShare,Industry,Sector,Price,MarketCap,AvgVolume,Symbol
2022,2022-12-31,2023-02-28,-67138000.0,137039000.0,-91142000.0,-2.58,105030000.0,0.7664241566,447329000.0,399150000.0,292288000.0,36128000.0,48179000.0,3980000.0,-160905000.0,503673160.0,15.320104398556843,8.090345438441098,0.029754386592418556,0.033345859952398846,-0.20857750224880608,15.320104398556843,-0.16820243016409872,4.475449762476376,-9.135082367660639,1.5365430539897282,0.0,8.04246231155779,0.0,0.3063494653823025,7.808375775022143,-0.1500864017311643,-12.969973988622666,0.7664241566269456,-1.0806451612903227,-1.0382939489696992,2.741704774507004,11.503293841686101,0.3420134674111649,-1.1455324044484214,-1.2740587340003493,-5.1917618978812525,-0.12946728095244575,0.545096238614688,Diagnostics & Research,Healthcare,19.68,525284784,720731,CSTL
2021,2021-12-31,2022-02-28,-31292000.0,94085000.0,-40079000.0,-1.24,78263000.0,0.831832917,462572000.0,411740000.0,353743000.0,24886000.0,50832000.0,2021000.0,-93767000.0,756069190.0,16.379838485101644,14.214538294623484,0.017465389171847843,0.01962160586778064,-0.07325203291552158,16.379838485101644,-0.07599941710788362,11.4537194026678,-34.43765786782564,2.6172419245154708,0.0,7.828797624938149,0.0,0.20339536331641345,13.940167162259906,-0.0676478472540491,-47.966847235823025,0.8318329170430994,-1.296296296296296,0.015325478429670785,1.6626046748351435,12.229835790452414,0.47766407371044484,-2.042784908595877,-5.12641394069092,-0.9129843769485746,0.6071999431078753,16.916323173970554,Diagnostics & Research,Healthcare,19.68,525284784,720731,CSTL
2020,2020-12-31,2021-03-11,-10284000.0,62649000.0,-6542000.0,-0.54,52964000.0,0.845408546,439328000.0,415691000.0,429594000.0,20876000.0,23637000.0,2217000.0,-62496000.0,861230350.0,21.96053674256432,20.57836750335313,0.0,0.0,-0.015867255471293935,21.96053674256432,-0.024739530083643862,20.288948746189085,-123.59805036950605,3.057757685396124,0.0,4.36851601262968,0.0,0.14260188287566467,20.243868557194865,-0.023408478403379708,248.54954047712164,0.8454085460262734,-1.5714285714285718,0.5702585735965229,1.3544323591407372,16.05590068629201,0.1887330265963416,-2.9488345650938035,-2.3898449118334395,0.5702585735965229,1.3544323591407372,16.05590068629201,Diagnostics & Research,Healthcare,19.68,525284784,720731,CSTL
2019,2019-12-31,2020-03-10,5277000.0,51865000.0,4707000.0,-0.21,44555000.0,0.8590571676,119746000.0,85113000.0,116681000.0,15289000.0,34633000.0,1237000.0,-52212000.0,221309080.0,9.915307548928238,7.631695990581464,0.20979406410234996,0.29516055126713897,0.04212492960724986,9.915307548928238,0.06199992950548095,5.688461968572255,55.90905438696228,3.466357430709762,0.0,5.909458367016977,0.0,0.4331251148263825,7.423180064098371,0.04406827785479264,48.540980585718984,0.8590571676467753,0.6612903225806452,1.4862618628219235,3.2981782219521687,7.797825002216826,1.5476181014398573,1.8288055556515366,2.2271736446796533,1.4862618628219235,3.2981782219521687,7.797825002216826,Diagnostics & Research,Healthcare,19.68,525284784,720731,CSTL
2018,2018-12-31,2018-12-31,-6366994.0,22785734.0,-3835643.0,-0.62,17488885.0,0.7675366086517116,22404935.0,-10069151.0,18126026.0,6737021.0,32474086.0,882233.0,-57488578.0,229403441.0,-1.0291220092771878,2.690510538708429,1.0934980172894946,-2.433149726327473,-0.2661590113712074,-1.0291220092771878,0.6323267969662983,9.189179554189476,-32.88556593582466,-20.794424574624017,0.0,6.003911665059004,0.0,1.0169962108794335,2.4592814836112282,-0.28417819556271867,-16.65524545229,0.7675366086517116,0.6037077613195765,0.4852678707491611,0.6566729523934717,0.29444535225210733,0.9801596638065556,0.4852678707491611,0.6480956865139844,0.4852678707491611,0.6566729523934717,0.29444535225210733,Diagnostics & Research,Healthcare,19.68,525284784,720731,CSTL
2017,2017-12-31,2017-12-31,-12369529.0,13753912.0,-10899676.0,-1.564502,8832058.0,0.6421487937395557,9820322.0,-14271256.0,6684466.0,5220849.0,24091578.0,304576.0,-51121584.0,226772824.0,-1.4586000001022055,1.2803408028081256,1.8943050950875133,-1.3035072736415072,-2.5183963334209847,-1.4586000001022055,0.8667442445149888,15.223465222112807,-16.927257375765883,-14.671602905868971,0.0,16.15969084891784,0.0,1.4005561121111916,1.1232617530213955,-1.259584869009387,-16.449948662212442,0.6421487937395557,0.0,0.0,0.0,0.0,0.0,0.0,0.0,0.0,0.0,0.0,Diagnostics & Research,Healthcare,19.68,525284784,720731,CSTL
TTM,,,,,,,,,,,,,,,,423345784.0,14.475476378396662,8.993796237932521,0.030176321356037022,0.03344679591534705,-0.23402019128829943,14.475476378396662,-0.17381315104810707,3.4507356527223036,-7.450459725957229,1.359540749164609,0.0,8.01924778761062,0.0,0.35658751297169533,8.618352519656305,-0.16463453199997188,-9.685882578551409,0.7618838028169014,,,,,,,,,,,Diagnostics & Research,Healthcare,19.68,525284784,720731,CSTL
