Quarters,Year,Quarter,FillingDate,Date,NetIncome,Revenue,OperatingIncome,EPSDiluted,GrossProfit,GrossProfitRatio,TotalAssets,CommonStockEquity,CurrentAssets,CurrentLiability,TotalLiability,Inventory,RetainedEarnings,MarketCap,EnterpriseValue,bookValuePerShare,currentRatio,debtToAssets,debtToEquity,roic,shareholdersEquityPerShare,roe,priceToSalesRatio,peRatio,pbRatio,payoutRatio,inventoryTurnover,dividendYield,assetTurnover,quickRatio,returnOnAssets,priceToFreeCashFlowsRatio,grossProfitMargin,epsdilutedGrowth,fiveYNetIncomeGrowthPerShare,fiveYRevenueGrowthPerShare,fiveYShareholdersEquityGrowthPerShare,grossProfitGrowth,netIncomeGrowth,operatingIncomeGrowth,threeYNetIncomeGrowthPerShare,threeYRevenueGrowthPerShare,threeYShareholdersEquityGrowthPerShare,Industry,Sector,Symbol
2023Q1,2023,Q1,2023-05-04,2023-03-31,7035828.0,0.0,-590434.0,1.09,0.0,0.0,266605962.0,259914688.0,588782.0,2172669.0,6691274.0,0.0,-12334324.0,265306609.58100003,265053814.58100003,10.030909122976434,0.27099479948395266,0.0,0.0,-0.004959481504326723,10.030909122976434,0.02706975913573611,0.0,9.426986048443766,1.0207449668292699,0.0,0.0,0.0,0.0,0.1163522837579033,0.02639036256811091,-2289.257322170642,0.0,8.083333333333334,0.0,0.0,0.0,0.0,1.3249919948396869,0.03291091139294413,0.0,0.0,0.0,Shell Companies,Financial Services,PFTAU
2022Q4,2022,Q4,2023-03-13,2022-12-31,3026173.0,0.0,-610527.0,0.12,0.0,0.0,264135562.0,256691991.0,865741.0,1859194.0,7443571.0,0.0,-12809662.0,260409358.95000002,260040671.95000002,9.90653531022027,0.46565393390899495,0.0,0.0,-0.005959132104287523,9.90653531022027,0.011789121227393494,0.0,21.513092522304575,1.0144818228863246,0.0,0.0,0.0,0.0,0.19830474926231476,0.011456893487140516,-13781.189614204066,0.0,-0.368421052631579,-0.5424208755440814,0.0,15.916161872194198,0.0,-0.3800067076734842,0.20882884634075227,-0.5424208755440814,0.0,15.916161872194198,Shell Companies,Financial Services,PFTAU
2022Q3,2022,Q3,2022-11-03,2022-09-30,4880977.0,0.0,-771675.0,0.19,0.0,0.0,262260046.0,255484168.0,1113081.0,1496007.0,6775878.0,0.0,-11894629.0,253154172.82999998,252766589.82999998,9.85992169695021,0.7440346201588629,0.0,0.0,-0.011223652898223071,9.85992169695021,0.01910481200541554,0.0,12.966367841417814,0.9908800800134119,0.0,0.0,0.0,0.0,0.2590783331896174,0.01861121079800314,-899.7870005935688,0.0,-0.42424242424242425,-0.10435415115732634,0.0,0.06780433089907217,0.0,-0.4229091145556226,-0.2650078030740177,-0.10435415115732634,0.0,0.06780433089907217,Shell Companies,Financial Services,PFTAU
2022Q2,2022,Q2,2022-08-04,2022-06-30,8457900.0,0.0,-610016.0,0.33,0.0,0.0,261272363.0,247939445.0,1537704.0,1218873.0,13332918.0,0.0,-11725944.0,252635945.25,251967013.25,9.568747576113182,1.2615785237674475,0.0,0.0,-0.0053031702306773855,9.568747576113182,0.03411276491322306,0.0,7.4674548425140985,1.0189421261711704,0.0,0.0,0.0,0.0,0.5488118942662608,0.032371965801832624,-4931.8876573938505,0.0,0.736842105263158,53.38095238095238,0.0,1795.2702845481388,0.0,0.70849202081565,0.16334390326863363,53.38095238095238,0.0,1795.2702845481388,Shell Companies,Financial Services,PFTAU
2022Q1,2022,Q1,2022-05-09,2022-03-31,4950506.0,0.0,-729112.0,0.19,0.0,0.0,261125095.0,244015503.0,1603804.0,884713.0,17109592.0,0.0,-15126762.0,257299993.47,256579836.47,9.417310556879277,1.8127957880126098,0.0,0.0,-0.007008103792156306,9.417310556879277,0.02028767000103268,0.0,12.993620928345507,1.0544411740511421,0.0,0.0,0.0,0.0,0.8140006985316142,0.018958369359329482,-571.915022872156,0.0,-0.2692307692307693,0.0,0.0,0.0,0.0,-0.2514478844752853,0.450254548086667,0.0,0.0,0.0,Shell Companies,Financial Services,PFTAU
2021Q4,2021,Q4,2022-03-01,2021-12-31,6613442.0,0.0,-1326272.0,0.26,0.0,0.0,2533662.0,-17208984.0,260319001.0,770623.0,19742646.0,0.0,-17209632.0,257818221.04999998,256648172.04999998,-0.6641477475976867,337.8033110872632,0.0,0.0,0.19280204690874964,-0.6641477475976867,-0.3843017112457075,0.0,9.745992368648578,-14.98160618023702,0.0,0.0,0.0,0.0,337.8033110872632,2.6102305674553277,668.1582657361142,0.0,-0.43478260869565216,0.0,0.0,0.0,0.0,0.21354840923482932,-0.25879074570428473,0.0,0.0,0.0,Shell Companies,Financial Services,PFTAU
2021Q3,2021,Q3,2021-11-19,2021-09-30,5449673.0,0.0,-1053608.0,0.46,0.0,0.0,262248338.0,239261221.0,2419330.0,63100.0,22987117.0,0.0,-19853217.0,259113790.0,257557642.0,9.233828157119696,38.341204437400954,0.0,0.0,-0.009658541477482397,9.233828157119696,0.022777084298169655,0.0,11.886666869736954,1.0829744532650363,0.0,0.0,0.0,0.0,24.66161648177496,0.020780581648528883,-100.45786732048037,0.0,75.19354838709678,0.0,0.0,0.0,0.0,34.7505837033734,-5.525141048746199,0.0,0.0,0.0,Shell Companies,Financial Services,PFTAU
2021Q2,2021,Q2,2021-09-03,2021-06-30,-161469.0,0.0,-161469.0,-0.0062,0.0,0.0,862621.0,-138184.0,0.0,1000805.0,1000805.0,0.0,-163184.0,258336448.63000003,258957765.63000003,-0.005332946579184381,0.0,0.7202664901503673,-4.496302032073178,-0.3342123183471218,-0.005332946579184381,1.1685072077809298,0.0,-399.9783993057491,-1869.5105701817868,0.0,0.0,0.0,0.0,0.0,-0.1871841747418623,0.0,0.0,0.0,0.0,0.0,0.0,0.0,0.0,0.0,0.0,0.0,0.0,Shell Companies,Financial Services,PFTAU
2021Q1,2021,Q1,2021-09-03,2021-03-31,,,,,,,210918.0,23285.0,0.0,187633.0,187633.0,0.0,-1715.0,0.0,122334.0,0.0,0.0,0.5800073962392968,5.253768520506764,,0.0,,0.0,0.0,0.0,0.0,0.0,,,0.0,,0.0,0.0,0.0,0.0,0.0,0.0,0.0,0.0,0.0,0.0,0.0,0.0,Shell Companies,Financial Services,PFTAU
