Quarters,Year,Quarter,FillingDate,Date,NetIncome,Revenue,OperatingIncome,EPSDiluted,GrossProfit,GrossProfitRatio,TotalAssets,CommonStockEquity,CurrentAssets,CurrentLiability,TotalLiability,Inventory,RetainedEarnings,MarketCap,EnterpriseValue,bookValuePerShare,currentRatio,debtToAssets,debtToEquity,roic,shareholdersEquityPerShare,roe,priceToSalesRatio,peRatio,pbRatio,payoutRatio,inventoryTurnover,dividendYield,assetTurnover,quickRatio,returnOnAssets,priceToFreeCashFlowsRatio,grossProfitMargin,epsdilutedGrowth,fiveYNetIncomeGrowthPerShare,fiveYRevenueGrowthPerShare,fiveYShareholdersEquityGrowthPerShare,grossProfitGrowth,netIncomeGrowth,operatingIncomeGrowth,threeYNetIncomeGrowthPerShare,threeYRevenueGrowthPerShare,threeYShareholdersEquityGrowthPerShare,Industry,Sector,Symbol
2023Q1,2023,Q1,2023-05-05,2023-03-31,68962000.0,676844000.0,112344000.0,2.32,362417000.0,0.5354513004,13667414000.0,9763716000.0,3277252000.0,589623000.0,3903698000.0,752937000.0,9966959000.0,14177075920.0,14911463920.0,329.899851331261,5.558216012604665,0.08769208278903383,0.12275285352421147,0.008194427063021342,329.899851331261,0.007063089504037192,20.945854465726224,51.39452133058786,1.4520164167003626,212.6098431019982,0.4176006757537483,1.034204802368019,0.04952246269850317,3.9945626273059225,0.005045724085039057,227.21857742731672,0.5354513004473704,-0.9164866810655148,-0.8943212559786647,0.2351561113704952,1.1895115031322385,-0.08733382523665502,-0.9166857951950748,-0.053307491362602176,-0.8985455857665423,0.19479235301801145,0.5656023164508359,Medical Devices,Healthcare,BIO
2022Q4,2022,Q4,2023-02-17,2022-12-31,827734000.0,730288000.0,118670000.0,27.78,397097000.0,0.543753971,13501666000.0,9615252000.0,3157976000.0,568708000.0,3886414000.0,719316000.0,9898203000.0,12481404670.0,13245370670.0,323.9312737930802,5.5528953346884515,0.08874319658033313,0.12461254265618832,0.008180299155529605,323.9312737930802,0.08608552329153724,17.09107183741209,3.769751112676295,1.2980839888543743,57.30327461116735,0.4632053228344705,3.8002027785387074,0.05408873245716492,4.028213072437877,0.06130606400721215,287.01461747188813,0.5437539710360844,6.032608695652174,9.722672527950957,0.18031348772481331,2.290440871751909,0.062347508774933655,6.040028739831458,0.27882667356351565,0.50763429637752,0.1790267250485431,0.684313367701507,Medical Devices,Healthcare,BIO
2022Q3,2022,Q3,2022-10-28,2022-09-30,-164232000.0,680800000.0,92796000.0,-5.52,373792000.0,0.5490481786,12058462000.0,8453605000.0,3140155000.0,570677000.0,3604857000.0,685850000.0,9046530000.0,12402823620.0,13082600620.0,284.3172569199206,5.502508424204936,0.09932609979614315,0.1416815666215774,0.007402124939082804,284.3172569199206,-0.01942745136542339,18.218013542890716,-18.880034981002485,1.4671638454836724,0.0,0.4476314062841729,0.0,0.0564582780125691,4.009246912001009,-0.013619647348061469,-749.5058992023205,0.549048178613396,0.8226221079691517,-6.98068047104279,0.26939196679141897,1.9605078978983448,-0.05603551685560671,0.8228701099242437,-0.22809585998652437,0.36335733166128087,0.2183441173329215,0.6529235489878673,Medical Devices,Healthcare,BIO
2022Q2,2022,Q2,2022-07-29,2022-06-30,-927184000.0,691099000.0,120217000.0,-31.12,395981000.0,0.5729729026,12682126000.0,8922597000.0,3249697000.0,613714000.0,3759529000.0,657130000.0,9210457000.0,14748030000.0,15348855000.0,299.4763039538162,5.2951325861883545,0.0944170559415669,0.13419960578741816,0.008827935957571973,299.4763039538162,-0.10391414069244638,21.339967211644062,-3.9765650615196124,1.6528853651016626,0.0,0.4491013954620851,0.0,0.054493938949983625,3.948977862652636,-0.07310950861078025,410.4085153749826,0.572972902579804,0.7235497912410055,-184.02905900223573,0.36109930120302863,2.1548919436713594,-0.018780354841907026,0.7248396180807707,-0.16180110581984758,-2.549417004484999,0.20771912604816034,0.6272818862105808,Medical Devices,Healthcare,BIO
2022Q1,2022,Q1,2022-04-29,2022-03-31,-3369613000.0,700062000.0,143423000.0,-112.57,403560000.0,0.5764632275,14373698000.0,10182916000.0,3303421000.0,648331000.0,4190782000.0,605492000.0,10137628000.0,16859163590.0,17254090590.0,340.1902916513547,5.095269237472834,0.08329401382998307,0.1175736891083065,0.009533464471320776,340.1902916513547,-0.33090845490623705,24.082386402918598,-1.2508234320973952,1.6556321971034624,0.0,0.4896877250236172,0.0,0.04870437656335899,3.922604348704597,-0.23442909402994275,968.0273076481396,0.5764632275427034,-1.140521011599163,-269.25708041118895,0.3834712174762576,2.7166962861387995,0.006381530220622891,-1.1412599553016252,1.0703850583822572,-4.87745365682933,0.2581250056878955,1.0843571367777252,Medical Devices,Healthcare,BIO
2021Q4,2021,Q4,2022-02-11,2021-12-31,-1573659000.0,732769000.0,-2037691000.0,-52.59,401001000.0,0.547240672,17775795000.0,13667134000.0,1989088000.0,680938000.0,4108661000.0,572239000.0,13507241000.0,22608165540.0,22360758540.0,456.7587059688523,2.921100012042212,0.012566301535318111,0.016344026479875005,-0.11156427674363398,456.7587059688523,-0.11514184319843503,30.853059477133993,-3.591655743080299,1.6541994495700418,0.0,0.579771738731544,0.0,0.04122285388642252,1.899519486355586,-0.08852819240995972,197.13443496913257,0.5472406720262456,-1.40466297322253,-74.55663322596943,0.2664347845837699,4.21816422743345,-0.0832900888131951,-1.4006226526100978,-13.9951468074794,-0.8965479183839115,0.18617983155755155,2.3945057302339956,Medical Devices,Healthcare,BIO
2021Q3,2021,Q3,2021-10-29,2021-09-30,3928033000.0,747049000.0,156804000.0,129.96,437435000.0,0.5855506131458579,19953380000.0,15332378000.0,2466286000.0,649916000.0,4621002000.0,588911000.0,15080854000.0,22239753300.0,21605115300.0,514.2677265714094,3.794776555739511,0.011289515861473094,0.014692045813115225,0.007776603280428273,514.2677265714094,0.2561920270945577,29.7701399774312,1.4154510221782761,1.450509066499665,0.0,0.525739882596861,0.0,0.037439721991963264,2.700059700022772,0.19686053189985858,96.54221077169511,0.5855506131458579,3.2862796833773094,209.77343233927374,0.4501919722833448,4.6026008674941306,0.08923600217132556,3.2970931415556484,0.25662355147377025,13.60864830456637,0.3726373731896837,2.1338917789094576,Medical Devices,Healthcare,BIO
2021Q2,2021,Q2,2021-07-30,2021-06-30,914114000.0,715931000.0,124782000.0,30.32,401598000.0,0.5609451190128658,15117588000.0,11594880000.0,2289093000.0,587052000.0,3522676000.0,598989000.0,11159475000.0,19176647560.0,18655848560.0,389.5605429377772,3.899301935774003,0.014025848567906467,0.01828712328200033,0.008212761096486406,389.5605429377772,0.07883772837666281,26.785608613120537,5.244599568543967,1.6538892649169288,0.0,0.5247725751224146,0.0,0.047357488509410364,2.6585464320026166,0.06046692104587054,124.02115816432119,0.5609451190128658,-0.06361951822112422,49.12064966209814,0.36834144458591583,3.3802002865049903,0.002423700848919319,-0.06476273104334498,0.23715571771331126,2.416054899450908,0.24521615216825074,1.5036631224305885,Medical Devices,Healthcare,BIO
2021Q1,2021,Q1,2021-04-30,2021-03-31,977414000.0,726796000.0,100862000.0,32.38,400627000.0,0.5512234519727681,13933180000.0,10609059000.0,2175317000.0,609892000.0,3324101000.0,605156000.0,10245426000.0,17034002909.999998,16580732909.999998,355.7341313751132,3.56672492834797,0.015804001670831784,0.020755846489306923,0.006885797185976121,355.7341313751132,0.09213013142824449,23.437117031464123,4.356905801942677,1.605609216613839,0.0,0.5389833365281018,0.0,0.05216296638671143,2.3414063473533018,0.07015010213031052,149.9340102983892,0.5512234519727681,0.16432937792161106,77.39449421511979,0.5187066639669893,3.105319868348245,-0.1293651052362791,0.16483335756558798,-0.42444162928978213,0.486408021690908,0.3162169726598939,1.3609709721283494,Medical Devices,Healthcare,BIO
2020Q4,2020,Q4,2021-02-16,2020-12-31,839102000.0,789839000.0,175242000.0,27.81,460155000.0,0.5825934146072808,12972605000.0,9879940000.0,2139835000.0,631536000.0,3092678000.0,622253000.0,9268012000.0,17390849020.0,16954335020.0,331.1748734622733,3.3883024879025108,0.01739750805640039,0.02284335734832398,0.013214626473187625,331.1748734622733,0.08492986799514977,22.01822019424212,5.181387072131875,1.7602180802717429,0.0,0.529823078394158,0.0,0.06088514989857473,2.2335100453497505,0.06468261386205777,61.07752857052547,0.5825934146072808,-0.3627406049495876,15.666690133732102,0.3605715516596147,2.89896276566915,0.252766729011655,-0.36181420479090737,0.5989233576642335,9.815282510806643,0.27014307179930586,2.3640201718640266,Medical Devices,Healthcare,BIO
2020Q3,2020,Q3,2020-10-30,2020-09-30,1314824000.0,647263000.0,109600000.0,43.64,367311000.0,0.5674833877419225,12020926000.0,8825145000.0,2323861000.0,986657000.0,3195786000.0,640228000.0,8428925000.0,15319986660.000002,15125069660.000002,296.9329766831533,2.355287602479889,0.05369037293799163,0.07313284937527939,0.00884041607914973,296.9329766831533,0.14898610731041814,23.668874414264376,2.9129348604832286,1.7359473028488486,0.0,0.4372692228393635,0.0,0.053844687173018116,1.5777195114411593,0.10937792978677349,112.9259542693714,0.5674833877419225,0.35738724727838267,73.35546026133619,0.3528947904201684,2.567870430926519,0.2536725053585812,0.3604972532902055,1.1182018476286189,46.90002656926897,0.20734751753760414,2.091871496440807,Medical Devices,Healthcare,BIO
2020Q2,2020,Q2,2020-07-31,2020-06-30,966429000.0,536880000.0,51742000.0,32.15,292988000.0,0.5457234391297869,10097307000.0,7353402000.0,2132584000.0,926895000.0,2743905000.0,628401000.0,7123093000.0,13387581480.0,13425776480.0,247.9900849858357,2.3007827208044063,0.06395556755875602,0.08782044011737697,0.004890698305757436,247.9900849858357,0.1314261072630056,24.935891595887348,3.463157014121058,1.8205969808260176,0.0,0.38811523215271776,0.0,0.053170612718817005,1.5121205746066166,0.09571155952770377,145.3244771064458,0.5457234391297869,0.41505281690140844,32.40996152063796,0.0423536926294442,2.063058334529786,-0.07681933906379976,0.4089693721643593,-0.30429053554381297,190.6897512435212,0.06243310393815276,1.6125002576258718,Medical Devices,Healthcare,BIO
2020Q1,2020,Q1,2020-05-08,2020-03-31,685912000.0,571644000.0,74373000.0,22.72,317368000.0,0.5551846953698456,8684311000.0,6293079000.0,2082587000.0,869254000.0,2391280000.0,557029000.0,6156691000.0,10469474400.0,10338876400.0,210.71752887995981,2.395832518458356,0.05446062445253285,0.0751544673124237,0.008137063441589062,210.71752887995981,0.10899465905322339,18.314675567311124,3.815895625094764,1.6636489705595623,0.0,0.4564861075455676,0.0,0.06582491115299763,1.6303370476293466,0.07898289225247691,166.69014138326327,0.5551846953698456,0.24085199344620428,36.499070778280775,0.17771431019428435,1.788336639435742,-0.039556468818753236,0.2392580842153189,0.25619457816062835,53.730232877886856,0.13226217676173732,1.3021616907725566,Medical Devices,Healthcare,BIO
2019Q4,2019,Q4,2020-03-02,2019-12-31,553486000.0,624428000.0,59205000.0,18.31,330439000.0,0.5291867116785282,7968603000.0,5755057000.0,2180155000.0,905495000.0,2253802000.0,554007000.0,5470779000.0,11072777720.0,10887221720.0,192.32245020719157,2.407694134147621,0.059623499878209515,0.08255626312649901,0.007273274571083717,192.32245020719157,0.09617385197053652,17.732673294599216,5.00138111894429,1.924008349526338,0.0,0.5306593598997846,0.0,0.07836103768753444,1.6646331564503394,0.06945834796889744,69.29060787724809,0.5291867116785282,3.109447004608295,12.74069049487108,0.011572206768616705,1.5523823509126609,0.07625738536801444,3.1385308481701286,0.030368952314653672,27.572938386060112,0.07911836601895308,1.1971559965667171,Medical Devices,Healthcare,BIO
2019Q3,2019,Q3,2019-11-01,2019-09-30,-258816000.0,560633000.0,57460000.0,-8.68,307026000.0,0.5476416835969342,7177116000.0,5131192000.0,2047632000.0,434040000.0,2045924000.0,587987000.0,4917313000.0,9925966940.0,9838166940.0,172.00871576547885,4.717611280066353,0.06594166793458542,0.09223412415672616,0.007608640431122476,172.00871576547885,-0.05043974187674131,17.70492807237533,-9.587860622990851,1.9344368598953228,0.0,0.43131395762151203,0.0,0.07811396666850584,3.0763823610727123,-0.03606128143950857,99.50844050125313,0.5476416835969342,-1.4370594159113796,-22.774242485280976,0.022974772721133446,1.2824602712187967,-0.0024141482735428195,-1.4322172308411683,0.01897499556658982,-14.879834767096149,0.08769592289045666,0.8739192260597899,Medical Devices,Healthcare,BIO
2019Q2,2019,Q2,2019-08-06,2019-06-30,598810000.0,572619000.0,56390000.0,19.86,307769000.0,0.5374760530125616,7646945000.0,5486810000.0,2087940000.0,445977000.0,2160135000.0,589897000.0,5184511000.0,9400354200.0,9293050200.0,184.0346816931643,4.681721254683538,0.06190445988561445,0.08627599643508706,0.007097568322943838,184.0346816931643,0.10913627408275482,16.416420342321857,3.9245980361049413,1.7132640277319608,0.0,0.44897668576039546,0.0,0.07488206074451954,3.048946470333672,0.07830708864781949,60.490561254037914,0.5374760530125616,-0.3089770354906054,17.30375766974001,0.0313153779979747,1.3578292324107417,-0.012807847011502364,-0.3078901288148914,-0.0038158499099035436,31.77754515731148,0.09259728297864715,1.0692772409653641,Medical Devices,Healthcare,BIO
2019Q1,2019,Q1,2019-04-01,2019-03-31,865195000.0,553979000.0,56606000.0,28.74,311762000.0,0.5627686248034672,6862891000.0,4863855000.0,2031643000.0,444306000.0,1999059000.0,590438000.0,4585701000.0,9160827400.0,9178713400.0,163.21113385456863,4.572621121479341,0.06903446375587198,0.09740750906431216,0.007807571179335464,163.21113385456863,0.17788256434453742,16.536416362353087,2.647041245037246,1.8834499383719292,0.0,0.4102327424725373,0.0,0.08072093815856904,2.8149248490904917,0.1260685912103223,213.32527769368699,0.5627686248034672,2.0308464849354375,124.35576797093184,0.0507708576464168,1.1047233900549651,-0.06255318509163622,2.0442543350926763,1.2493063324143154,68.44508265203825,0.15844431648420848,0.8835243836703166,Medical Devices,Healthcare,BIO
2018Q4,2018,Q4,2019-04-01,2018-12-31,-828529000.0,616847000.0,-227054000.0,-27.88,332565000.0,0.5391369334697259,5611068000.0,4020331000.0,2023478000.0,450795000.0,1590737000.0,583815000.0,3722073000.0,6938269160.0,6946173160.0,134.55823682977442,4.4886877627302875,0.07831485913198699,0.10930194553632525,-0.04051086559589769,134.55823682977442,-0.20608477262195576,11.247958018763162,-2.093550485257607,1.7257955029075964,0.0,0.48693849935339106,0.0,0.1099339733540923,2.7445712574451804,-0.1476597681582187,66.07309049700501,0.5391369334697259,-4.1361079865016865,-27.41639327513518,-0.01649964640054921,0.7665244429374947,0.15991085255095636,-4.0763052954412125,-7.259241902136457,-17.43189776427182,0.06097627844281645,0.5841707727659093,Medical Devices,Healthcare,BIO
2018Q3,2018,Q3,2018-11-05,2018-09-30,269326000.0,545138000.0,36275000.0,8.89,286716000.0,0.5259512270287523,6718662000.0,4900481000.0,2034197000.0,453159000.0,1818181000.0,601053000.0,4550601000.0,9227667000.0,9233725000.0,164.0987509627298,4.488925520623004,0.06557481236591452,0.08990443999272725,0.005224298780360283,164.0987509627298,0.054959094831711415,16.92721292590133,8.565518182425759,1.8830125042827428,0.0,0.4299487732363036,0.0,0.08113788132220373,2.740971711915685,0.040086255269278316,148.1713473674069,0.5259512270287523,0.0022547914317927117,37.33785241469688,0.03379987340665016,1.2095980556749524,-0.04956127120301525,0.004786545442335745,-0.17165235659481184,14.15840505647446,0.1340173067785768,0.9717684706224015,Medical Devices,Healthcare,BIO
2018Q2,2018,Q2,2018-08-09,2018-06-30,268043000.0,575911000.0,43792000.0,8.87,301667000.0,0.5238083662232532,6386166000.0,4638946000.0,1992334000.0,442421000.0,1747277000.0,591433000.0,4281275000.0,8602531560.0,8640022560.0,155.59622995907964,4.503253688229085,0.06897675381441698,0.0949562680833103,0.006795077350540491,155.59622995907964,0.05778101318704723,14.937258638921639,8.023462242998326,1.8544151106738471,0.0,0.46369411243539,0.0,0.09018102567330696,2.7628390153270304,0.04197244481274054,110.48433844494105,0.5238083662232532,-0.5925585668350942,6.399524486009874,0.04938269442581037,1.144147547624325,-0.0017736422206265324,-0.5918793983927501,0.003345094624936993,8.216037564695785,0.11205688045121899,0.9218523556084662,Medical Devices,Healthcare,BIO
2018Q1,2018,Q1,2018-04-16,2018-03-31,656774000.0,551519000.0,43646000.0,21.77,302203000.0,0.547946670921582,6214900000.0,4488091000.0,1977116000.0,456198000.0,1726821000.0,612217000.0,4013232000.0,7449132960.0,7476907960.0,150.67281028636654,4.333898877241899,0.07000064361453925,0.09693364060577203,0.006741569283263588,150.67281028636654,0.14633705065249344,13.506575403567238,2.835500857220292,1.659755330272938,0.0,0.4072346896606922,0.0,0.08874141176849185,2.615737026466578,0.10567732385074578,184.63126357011848,0.547946670921582,8.383620689655173,31.220350993928786,0.05584974529876358,1.1136447047753777,-0.11010238726946668,7.48457523770153,-0.0726048063234388,35.0001085870341,0.13922769673115018,0.9937900739504273,Medical Devices,Healthcare,BIO
2017Q4,2017,Q4,2018-04-16,2017-12-31,77408000.0,620433000.0,47063000.0,2.32,339593000.0,0.5473483841123861,4273012000.0,2930250000.0,1976649000.0,502696000.0,1342762000.0,594804000.0,1830439000.0,7104012550.0,7155189550.0,98.44616159919369,3.932096137625921,0.10180196077146518,0.1484518385803259,0.028727810140363866,98.44616159919369,0.026416858629809744,11.450088164233689,22.943405558856966,2.424370804538862,0.0,0.4721555335875347,0.0,0.1451980476535053,2.426565956363289,0.018115558767445538,102.43118709807653,0.5473483841123861,1.549450549450549,0.7562318614045606,0.03139618197860079,0.39017837380236864,0.11517470116905294,1.82583141678531,0.014748054076198279,0.9319750922147148,0.010469403679810836,0.30651541258016796,Medical Devices,Healthcare,BIO
2017Q3,2017,Q3,2017-11-09,2017-09-30,27393000.0,535003000.0,46379000.0,0.91,304520000.0,0.5691930699454022,4185689000.0,2848447000.0,1892451000.0,466456000.0,1337281000.0,601571000.0,1880765000.0,6591045200.0,6697078200.0,96.03664868509777,4.05708362632274,0.10390810210696495,0.15268916711457156,0.00995849500230012,96.03664868509777,0.009616819270290091,12.319641572103334,60.152641185704375,2.313908315654109,0.0,0.38313515777854984,0.0,0.12781718852021734,2.4357388478227313,0.0065444422650607825,232.64428364688857,0.5691930699454022,4.352941176470588,-0.3830683381074602,0.024044583042478137,0.4052482774517972,0.11423752007874159,4.44051638530288,20.727350063802636,1.3178653171662482,-0.01816355457559961,0.27435307117573793,Medical Devices,Healthcare,BIO
2017Q2,2017,Q2,2017-08-07,2017-06-30,5035000.0,504666000.0,-2351000.0,0.17,273299000.0,0.5415443085129571,4143453000.0,2810997000.0,1826528000.0,455110000.0,1332462000.0,580581000.0,1853372000.0,6701718030.0,6815025030.0,94.92442508357816,4.0133769857836565,0.10495859371398686,0.15471058844957858,-0.00325612111825353,94.92442508357816,0.0017911794285088174,13.27951165721487,332.7566052631579,2.384107144191189,0.0,0.3985094241802608,0.0,0.12179841306272812,2.42950934938806,0.001215170052610709,107.36491557193207,0.5415443085129571,-0.5853658536585366,-0.9006422100696138,-0.05678498128599795,0.4480438388342507,0.012267257312389115,-0.594376862966245,-1.0919832544309245,-0.845051088968766,-0.08490195689994624,0.2161598144039247,Medical Devices,Healthcare,BIO
2017Q1,2017,Q1,2017-05-09,2017-03-31,12413000.0,500051000.0,25559000.0,0.41,269987000.0,0.5399189282693165,3952764000.0,2707466000.0,1732571000.0,407504000.0,1245303000.0,559819000.0,1848337000.0,5896477200.0,6039569200.0,91.53029073698445,4.251666241312969,0.10998759349154162,0.16057634703445953,0.00501156653063972,91.53029073698445,0.00458472978054018,11.791751641332585,118.75608636107307,2.177858263040053,0.0,0.41096140002393633,0.0,0.12650666723335874,2.5705710864187834,0.003140334206646286,-104.8821985058698,0.5399189282693165,1.5857142857142856,-0.61830949314703,-0.019614430214201176,0.40311859983817483,-0.14114525841638648,1.6034516285853184,2.104012785624811,0.811923026145278,-0.04443180707099864,0.18034805140390808,Medical Devices,Healthcare,BIO
2016Q4,2016,Q4,2017-03-01,2016-12-31,-20570000.0,571453000.0,-23151000.0,-0.7,314357000.0,0.5501012331722819,3850480000.0,2586759000.0,1844524000.0,471322000.0,1263745000.0,524961000.0,1836180000.0,5386738560.0,5364994560.0,87.53245127233352,3.913511357415949,0.11284826826785233,0.16797853994129333,-0.005591963900764969,87.53245127233352,-0.007952035732745107,9.426389501848796,-65.46838308215848,2.082427686537478,0.0,0.4897430475787725,0.0,0.1484108474787559,2.5710406049367522,-0.005342191103446843,108.00045231268922,0.5501012331722819,-2.129032258064516,-1.331363144979237,-0.008922612031468732,0.4154769686812525,0.12483674396802508,-2.117631078511274,-1.8240842914605062,-1.6630781909952628,-0.07882482543085727,0.14915458440814644,Medical Devices,Healthcare,BIO
2016Q3,2016,Q3,2016-11-02,2016-09-30,18405000.0,508745000.0,28093000.0,0.62,279469000.0,0.5493302145475631,4019726000.0,2702691000.0,1850103000.0,442718000.0,1317035000.0,556358000.0,1856750000.0,4823221640.0,4839716640.0,91.79089118326314,4.178964939306737,0.10807552554577103,0.16074127600972513,0.007264502938752788,91.79089118326314,0.006809879486778178,9.480627111814366,65.51509970116815,1.7845997341168487,0.0,0.4121015605060051,0.0,0.1265621089596654,2.6512994728020995,0.004578670287477306,397.0056498477241,0.5493302145475631,0.016393442622950834,-0.6176790747178336,-0.06093727378790026,0.521870725669485,-0.0027227440121042564,0.02170534029088487,0.24719200887902332,3.5185665013750933,-0.0214865550507439,0.23596903387323262,Medical Devices,Healthcare,BIO
2016Q2,2016,Q2,2016-08-05,2016-06-30,18014000.0,516777000.0,22525000.0,0.61,280232000.0,0.54226871551946,3874615000.0,2614561000.0,1805688000.0,410405000.0,1260074000.0,541514000.0,1838345000.0,4204501960.0000005,4220201960.0000005,88.93669637390299,4.399770957956165,0.11210171849332128,0.16612769791945953,0.0049540386402902245,88.93669637390299,0.00688987558523209,8.136008297582904,58.35047685133785,1.6081101033787317,0.0,0.43682157802014354,0.0,0.13337505790897936,2.8213009100766318,0.0046492361176529795,54.49422539044781,0.54226871551946,0.4523809523809524,-0.5713659528016682,-0.055990622960695395,0.443633983464527,0.06136825878975415,0.4674160964483545,-0.12446068332879853,-0.4956732994393744,-0.04504223995035701,0.22556568031284494,Medical Devices,Healthcare,BIO
2016Q1,2016,Q1,2016-05-06,2016-03-31,12276000.0,471197000.0,25727000.0,0.42,264029000.0,0.5603367593596733,3753413000.0,2544449000.0,1775264000.0,400888000.0,1208964000.0,533312000.0,1820331000.0,4014646080.0,4045307080.0,86.65198882985969,4.428329109377183,0.11570162942367386,0.17067585162838791,0.005250150564846568,86.65198882985969,0.004824620182994432,8.520101104209068,81.75802541544476,1.5778056781645065,0.0,0.38845553822152884,0.0,0.12553827676304205,2.8181437209395144,0.0032706232967168814,-539.0233727175081,0.5603367593596733,-0.75,-0.6469134018565791,-0.0769957733945426,0.4996893219766673,-0.1441939613957182,-0.7519097853765006,-0.5674898710555957,-0.3890822479490476,-0.08492707096525531,0.2155578501548688,Medical Devices,Healthcare,BIO
2015Q4,2015,Q4,2016-02-29,2015-12-31,49482000.0,570557000.0,59483000.0,1.68,308515000.0,0.5407259923197858,3711468000.0,2490503000.0,1777596000.0,441351000.0,1221039000.0,490224000.0,1808055000.0,4065649860.0,4044105860.0,84.93922444664234,4.027624271838061,0.11747507994141401,0.17506704468936596,0.01855697285812126,84.93922444664234,0.01986827560536968,7.125755814055388,20.541054625924577,1.6324613381312931,0.0,0.5345352328731355,0.0,0.15372812051727242,2.6685155352542536,0.013332190928225705,113.08549899866489,0.5407259923197858,1.847457627118644,-0.30655185574710414,0.017356691491605347,0.5423636938985381,0.17104823649089776,1.8487046632124353,0.8206666462612102,0.13964701948393773,-0.037154118633141525,0.19944415297787269,Medical Devices,Healthcare,BIO
2015Q3,2015,Q3,2015-11-05,2015-09-30,17370000.0,469961000.0,32671000.0,0.59,263452000.0,0.5605826866484666,3666388000.0,2429729000.0,1794416000.0,435235000.0,1236667000.0,512736000.0,1758573000.0,3921180450.0,3849958450.0,83.2241479705429,4.122866956931313,0.11894731272303968,0.17948791819993093,0.007791495033371213,83.2241479705429,0.0071489454173695914,8.343629471381668,56.43610319516407,1.6138344852450623,0.0,0.4027589246707857,0.0,0.12818092356837302,2.590844026790125,0.004737632787364567,68.21698387293192,0.5605826866484666,-0.3917525773195876,-0.6318751096213532,-0.05441073877261573,0.6189123620905602,-0.05774382414689714,-0.38887520669880027,-0.18738962815570204,-0.6025706398398553,-0.08612429145345057,0.21777042597016807,Medical Devices,Healthcare,BIO
2015Q2,2015,Q2,2015-08-07,2015-06-30,28423000.0,506102000.0,40205000.0,0.97,279597000.0,0.5524518772895582,3525343000.0,2358897000.0,1741928000.0,403894000.0,1166446000.0,500975000.0,1741203000.0,4388172960.0,4373967960.0,80.96159390444811,4.312834555601222,0.12365548543787087,0.1848016255054799,0.0103409085423032,80.96159390444811,0.012049275572439153,8.670530762573552,38.59702494458713,1.8602647593345536,0.0,0.4521283497180498,0.0,0.14356106625653164,2.678442858769875,0.00806247789222212,693.2342748815166,0.5524518772895582,0.5901639344262295,-0.2905013222931228,0.02536744845720915,0.7391423608380738,0.0351380569109905,0.5951846447412729,0.17048531252729338,-0.4299343917502928,-0.03861533076599681,0.2350450069338205,Medical Devices,Healthcare,BIO
2015Q1,2015,Q1,2015-05-06,2015-03-31,17818000.0,472821000.0,34349000.0,0.61,270106000.0,0.5712648126880997,3326196000.0,2198513000.0,1701844000.0,416882000.0,1127683000.0,478375000.0,1712780000.0,3932656560.0,3942853560.0,75.57105046060772,4.082315859163984,0.13105812165007716,0.19828174770856483,0.008703048711604622,75.57105046060772,0.008104568860861864,8.317432093752181,55.17814232798295,1.7887802164462983,0.0,0.4237575124118108,0.0,0.14215067302107273,2.525676330472412,0.005356870130323048,133.55486517693404,0.5712648126880997,-0.5447761194029851,-0.5160635753503554,-0.014432630287358616,0.623479714688606,-0.1490312214485996,-0.5435612367753669,-0.32097813624322935,-0.4429192538967904,-0.05745095418910026,0.1584705528280657,Medical Devices,Healthcare,BIO
2014Q4,2014,Q4,2015-03-02,2014-12-31,39037000.0,598224000.0,50586000.0,1.34,317410000.0,0.5305872047928535,3341209000.0,2185155000.0,1716367000.0,446761000.0,1156123000.0,470997000.0,1694962000.0,3496240000.0,3518964000.0,75.3501724137931,3.8418013210642825,0.13048420496891994,0.19951673908715858,0.016468918773453203,75.3501724137931,0.01786463660472598,5.844365989997058,22.390552552706406,1.5999963389324785,0.0,0.5962118654683576,0.0,0.1790441723340264,2.406823782738422,0.011683495405405649,86.93654266958424,0.5305872047928535,2.435897435897436,-0.02069569798852101,0.14772903780055552,0.6475967782977656,0.09991821911732092,2.391867234338344,0.521841155234657,-0.35918122613772036,0.05725503760065707,0.21847877087382128,Medical Devices,Healthcare,BIO
2014Q3,2014,Q3,2014-11-07,2014-09-30,11509000.0,530644000.0,33240000.0,0.39,288576000.0,0.5438222235623129,3386024000.0,2176730000.0,1764445000.0,503783000.0,1209294000.0,516047000.0,1655925000.0,3275445600.0,3288062600.0,75.36109957069658,3.5023909103721245,0.1291219436129218,0.2008563303671103,0.006511543813997122,75.36109957069658,0.00528728873126203,6.172585763713525,71.149656790338,1.5047551143228606,0.0,0.4690813046098514,0.0,0.15671595948522515,2.098083897233531,0.0033989717733837682,39.33429724277068,0.5438222235623129,-0.6422018348623854,-0.7162796285913798,0.09303690517261691,0.710347502172882,-0.029154695500635847,-0.6361480825772186,-0.2724407380655329,-0.7562922671359557,-0.0015250367100310368,0.24946876332124007,Medical Devices,Healthcare,BIO
2014Q2,2014,Q2,2014-08-06,2014-06-30,31631000.0,536832000.0,45687000.0,1.09,297242000.0,0.5536965009537435,3467681000.0,2249944000.0,1767494000.0,480248000.0,1217807000.0,520642000.0,1644416000.0,3450760460.0,3503422460.0,78.05259141053216,3.6803776382202527,0.1261165603179762,0.19437461554598692,0.011020471285701126,78.05259141053216,0.014058572124461764,6.428008129172627,27.27356438304195,1.5337094878805873,0.0,0.46018185240529963,0.0,0.15481008777912386,2.137372774066732,0.009121657961040822,42.653059342669614,0.5536965009537435,3.739130434782609,-0.20900419888308713,0.19320440922325116,0.9242802992541442,0.0797452858632201,3.7437012597480503,1.2317913145425237,-0.23242144637702358,0.00010346249441363764,0.26696153614695733,Medical Devices,Healthcare,BIO
2014Q1,2014,Q1,2014-05-08,2014-03-31,6668000.0,509344000.0,20471000.0,0.23,275289000.0,0.540477555443865,3441378000.0,2232603000.0,1766810000.0,481251000.0,1208775000.0,513852000.0,1612785000.0,3688702920.0,3761538920.0,77.5451703657393,3.6712858778475264,0.1270836856631268,0.19588928259972777,0.0035166367242838135,77.5451703657393,0.002986648320368646,7.242066108563171,138.298699760048,1.65219831739006,0.0,0.45549107525123966,0.0,0.14800582789801062,2.1304080407105648,0.001937595928142738,53.52073997765557,0.540477555443865,-0.7788461538461539,-0.7909285387296724,0.20553335966760505,1.0636926117777343,-0.14704925499381874,-0.7787363950092913,-0.6087122732572586,-0.8043956940451057,0.017585320929975442,0.3420772626085035,Medical Devices,Healthcare,BIO
2013Q4,2013,Q4,2014-03-18,2013-12-31,30136000.0,602635000.0,52317000.0,1.04,322749000.0,0.5355629858869797,3388790000.0,2186722000.0,1747856000.0,487472000.0,1202068000.0,501291000.0,1606117000.0,3548595880.0,3654445880.0,76.17117179880172,3.585551580398464,0.1290729139309311,0.20002588349136288,0.0134985356397882,76.17117179880172,0.01378135858147492,5.888466285562571,29.438179254048315,1.622792417143103,0.0,0.5583303909306171,0.0,0.1778319105049295,2.1161830833360686,0.008892849660203199,48.31900273689084,0.5355629858869797,5.16,4.490750672350915,0.2802769349741614,0.9996258252277119,0.13557646297182424,5.24510494435836,0.8004336155275655,-0.5686515985544097,0.09749967291548389,0.383149548039276,Medical Devices,Healthcare,BIO
2013Q3,2013,Q3,2013-11-12,2013-09-30,-7099000.0,505066000.0,29058000.0,-0.25,284216000.0,0.5627304154308546,3280408000.0,2124240000.0,1674543000.0,462885000.0,1156168000.0,523503000.0,1575981000.0,3362568680.0,3508021680.0,74.26633569905255,3.617622087559545,0.13329012732562534,0.20583644032689338,0.015439503359555346,74.26633569905255,-0.0033419011034534706,6.657681728724563,-118.41698408226512,1.5829513990886153,0.0,0.4218695976909397,0.0,0.15396438491797362,2.0421724618425743,-0.002164060080331471,53.50404442535046,0.5627304154308546,-1.2083333333333333,-1.2410213689046958,0.080188451388865,0.9113291669099689,-0.05293217949956848,-1.2047355367133876,-0.436270515655919,-1.1535640063712977,0.03725548330960408,0.44466109755691563,Medical Devices,Healthcare,BIO
2013Q2,2013,Q2,2013-08-08,2013-06-30,34674000.0,525321000.0,51546000.0,1.2,300101000.0,0.571271660565635,3482820000.0,2070942000.0,1903036000.0,431244000.0,1411879000.0,484667000.0,1577861000.0,3231643120.0,3599137120.0,72.56787441306328,4.412898498297947,0.21089031302220615,0.3546661374389046,0.01336704940301908,72.56787441306328,0.016743105311495927,6.151749349445387,23.30018976754917,1.5604701242236625,0.0,0.46469018934649975,0.0,0.1508320843454442,2.853155058389218,0.009955725532757937,172.9261087328767,0.571271660565635,0.764705882352941,-0.2455662334111057,0.09654509252451347,0.7544950660340838,0.10570276922169985,0.7782450382070876,0.5362102878941408,-0.11632612633267472,0.08660732838887604,0.5588362128429125,Medical Devices,Healthcare,BIO
2013Q1,2013,Q1,2013-05-10,2013-03-31,19499000.0,499672000.0,33554000.0,0.68,271412000.0,0.5431803262940489,3456736000.0,2031217000.0,1865180000.0,446740000.0,1425586000.0,467321000.0,1543187000.0,3566878920.0,3932533920.0,71.28577946234294,4.175090656757845,0.21242119733760403,0.3614995345155146,0.01055002026228567,71.28577946234294,0.00959966364992022,7.138440657071039,45.73156213139136,1.756030458587143,0.0,0.48844370357848244,0.0,0.14455023467224573,2.7183149035233023,0.0056408704627718175,173.9940936585366,0.5431803262940489,-0.5878787878787878,-0.3057107893169883,0.11650808310853683,0.7705732852680907,-0.13603229071832842,-0.536246016267897,-0.4861089839801513,-0.4592931703353885,0.06339528855349261,0.5314199842068562,Medical Devices,Healthcare,BIO
2012Q4,2012,Q4,2013-03-18,2012-12-31,42046000.0,573839000.0,65294000.0,1.65,314146000.0,0.5474462349195506,3436696000.0,2010735000.0,1929932000.0,469920000.0,1425483000.0,448370000.0,1523688000.0,2982789700.0,3253565700.0,70.81548918785658,4.106937351038475,0.21362494675118196,0.365122206556309,0.017410238331388866,70.81548918785658,0.02091076148771469,5.197955698375329,17.735276245064927,1.4834325259171397,0.0,0.5791935232062805,0.0,0.16697403552714585,2.8085886959482464,0.012234425157185855,30.234858191254283,0.5474462349195506,0.11486486486486482,2.221816334964207,0.18180476603541199,0.9590519248513136,0.14857226426821687,-0.007974707436768591,0.016533814920911695,0.07730167113114474,0.12444189408138856,0.5484420022127905,Medical Devices,Healthcare,BIO
2012Q3,2012,Q3,2012-11-08,2012-09-30,42384000.0,498697000.0,64232000.0,1.48,273510000.0,0.5484492587683503,3303016000.0,1934882000.0,1845441000.0,433666000.0,1367534000.0,458428000.0,1481642000.0,3029384000.0,3335466000.0,68.34141000282565,4.255443129044011,0.22177882274866365,0.3785962141360558,0.019108919713229255,68.34141000282565,0.02190521179069318,6.074598403439363,17.86867685919215,1.565668604080249,0.0,0.4912156325529854,0.0,0.1509823143454346,2.834949016063053,0.012831908776705895,42.46284096324746,0.5484492587683503,-0.12426035502958578,0.42981081130035287,0.3850713481627379,0.9292651353905441,-0.04998263285863147,-0.1232650021719794,-0.1238064058492934,0.06596183869732378,0.04798510481242702,0.5510331000896946,Medical Devices,Healthcare,BIO
2012Q2,2012,Q2,2012-08-09,2012-06-30,48343000.0,510422000.0,73308000.0,1.69,287900000.0,0.564043085917143,3168895000.0,1851888000.0,1811072000.0,417184000.0,1316403000.0,449457000.0,1439258000.0,2825282500.0,3101632500.0,65.5535575221239,4.341182787451101,0.231259476883898,0.39572425546253337,0.020863707193714415,65.5535575221239,0.026104710436052288,5.53518950985655,14.610608050803632,1.5256227698435327,0.0,0.49509074282968113,0.0,0.16107255052628755,2.898179220679604,0.015255475489090045,38.3650973629179,0.564043085917143,0.5504587155963301,0.7769844640641639,0.4202882205117436,0.9485538931993198,0.03344796146197529,0.5592001290114498,0.34841628959276016,0.2335614358895952,0.15763531987358465,0.616133647919151,Medical Devices,Healthcare,BIO
2012Q1,2012,Q1,2012-05-10,2012-03-31,31005000.0,486277000.0,54366000.0,1.09,278582000.0,0.5728874694875554,3187874000.0,1839649000.0,1817448000.0,444080000.0,1347828000.0,463369000.0,1390915000.0,2924161690.0,3123057690.0,65.23346689833694,4.092613943433616,0.22984220831814559,0.3982868471105086,0.0141621134094909,65.23346689833694,0.016853758515890802,6.0133662295358405,23.578146186099016,1.589521528291538,0.0,0.44822808603942,0.0,0.15253959221725827,2.6902112232030264,0.009725917649191907,82.93141491775383,0.5728874694875554,-0.4734299516908212,0.0824471397459821,0.421129663803643,1.0146137751291977,-0.1041400024439971,-0.4766116916220733,-0.36732223903177,-0.0075168546660451556,0.17501661541682131,0.736043947596038,Medical Devices,Healthcare,BIO
2011Q4,2011,Q4,2012-02-29,2011-12-31,59239000.0,550238000.0,85930000.0,2.07,310966000.0,0.5651481722454647,3096803000.0,1743937000.0,1798155000.0,459115000.0,1352421000.0,433510000.0,1359910000.0,2708424040.0,2866705040.0,61.83954469699656,3.9165677444648943,0.23653813303590832,0.42003352185314036,0.027793749546867606,61.83954469699656,0.033968543588443846,4.922277341804819,11.430071574469522,1.5530515379856038,0.0,0.5519411316924638,0.0,0.17767936804504517,2.6394018927719634,0.01912908247634738,63.09665789167152,0.5651481722454647,0.28571428571428553,2.353590520997823,0.5116260957218954,1.005636221927682,0.04993652422883691,0.2906943808963549,0.16244149238386407,7.985208452143876,0.18997703245865719,0.6233956715680066,Medical Devices,Healthcare,BIO
2011Q3,2011,Q3,2011-11-03,2011-09-30,45897000.0,516514000.0,73922000.0,1.61,296176000.0,0.5734133053508714,2969795000.0,1693149000.0,1877703000.0,415326000.0,1276149000.0,445581000.0,1300671000.0,2548095440.0,2609470440.0,60.314512681675694,4.521034079253406,0.2466173591106457,0.43256854535542943,0.025060636847277773,60.314512681675694,0.02710747843219941,4.9332553231858185,13.879422620214829,1.5049445973154163,0.0,0.4944959502312711,0.0,0.17392244245814947,3.094516115051791,0.015454602085329122,49.80834747253606,0.5734133053508714,0.1418439716312058,0.865000764772104,0.5942783286973303,1.029621704494495,0.01037061295780798,0.14604974031162604,0.08412284046578476,0.5877455449003401,0.12556796607875126,0.5522630299628295,Medical Devices,Healthcare,BIO
2011Q2,2011,Q2,2011-08-04,2011-06-30,40048000.0,521656000.0,68186000.0,1.41,293136000.0,0.5619335347432024,3044245000.0,1725834000.0,1889656000.0,442844000.0,1318330000.0,449337000.0,1254774000.0,3343751040.0,3406144040.0,61.60612550867423,4.267091797563024,0.24068167969397994,0.4245448867040515,0.01919765871853913,61.60612550867423,0.023205012764842967,6.409877467143098,20.873395924890133,1.937469675530787,0.0,0.5085715175914737,0.0,0.17135808714476003,2.8930300512144234,0.013155314371872171,30.31533413720886,0.5619335347432024,0.21551724137931036,0.1670590663882093,0.5436892580721697,1.1461934999536947,0.05592357651533981,0.21214322467387028,0.01591227390565869,-0.11234048069156023,0.10926254634760771,0.48946960506518694,Medical Devices,Healthcare,BIO
2011Q1,2011,Q1,2011-05-06,2011-03-31,33039000.0,485121000.0,67118000.0,1.16,277611000.0,0.5722510466460945,2908773000.0,1612292000.0,1797310000.0,427591000.0,1295285000.0,429975000.0,1214726000.0,3352386560.0,3465961560.0,57.77995986238532,4.203339172246376,0.25491263842176753,0.4598937413322153,0.019461439911772096,57.77995986238532,0.02049194562771508,6.9104131958830886,25.36688882835437,2.0792676264597234,0.0,0.48260945403802546,0.0,0.16677856952055042,2.7596230977733396,0.011358397509877877,169.46651299160854,0.5722510466460945,-0.5146443514644352,-0.0027375702251114416,0.4816046814267283,1.1607816144536067,-0.0737747853851723,-0.5134741120339282,-0.1371233158490178,0.20127358583972044,0.10691402319853265,0.43512007763405863,Medical Devices,Healthcare,BIO
2010Q4,2010,Q4,2011-02-28,2010-12-31,67908000.0,533720000.0,77784000.0,2.39,299723000.0,0.5615734842239376,3062764000.0,1536696000.0,1975346000.0,666627000.0,1522245000.0,398100000.0,1181687000.0,2897830400.0,2955560400.0,55.070814220183486,2.9631953101209523,0.3148401248023028,0.6275027721813553,0.036938845591427974,55.070814220183486,0.04419091349232379,5.429495615678633,10.66822171172763,1.8857538511195446,0.0,0.5877844762622456,0.0,0.17426089636681116,2.1199006340877284,0.022172129488266155,42.92064695775816,0.5615734842239376,0.5031446540880503,3.753827286774996,0.63560567093644,1.1993206194526855,0.1253820448315999,0.5170226074524171,0.03986524424480629,4.2948925076762,0.11848269252407968,0.5234885169681198,Medical Devices,Healthcare,BIO
2010Q3,2010,Q3,2010-11-09,2010-09-30,44764000.0,471502000.0,74802000.0,1.59,266330000.0,0.5648544438835891,2682204000.0,1423832000.0,1651709000.0,410694000.0,1254072000.0,402883000.0,1113779000.0,2506855470.0,2618950470.0,51.407444849622706,4.021750987353115,0.27691219608948464,0.5216451098163266,0.026879865702439627,51.407444849622706,0.031439102366009476,5.3167440859211625,14.000399148869628,1.7606399280252165,0.0,0.5092595120667787,0.0,0.17578901530234092,2.694470822558888,0.016689260026455856,37.49073475308827,0.5648544438835891,0.17777777777777776,1.6023284664266848,0.5696732346405512,1.0687124451202423,-0.007372124573251636,0.1793345101035382,0.09718962684815771,0.5436304654669396,0.3386182686198737,0.45122248785602503,Medical Devices,Healthcare,BIO
2010Q2,2010,Q2,2010-08-06,2010-06-30,37957000.0,467662000.0,68176000.0,1.35,268308000.0,0.5737220471195008,2527124000.0,1285131000.0,1555827000.0,389495000.0,1224392000.0,370272000.0,1069015000.0,2387642940.0,2517508940.0,46.552597261464896,3.9944723295549367,0.29444103257299603,0.5789985612361697,0.023380345585864246,46.552597261464896,0.029535510387656977,5.1054884510608085,15.725972416155123,1.857898486613427,0.0,0.5383987987209403,0.0,0.18505700551298632,2.7036624346910743,0.015019840735951223,65.61982465783544,0.5737220471195008,0.08870967741935491,0.9456342078582979,0.5131863842235217,0.9268434610738616,0.04348434820147242,0.08880984481225439,0.07793255016048192,0.42776549299719513,0.33166244271564327,0.3837577709150766,Medical Devices,Healthcare,BIO
2010Q1,2010,Q1,2010-05-10,2010-03-31,34861000.0,454234000.0,63247000.0,1.24,257127000.0,0.5660672692929195,2546872000.0,1282187000.0,1543287000.0,398170000.0,1245949000.0,380707000.0,1031058000.0,2851458400.0,2997090400.0,46.54881103648575,3.875949971117864,0.29203116607352075,0.5800760731468967,0.022177912408433424,46.54881103648575,0.027188701804027025,6.277509829735335,20.448770832735722,2.2239021297205475,0.0,0.5177393638677513,0.0,0.17834975609296425,2.60384006831253,0.01368777072424527,128.04609097849027,0.5660672692929195,-0.08148148148148154,-0.021004491876113016,0.42813091267688624,0.9318599890824228,-0.0422469633365491,-0.07926152870952406,0.12349231725730526,0.24605305472415795,0.35909979343394605,0.43757308002866535,Medical Devices,Healthcare,BIO
2009Q4,2009,Q4,2010-02-26,2009-12-31,37862000.0,495073000.0,56295000.0,1.35,268469000.0,0.5422816433132084,2535853000.0,1259726000.0,1562674000.0,419972000.0,1256640000.0,351206000.0,996197000.0,2656990700.0,2750103700.0,45.73338173897259,3.72090044098178,0.2930181678512122,0.5898512851207326,0.025723862276113514,45.73338173897259,0.030055742280464166,5.366866502515791,17.54391408272146,2.1091814410435283,0.0,0.6452167673673,0.0,0.1952293764662226,2.59671597154096,0.014930676186671705,27.757367167422327,0.5422816433132084,-0.02173913043478247,1.081306469363403,0.5125598411370279,0.9851399047644465,0.030551610302867453,-0.017184093032914547,-0.16440308144453844,1.19445963965223,0.3924665596448095,0.48326653141390813,Medical Devices,Healthcare,BIO
2009Q3,2009,Q3,2009-11-05,2009-09-30,38524000.0,461055000.0,67371000.0,1.38,260510000.0,0.5650302024704211,2478206000.0,1208661000.0,1503401000.0,415695000.0,1250535000.0,383896000.0,958335000.0,2520360280.0,2710214280.0,44.06186431409719,3.616596302577611,0.3002304893136406,0.6155845187360227,0.026472306234051404,44.06186431409719,0.031873287878073336,5.466506772510872,16.35578003322604,2.0852499418778296,0.0,0.5223940858982641,0.0,0.18604385591835385,2.3884602893948688,0.015545116104149534,31.550646320243356,0.5650302024704211,0.007299270072992544,4.749987710166726,0.672216222697051,1.048835837997947,0.07665666509617212,0.014617187705759963,0.20552921177417913,0.601982634929361,0.4563524691498581,0.4827097522011935,Medical Devices,Healthcare,BIO
2009Q2,2009,Q2,2009-08-05,2009-06-30,37969000.0,427183000.0,55885000.0,1.37,241962000.0,0.5664129892809405,2344457000.0,1110181000.0,1397835000.0,383609000.0,1216816000.0,377594000.0,919810000.0,2065887600.0,2276741600.0,40.56196565582755,3.6439056435068,0.31748417650654287,0.6704564390851582,0.02403482925128034,40.56196565582755,0.03420072943060636,4.8360716601550156,13.602462535226106,1.8608565630289116,0.0,0.4905295105324767,0.0,0.1822097824784161,2.344019561584843,0.01619522132417016,24.189588309681046,0.5664129892809405,0.24545454545454545,0.5593276137951286,0.5394691070900569,0.9143501715072213,0.057054984229058726,0.2545514620849166,0.08647471664366117,0.13250855302383338,0.2938679744055085,0.41307096197154597,Medical Devices,Healthcare,BIO
2009Q1,2009,Q1,2009-05-08,2009-03-31,30265000.0,400933000.0,51437000.0,1.1,228902000.0,0.5709233213529442,1955308000.0,1026612000.0,1049922000.0,355879000.0,897009000.0,369041000.0,881841000.0,1800453900.0000002,2058045900.0000002,37.57593060283298,2.9502218450653173,0.23037905025704392,0.4387850521910907,0.025803026339296365,37.57593060283298,0.029480465842986445,4.4906602848855055,14.872409548983976,1.7537822468469102,0.0,0.46615687687817886,0.0,0.20504851409598898,1.5430441245479503,0.015478379876725304,-146.4259840598569,0.5709233213529442,4.697603280782548,0.29152507835572145,0.4102259226811876,0.8576206407734811,-0.07205403038803937,4.683666017526777,1.3063850775715182,-0.06697535739329685,0.2506158897640707,0.4052169677162224,Medical Devices,Healthcare,BIO
2008Q4,2008,Q4,2009-02-27,2008-12-31,-8216000.0,447965000.0,22302000.0,-0.29749,246676000.0,0.5506590916701082,2037264000.0,1040731000.0,1093941000.0,418034000.0,996533000.0,375616000.0,851577000.0,2057544510.0,2308577510.0,38.09271256542586,2.616870876531574,0.22361215826716616,0.4377279047131295,-0.023897755386645746,38.09271256542586,-0.007894451111766633,4.593092116571607,-62.60785388266797,1.9770185667574043,0.0,0.5358903774067132,0.0,0.21988559165626057,1.3949272068779095,-0.004032859757007437,36.96564039453118,0.5506590916701082,-1.2945445544554455,-1.4015255258280037,0.5782765496548757,0.9686847236454353,0.025500744152788288,-1.2951891639420832,-0.5643630112903856,-1.58742545468532,0.4021003111390754,0.5212792725574192,Medical Devices,Healthcare,BIO
2008Q3,2008,Q3,2008-11-07,2008-09-30,27833000.0,441842000.0,51194000.0,1.01,240542000.0,0.5444072768093572,2014945000.0,1050235000.0,1083446000.0,385814000.0,929126000.0,383266000.0,859793000.0,2679114480.0,2943751480.0,38.85585852232787,2.808208100276299,0.22743251056480449,0.4363442467638195,0.024128375796088654,38.85585852232787,0.026501687717510842,6.063512477310894,24.064190708870765,2.5509666693644757,0.0,0.5252226912901222,0.0,0.21928241217502215,1.5099633502153889,0.013813280263232992,132.3084833818954,0.5444072768093572,-0.3607594936708861,1.7148619836052177,0.6807334334173426,1.154358773904777,-0.03171632027888142,-0.35865708097147336,-0.1425939572586588,0.6580437950984137,0.5072852959516635,0.5636178441878159,Medical Devices,Healthcare,BIO
2008Q2,2008,Q2,2008-08-07,2008-06-30,43398000.0,452361000.0,59708000.0,1.58,248421000.0,0.5491653789782939,2098920000.0,1114558000.0,1119782000.0,408087000.0,952187000.0,382684000.0,831960000.0,2179742830.0,2451466830.0,41.36111626526144,2.7439786124037275,0.21695300440226403,0.40856285630716394,0.03080599128049663,41.36111626526144,0.03893740837174916,4.818591412610725,12.556700942439743,1.9557015695908155,0.0,0.5329201116325741,0.0,0.21552083928877708,1.4804196164053254,0.020676347836029958,44.89779047972152,0.5491653789782939,0.6458333333333335,0.9509456868077655,0.7500786173879658,1.3406316123486421,0.09492998593988972,0.6379694281939988,0.2004262248939464,1.278935797070021,0.4994726851862564,0.711964554218449,Medical Devices,Healthcare,BIO
2008Q1,2008,Q1,2008-05-08,2008-03-31,26495000.0,422197000.0,49739000.0,0.96,226883000.0,0.5373865754612184,2053288000.0,1082267000.0,1049031000.0,387446000.0,940772000.0,365059000.0,788562000.0,2391064950.0,2719707950.0,40.261411405825676,2.7075540849563553,0.2231167766041588,0.42329942611204074,0.02341593951309645,40.261411405825676,0.024481019933158824,5.6633868786372235,22.561473391205887,2.209311519246175,0.0,0.535020366570883,0.0,0.20561996173941502,1.4031168214409233,0.012903693977659248,-109.19600630223319,0.5373865754612184,1.1333333333333333,-0.05473629733786655,0.6144891410230207,1.4588338932739855,-0.028891466530841105,1.1444759206798867,1.1502247968182604,-0.23756620539614734,0.36019407915971985,0.6709215137189325,Medical Devices,Healthcare,BIO
2007Q4,2007,Q4,2008-02-29,2007-12-31,12355000.0,459688000.0,23132000.0,0.45,233633000.0,0.5082425471189155,1971594000.0,971690000.0,1028974000.0,414168000.0,965470000.0,321015000.0,762067000.0,2785409220.0,3081077220.0,36.14783676202522,2.4844362674083946,0.23201125586708013,0.4707591927466579,0.017565021159217774,36.14783676202522,0.012714960532680175,6.0593472529193715,56.36198340752732,2.8665615782811393,0.0,0.7041882778063331,0.0,0.23315550767551535,1.4047850147766123,0.006266503144156454,31.475684453183266,0.5082425471189155,-0.5631067961165049,-0.28446588593560457,0.7793330844081438,1.3857815710035728,0.24037333361648358,-0.558292517250009,-0.3835576282478348,-0.3040587344324312,0.4391426583810214,0.5690620395573567,Medical Devices,Healthcare,BIO
2007Q3,2007,Q3,2007-11-09,2007-09-30,27971000.0,339742000.0,37525000.0,1.03,188357000.0,0.5544118772480294,1712484000.0,946340000.0,1219562000.0,286461000.0,766144000.0,273575000.0,749712000.0,2542199400.0,2500455400.0,35.423544825004676,4.257340440758079,0.25170921304958177,0.4554895703446964,0.02170532582012085,35.423544825004676,0.02955703024283027,7.482735134307799,22.721742161524435,2.686348880951878,0.0,0.5533583112492004,0.0,0.19839134263444214,2.955397069758187,0.016333583262675738,69.97521056977705,0.5544118772480294,0.08421052631578956,0.58529770766294,0.42284544272710706,1.4998426135533767,-0.008600407387718365,0.08959526313739238,0.05153281398867903,3.286768167910289,0.2652472349072851,0.6471619909005062,Medical Devices,Healthcare,BIO
2007Q2,2007,Q2,2007-08-08,2007-06-30,25671000.0,339114000.0,35686000.0,0.95,189991000.0,0.5602570227121263,1654743000.0,896799000.0,1167739000.0,281849000.0,757944000.0,265185000.0,721741000.0,2014469489.9999998,2212835490.0,33.642157782196044,4.143136927929494,0.2603238085914248,0.48034063374290115,0.019322784456886736,33.642157782196044,0.028625143426787944,5.940390222756949,19.61814391726072,2.2462887335958226,0.0,0.5623357278880782,0.0,0.20493454270542313,2.8601556152407848,0.015513587306306779,71.84783115771452,0.5602570227121263,-0.04040404040404044,0.4890133642518849,0.48738171267322944,1.4767269047840696,0.0591478473193928,-0.04911656850761196,-0.08144144144144144,0.08246664458511535,0.25477616900855243,0.5877650276292076,Medical Devices,Healthcare,BIO
2007Q1,2007,Q1,2007-05-04,2007-03-31,26997000.0,322508000.0,38850000.0,0.99,179381000.0,0.5562063576717476,1607043000.0,860664000.0,1129692000.0,272091000.0,746379000.0,259965000.0,696070000.0,1856347200.0,2056146200.0,32.38013544018059,4.151890360210371,0.2676424961870964,0.499745545299908,0.0217035647457555,32.38013544018059,0.031367641727782274,5.755972565021643,17.190310034448274,2.1568779454002955,0.0,0.5505625757313485,0.0,0.20068411361737054,2.7999750083611734,0.016799177122205192,-77.50280561122244,0.5562063576717476,0.6229508196721312,0.3488048791075122,0.4391705840319449,1.6472421221693216,-0.03328357324164542,0.6215388311610307,0.5135577372604021,0.18418426635130922,0.1660011980939591,0.6007589693649649,Medical Devices,Healthcare,BIO
