Quarters,Year,Quarter,FillingDate,Date,NetIncome,Revenue,OperatingIncome,EPSDiluted,GrossProfit,GrossProfitRatio,TotalAssets,CommonStockEquity,CurrentAssets,CurrentLiability,TotalLiability,Inventory,RetainedEarnings,MarketCap,EnterpriseValue,bookValuePerShare,currentRatio,debtToAssets,debtToEquity,roic,shareholdersEquityPerShare,roe,priceToSalesRatio,peRatio,pbRatio,payoutRatio,inventoryTurnover,dividendYield,assetTurnover,quickRatio,returnOnAssets,priceToFreeCashFlowsRatio,grossProfitMargin,epsdilutedGrowth,fiveYNetIncomeGrowthPerShare,fiveYRevenueGrowthPerShare,fiveYShareholdersEquityGrowthPerShare,grossProfitGrowth,netIncomeGrowth,operatingIncomeGrowth,threeYNetIncomeGrowthPerShare,threeYRevenueGrowthPerShare,threeYShareholdersEquityGrowthPerShare,Industry,Sector,Symbol
2023Q1,2023,Q1,2023-05-03,2023-03-31,3847000.0,36175000.0,12253000.0,0.08,25381000.0,0.7016171389,1093893000.0,412613000.0,41998000.0,35882000.0,675367000.0,0.0,-214450000.0,454700799.99999994,1082363800.0,8.3484339592101,1.1704475781729,0.5776387635719399,1.5313986713942604,0.01137585909192448,8.3484339592101,0.009323506530332298,12.56947615756738,29.549051208734078,1.1020030876390225,1.5370418507928256,0.0,0.013004155699748055,0.0330699620529613,0.8855136280028983,0.0035167973467240396,92.51287894201423,0.7016171389080857,-0.7999999999999999,0.004216540196965917,-0.1488971947187596,-0.05038122468502262,0.0038364182882455306,-0.8070615376899544,0.05166938460218007,1.0303205081346039,0.006286641307443322,0.05203598479005216,REIT—Retail,Real Estate,WSR
2022Q4,2022,Q4,2023-03-08,2022-12-31,19939000.0,35459000.0,11651000.0,0.4,25284000.0,0.7130488733,1102767000.0,418448000.0,46129000.0,43723000.0,678313000.0,0.0,-212366000.0,476061760.0,1096057760.0,8.473351692855985,1.0550282460032476,0.568476387124388,1.4981479180208772,0.011078082365784322,8.473351692855985,0.04764988720223301,13.425696156123974,5.968977381012087,1.1376843956716247,0.2963538793319625,0.0,0.012412255082197737,0.03215457118321459,0.7573359559042152,0.018080881999552035,43.38878600072913,0.7130488733466821,4.0,7.079286444795931,-0.18372844173569444,-0.06248171451640026,0.07349382244300089,4.092975734355044,0.06791934005499542,0.03949763591408108,-0.031165738644283583,-0.0034180024335524373,REIT—Retail,Real Estate,WSR
2022Q3,2022,Q3,2022-11-04,2022-09-30,3915000.0,35383000.0,10910000.0,0.08,23553000.0,0.6656586496,1099933000.0,405159000.0,58390000.0,43361000.0,688942000.0,0.0,-226374000.0,416858040.00000006,1044492040.0,8.222571741689329,1.3466017850141832,1.1585032906549761,3.145125740758566,0.006318209847405272,8.222571741689329,0.009662873094266696,11.781308537998475,26.61928735632184,1.0288751823358238,1.50727969348659,0.0,0.014155898252556193,0.0321683229796724,0.8307003989760384,0.003559307703287382,27.52264888419385,0.665658649634005,-0.11111111111111106,0.008554535951558905,-0.18932794166242287,-0.09034751830777868,-0.005111092337585537,-0.0975103734439834,0.016680644860684,0.7670196600516649,-0.03417962766285717,0.016815058906716397,REIT—Retail,Real Estate,WSR
2022Q2,2022,Q2,2022-08-08,2022-06-30,4338000.0,34872000.0,10731000.0,0.09,23674000.0,0.6788827713,1089051000.0,400053000.0,46760000.0,36300000.0,682625000.0,0.0,-224363000.0,528330250.0,1157877250.0,8.1399271573036,1.2881542699724517,1.1716825015541055,3.1896323737104835,0.006260370726556179,8.1399271573036,0.010843563227872307,15.150557754072034,30.447801406177962,1.3206506387903603,1.355463347164592,0.0,0.011129402490203806,0.03202053898302283,0.9043801652892562,0.003983284529374657,39.43351619644723,0.678882771277816,-0.3571428571428572,0.5897639139760625,-0.16107973640476003,-0.16625139203877481,-0.02991312899524668,-0.39657810543886496,-0.19714200209486757,0.05818163184027714,-0.043177182901225304,-0.017330363364423233,REIT—Retail,Real Estate,WSR
2022Q1,2022,Q1,2022-05-06,2022-03-31,7189000.0,34496000.0,13366000.0,0.14,24404000.0,0.7074443414,1095001000.0,398460000.0,49197000.0,38206000.0,690175000.0,0.0,-222792000.0,651171250.0,1283911250.0,8.107844134703429,1.2876773281683505,0.588014074872991,1.615911258344627,0.012642914057257901,8.107844134703429,0.018041961551975103,18.87671759044527,22.6447089303102,1.6342198715052954,0.7327862011406315,0.0,0.008090037758884472,0.03150316757701591,0.9444328116002723,0.0065652908079536,132.48652085452696,0.7074443413729128,1.6415094339622647,1.988204180373272,-0.2695452833540931,-0.07035531839237541,0.07058565474884843,1.7148791540785497,0.5075569591698624,1.090811719626962,-0.06275542805069,-0.05351232883687807,REIT—Retail,Real Estate,WSR
2021Q4,2021,Q4,2022-03-11,2021-12-31,2648000.0,33258000.0,8866000.0,0.053,22795000.0,0.6853990017,1102090000.0,392783000.0,52474000.0,52140000.0,703052000.0,0.0,-223973000.0,497403260.00000006,1767366260.0,7.999327929615902,1.0064058304564634,1.1665871208340517,3.2732679367487902,0.005069687620183487,7.999327929615902,0.0067416359669333955,14.95589812977329,46.96027756797584,1.2663563850777657,2.016616314199396,0.0,0.010735755933726691,0.030177208757905433,0.7472765630993479,0.0024027075828652834,36.83377221563981,0.6853990017439413,-0.11666666666666665,2.103744529189351,-0.3114760474106491,-0.09791025150850485,0.03303725188072147,-0.08658157985512245,-0.020764303070466093,-0.7647409149536321,0.43822713332385177,-0.09855314811468253,REIT—Retail,Real Estate,WSR
2021Q3,2021,Q3,2021-11-01,2021-09-30,2899000.0,32444000.0,9054000.0,0.06,22066000.0,0.6801257551473308,1071069000.0,388008000.0,46098000.0,50103000.0,676793000.0,0.0,-221277000.0,458515739.99999994,1685278740.0,8.276091547042638,0.92006466678642,1.1555007193747555,3.189679078781881,0.005385618834403545,8.276091547042638,0.007471495433083854,14.132528048329428,39.54085374266988,1.1817172326343786,1.7468092445670922,0.0,0.011044331869610409,0.030291232404261535,1.355367942039399,0.0027066416822819073,26.03132394686045,0.6801257551473308,-0.5,0.8371250028123055,-0.23508233728120861,-0.06761072795290131,0.05006186351955839,-0.43445181428014046,-0.013618041180956532,-0.6818712191486667,-0.21334568635515713,-0.02742885236186189,REIT—Retail,Real Estate,WSR
2021Q2,2021,Q2,2021-08-06,2021-06-30,5126000.0,30618000.0,9179000.0,0.12,21014000.0,0.6863283036122543,1034110000.0,360001000.0,58617000.0,46117000.0,667838000.0,0.0,-218842000.0,357868500.0,950035500.0,8.299160864954585,1.2710497213608865,0.5941737339354614,1.7067758145116263,0.009183713608157663,8.299160864954585,0.014238849336529621,11.688173623358809,17.453594420600858,0.9940764053433185,0.9139680062426844,0.0,0.013091400891668308,0.02960806877411494,0.9598846412385889,0.00495691947665142,30.279084524917504,0.6863283036122543,3.0,1.1355894009645542,-0.24668837710686867,-0.06453496727097463,0.041947639825466086,2.6226148409893995,0.22044940832336127,1.7092142269547264,-0.1632856535530876,-0.03206619121946711,REIT—Retail,Real Estate,WSR
2021Q1,2021,Q1,2021-05-07,2021-03-31,1415000.0,29045000.0,7521000.0,0.03,20168000.0,0.6943708039249441,1036644000.0,332145000.0,57016000.0,45983000.0,698272000.0,0.0,-219016000.0,412201499.99999994,1034611500.0,7.816096011295446,1.2399364982711,0.622421969354957,1.9426154239865119,0.007256964341793282,7.816096011295446,0.004260187568682352,14.191823033224304,72.82712014134276,1.2410287675563383,3.224028268551237,0.0,0.011067402714449124,0.028018297506183416,1.0190722658373748,0.0013649816137458954,100.4634413843529,0.6943708039249441,-0.5714285714285715,-0.8227214479058066,-0.2850943252080235,-0.11682380902332161,0.015099657741091201,-0.5453084832904884,0.07781599312123817,-0.570402563484429,-0.20522367751997778,-0.11093367232039109,REIT—Retail,Real Estate,WSR
2020Q4,2020,Q4,2021-03-08,2020-12-31,3112000.0,29834000.0,6978000.0,0.07,19868000.0,0.6659515988469531,1045002000.0,332083000.0,60623000.0,55575000.0,706676000.0,0.0,-215809000.0,337672960.0,1600265960.0,7.8380617447129906,1.0908322087269455,0.6164437962798157,1.9398313072334326,0.006948230162156802,7.8380617447129906,0.009371151188106587,11.318393778909968,27.126683804627245,1.0168330206604976,1.4501928020565553,0.0,0.013365002634501738,0.02854922765698056,0.8838686459739091,0.002977984731129701,24.909483623487755,0.6659515988469531,2.5,-0.04953334973286914,-0.26983786633411805,-0.14385012921266158,-0.016484332458789167,2.457777777777778,-0.026778242677824266,0.4697975579315355,-0.19948777850915436,-0.13277219277781144,REIT—Retail,Real Estate,WSR
2020Q3,2020,Q3,2020-10-30,2020-09-30,900000.0,29900000.0,7170000.0,0.02,20201000.0,0.67561872909699,1064925000.0,329996000.0,74334000.0,55234000.0,728665000.0,0.0,-214468000.0,254076000.0,881602000.0,7.792849383648987,1.3458014990766556,0.6258806958236496,2.019769936605292,0.006453697937069858,7.792849383648987,0.002727305785524673,8.49752508361204,70.57666666666667,0.7699366052921853,5.012222222222222,0.0,0.017754530140587855,0.028077094631077305,1.1568236955498425,0.0008451299387280794,16.60627450980392,0.67561872909699,1.0,-0.6415877570310222,-0.24003478363200303,-0.16215176085874522,0.07355051283413934,1.1951219512195121,-0.004581424406497293,-0.7302163935500314,-0.20287364871772356,-0.13788714723532397,REIT—Retail,Real Estate,WSR
2020Q2,2020,Q2,2020-08-07,2020-06-30,410000.0,27597000.0,7203000.0,0.01,18817000.0,0.6818494763923615,1070643000.0,330722000.0,76128000.0,50360000.0,733612000.0,0.0,-210921000.0,306881240.0,943328240.0,7.834786316687198,1.5116759332803813,0.6317427938164262,2.04513458433367,0.005819030471236451,7.834786316687198,0.0012397119030484818,11.12009421313911,187.12270731707315,0.9279129903665314,10.985365853658537,0.0,0.014676687307441797,0.025776099035813058,1.3039912629070691,0.0003829474437324113,35.245347421614795,0.6818494763923615,-0.75,-0.8551996064812727,-0.31947660229111646,-0.28599830130220993,-0.07989829348198133,-0.7456575682382134,-0.14045346062052505,-0.8250604410205403,-0.22702261885426586,-0.1975060637550655,REIT—Retail,Real Estate,WSR
2020Q1,2020,Q1,2020-05-11,2020-03-31,1612000.0,30584000.0,8380000.0,0.04,20451000.0,0.66868297148836,1071326000.0,333672000.0,71460000.0,48043000.0,730208000.0,0.0,-206886000.0,260697600.0,899332600.0,7.935502283105023,1.4874175218033845,0.6304420876558583,2.024170442830085,0.007887919971746947,7.935502283105023,0.0048310916109233016,8.523986398116662,40.43076923076923,0.7812990002157808,7.55955334987593,0.0,0.046743813521873616,0.028547799642685792,1.2606623233353453,0.0015046773811146187,50.00913101860733,0.66868297148836,-0.891891891891892,-0.45700277534284767,-0.22729207364779144,-0.1324651114409435,0.0010279001468428781,-0.8978129952456418,-0.003330161750713606,-0.21685745391510225,-0.24307501758481678,-0.0901160196460052,REIT—Retail,Real Estate,WSR
2019Q4,2019,Q4,2020-03-02,2019-12-31,15775000.0,30100000.0,8408000.0,0.37,20430000.0,0.6787375415282392,1056260000.0,345317000.0,51181000.0,51846000.0,703162000.0,0.0,-204049000.0,553162680.0,1182331680.0,8.502412961047915,0.9871735524437758,0.610360138602238,1.8669772991193598,0.00845323984531035,8.502412961047915,0.04568266259697611,18.377497674418606,8.766445007923929,1.6018981978877378,0.7506814580031695,0.0,0.021407807193355853,0.028496771628197602,0.7495467345600432,0.014934769848332797,31.125516542876436,0.6787375415282392,8.25,2.0665317812446684,-0.07059877148210372,-0.08674908577494791,0.003881873126627684,7.729939125622579,0.055618330194601384,21.35428438931464,-0.24662216746257137,-0.04117700423230128,REIT—Retail,Real Estate,WSR
2019Q3,2019,Q3,2019-11-04,2019-09-30,1807000.0,29879000.0,7965000.0,0.04,20351000.0,0.6811138257639144,1011760000.0,324976000.0,45551000.0,50826000.0,679003000.0,0.0,-207824000.0,552973120.0,1169171120.0,8.08659516759151,0.8962145358674694,0.6145103581877125,1.9131782039289056,0.007973464796683401,8.08659516759151,0.005560410614937719,18.50708256635095,76.50430547869396,1.7015814090886712,6.471499723298284,0.0,0.021147501708582147,0.02953170712421918,0.6652303938928895,0.0017859966790543212,51.87365103189494,0.6811138257639144,-0.5,-0.08350099729819309,-0.11689836752404814,-0.14348587076264224,0.00029491275497665274,-0.45686804929365793,-0.09673395327738717,0.335913849329726,-0.17818102967810057,-0.08895949992910479,REIT—Retail,Real Estate,WSR
2019Q2,2019,Q2,2019-08-05,2019-06-30,3327000.0,29578000.0,8818000.0,0.08,20345000.0,0.6878423152342957,1013188000.0,330395000.0,44965000.0,45993000.0,674713000.0,0.0,-198056000.0,498575000.0,1115483000.0,8.283482926340069,0.9776487726393147,0.6142325017667007,1.8836029600932218,0.0089126078566696,8.283482926340069,0.010069764978283569,16.856278314963824,37.46430718364893,1.5090270736542624,3.480913736098587,0.0,0.023228200371057516,0.02919300268064762,0.7373948209510143,0.0032836946351516203,37.625462229265715,0.6878423152342957,0.14285714285714277,0.4801931114210218,-0.06706668321793033,-0.13997766695536792,-0.04127986428537769,0.19935111751982695,0.007195888063963449,0.5074433327706336,-0.20856419585264463,-0.06630215356821628,REIT—Retail,Real Estate,WSR
2019Q1,2019,Q1,2019-05-09,2019-03-31,2774000.0,29694000.0,8755000.0,0.07,21221000.0,0.7146561594935004,1018655000.0,339643000.0,47688000.0,41471000.0,670602000.0,0.0,-189938000.0,479752900.0,1098090900.0,8.566243789250676,1.1499119866894938,0.6115102758048603,1.8340375040851717,0.008732567614825956,8.566243789250676,0.008167399298675373,16.15656024786152,43.23656272530642,1.4125210883192056,4.169069935111752,0.0,0.02410615965010321,0.029150202963711954,0.8186925803573581,0.00272319872773412,79.10187963726298,0.7146561594935004,-0.6666666666666666,-0.3563141141935322,-0.08114239642949529,-0.1200865212572251,0.5739078840020767,-0.6935822379321772,0.9369469026548672,-0.6275124099908255,-0.2166575480061641,-0.032061204233579124,REIT—Retail,Real Estate,WSR
2018Q4,2018,Q4,2019-03-15,2018-12-31,9053000.0,18599000.0,4520000.0,0.21,13483000.0,0.7249314479273079,1028872000.0,350456000.0,57000000.0,45387000.0,669722000.0,0.0,-181361000.0,484184180.0,1088731180.0,8.873876383156508,1.2558662171987574,0.6008570551050082,1.764001757709955,0.004656697872527305,8.873876383156508,0.025832058803387587,26.032807140168828,13.370821274715563,1.3815833656721528,1.2776980006627636,0.0,0.023889669422904315,0.018077078587035122,0.9111639896886774,0.008798956527148178,68.23339627959413,0.7249314479273079,0.1052631578947368,2.8761949863609275,-0.41582643632238747,-0.12325354642316108,-0.4129914232226044,0.18432757718472004,-0.5706279091859029,1.9662493311894524,-0.5116679216749582,-0.030708309494128044,REIT—Retail,Real Estate,WSR
2018Q3,2018,Q3,2018-11-06,2018-09-30,7644000.0,34596000.0,10527000.0,0.19,22969000.0,0.6639206844721933,1060446000.0,334653000.0,49685000.0,44446000.0,716990000.0,0.0,-198199000.0,540352980.0,1197587980.0,8.509497291936837,1.117873374431895,0.6286260686541323,1.991985728500865,0.010361529267768923,8.509497291936837,0.022841570223485222,15.618943808532778,17.67245486656201,1.6146664754237972,1.5149136577708007,0.0,0.021430436082725036,0.03262400914332272,0.7041128560500383,0.0072082878336096326,39.96989274354612,0.6639206844721933,3.75,4.392983858964538,-0.08006962712676699,-0.09997581274446708,0.00967075475845092,3.4701754385964914,0.2059800664451827,2.277800975942526,-0.05317440343304948,-0.08510135753604134,REIT—Retail,Real Estate,WSR
2018Q2,2018,Q2,2018-08-09,2018-06-30,1710000.0,33072000.0,8729000.0,0.04,22749000.0,0.6878628447024674,1059950000.0,336139000.0,40534000.0,40785000.0,714149000.0,0.0,-194520000.0,489265920.0,1153735920.0,8.57409958167534,0.9938457766335662,0.6298363130336336,1.9860682634267373,0.008299295910310703,8.57409958167534,0.005087181195874326,14.793962264150943,71.53010526315789,1.455546425734592,6.723976608187135,0.0,0.023500512768189534,0.031201471767536206,0.5783744023538065,0.0016132836454549743,38.20897461928934,0.6878628447024674,-0.4285714285714286,-0.2404622608465158,-0.03690202174333788,-0.09860634330371847,-0.020748138263527182,-0.43527080581241745,-0.09973184818481848,-0.3497392438070404,-0.12189349112426029,-0.21862302063283953,REIT—Retail,Real Estate,WSR
2018Q1,2018,Q1,2018-05-09,2018-03-31,3028000.0,33596000.0,9696000.0,0.07,23231000.0,0.6914811287057984,1071247000.0,343443000.0,50410000.0,41687000.0,717241000.0,0.0,-184853000.0,405895740.0,1065084740.0,8.791353094762709,1.209249886055605,0.6240633579370584,1.9465413474725064,0.009213795020495146,8.791353094762709,0.008816601299196664,12.081668651029885,33.51186756935271,1.1818431006018468,3.782694848084544,0.0,0.02821906926148079,0.0313615814093295,0.8158898457552715,0.0028266123499062308,66.1391135734072,0.6914811287057984,0.4000000000000001,0.37369678947577695,0.042902357693649334,-0.094677681305287,0.042590431738623105,0.5754422476586889,0.12391329546771764,0.0978293594580251,-0.08640218420656877,-0.03890072042622512,REIT—Retail,Real Estate,WSR
2017Q4,2017,Q4,2018-03-06,2017-12-31,1922000.0,33831000.0,8627000.0,0.05,22282000.0,0.6586267033194407,1071732000.0,347604000.0,44890000.0,47461000.0,713414000.0,0.0,-176684000.0,554208600.0,1864527600.0,9.038065522620904,0.9458292071384926,1.2299119556008404,3.792062231734963,0.0049586932036339865,9.038065522620904,0.0055292804455644926,16.381679524696285,72.08748699271592,1.5943677287948357,5.872528616024974,0.0,0.020365977720302426,0.03156666032179687,0.6606055498198521,0.0017933587874580585,42.763009259259256,0.6586267033194407,-0.28571428571428575,1.621721133529356,0.08844457290825834,-0.08912220976796152,-0.0038447782546494995,-0.35783494821249584,-0.09570230607966457,-0.6054537045022739,0.10310808163999982,-0.029214219636990744,REIT—Retail,Real Estate,WSR
2017Q3,2017,Q3,2017-11-03,2017-09-30,2993000.0,33653000.0,9540000.0,0.07,22368000.0,0.6646658544557692,1070148000.0,343419000.0,41461000.0,46442000.0,715863000.0,0.0,-167397000.0,495795600.0,1814807600.0,9.03924510423247,0.8927479436716765,1.2384735569285743,3.8592797719403995,0.005496239119908012,9.03924510423247,0.008715301133600646,14.732582533503699,41.412930170397594,1.443704629039162,3.7611092549281655,0.0,0.022704921140889508,0.03144705218343631,0.619956074243142,0.0027968094132774157,34.68314795383001,0.6646658544557692,0.4000000000000001,5.689995116827953,0.05535628705625609,-0.26790730310992483,0.09938071365378945,0.5093292990418558,0.22041703978508378,0.6057354346871138,0.05211168772551135,-0.0425833136246076,REIT—Retail,Real Estate,WSR
2017Q2,2017,Q2,2017-08-04,2017-06-30,1983000.0,30208000.0,7817000.0,0.05,20346000.0,0.6735301906779662,1071405000.0,348697000.0,41265000.0,41495000.0,711575000.0,0.0,-159413000.0,437521000.0,1755214000.0,9.763047373726062,0.9944571635136763,1.2385232475114452,3.8054815498842833,0.004479102951831703,9.763047373726062,0.00568688574894536,14.483613612288135,55.15897629853757,1.2547311849542726,5.246091780131114,0.0,0.02377714441135397,0.02819475361791293,0.7301843595613929,0.001850840718495807,34.12534123703299,0.6735301906779662,0.25000000000000006,0.5131174028472618,-0.09578849143975052,-0.020735626559187734,0.07919164058770488,0.3770833333333333,0.17091072498502097,-0.01475109083032167,0.06404854318718402,0.013636275301287375,REIT—Retail,Real Estate,WSR
2017Q1,2017,Q1,2017-05-05,2017-03-31,1440000.0,28267000.0,6676000.0,0.04,18853000.0,0.6669614745109138,856834000.0,256550000.0,37115000.0,26927000.0,588605000.0,0.0,-148828000.0,407117440.0,1511412440.0,8.721444112047864,1.3783562966539162,1.296398135461478,4.329752484895732,0.004641004434765788,8.721444112047864,0.005612940947183785,14.402569781016734,70.68011111111112,1.5868931592282207,6.0875,0.0,0.02153187050891261,0.03299005408282118,1.0287072455156534,0.001680605578210015,461.06165345413365,0.6669614745109138,3.0,-0.2824349308831937,0.07135643558829545,-0.14646965810613033,0.0067820143116522486,1.874251497005988,0.28979907264296756,-0.54962047016663,0.1789838325573802,-0.10414454490279991,REIT—Retail,Real Estate,WSR
2016Q4,2016,Q4,2017-03-03,2016-12-31,501000.0,28365000.0,5176000.0,0.01,18726000.0,0.6601797990481227,855209000.0,255687000.0,34074000.0,37421000.0,587566000.0,0.0,-141695000.0,414632920.0,1498504920.0,8.867552195324963,0.9105582426979504,1.2722504089643585,4.2553590913890815,0.003586319604174524,8.867552195324963,0.0019594269556136995,14.617765556143134,206.9026546906188,1.6216425551553268,17.20359281437126,0.0,0.02078706148079125,0.033167331026684704,0.6583469175062131,0.0005858217114179107,37.063816930365604,0.6601797990481227,-0.6666666666666666,-0.640621478646823,0.1270382019518567,-0.11108826714450594,0.0893542757417103,-0.4720758693361433,-0.06282817309433279,-0.7061903525317637,0.22025423616994713,-0.12387838150240396,REIT—Retail,Real Estate,WSR
2016Q3,2016,Q3,2016-11-02,2016-09-30,949000.0,25508000.0,5523000.0,0.03,17190000.0,0.673906225497883,858487000.0,250265000.0,35306000.0,40567000.0,596304000.0,0.0,-133779000.0,391346600.0,1481902600.0,8.876219187799256,0.8703133088470925,1.280557539019228,4.392711725570895,0.0037787160330343596,8.876219187799256,0.0037919805006692907,15.342112278500862,103.09446786090624,1.563728847421733,8.690200210748156,0.0,0.02107339120871371,0.0297127388067612,0.6461409520053245,0.0011054331632278649,32.9471796598754,0.673906225497883,-0.4000000000000001,-0.371262481813814,0.11265970856431017,-0.15306575315120968,0.00280014000700035,-0.3605121293800539,-0.11034149484536082,-0.0661150560920256,-0.053927982913265414,-0.061188729918184456,REIT—Retail,Real Estate,WSR
2016Q2,2016,Q2,2016-07-29,2016-06-30,1484000.0,25129000.0,6208000.0,0.05,17142000.0,0.682160054120737,786023000.0,237930000.0,32181000.0,38351000.0,544482000.0,0.0,-126300000.0,404430520.0,1399609520.0,8.871695439800142,0.8391176240515241,1.273634486522659,4.207565250283697,0.0049740876650965155,8.871695439800142,0.006237128567225654,16.094174857734092,68.13182614555255,1.6997878367587105,5.339622641509434,0.0,0.019592982250696608,0.031969802410362035,0.6026179239133269,0.001887985466074148,38.74226650062266,0.682160054120737,-0.7222222222222223,3.405330975374601,-0.0014869327260705846,-0.3551325778958203,-0.008387805865679412,-0.7030218130878527,-0.12055531945034707,-0.03644846341049946,0.06972715002923299,-0.0673201404532066,REIT—Retail,Real Estate,WSR
2016Q1,2016,Q1,2016-04-29,2016-03-31,4997000.0,25435000.0,7059000.0,0.18,17287000.0,0.6796540200511106,782961000.0,235445000.0,30678000.0,32981000.0,543752000.0,0.0,-119765000.0,334412280.0,1342639280.0,8.849984964666968,0.930171917164428,1.2908356865795358,4.2926118626430805,0.005496270312055717,8.849984964666968,0.02122364034063157,13.147720857086691,16.73065239143486,1.4203413960797637,1.5709425655393237,0.0,0.02347401835841674,0.032485653819283464,0.5866407931839543,0.006382182509729092,58.91689217758985,0.6796540200511106,1.5714285714285712,4.562781252158789,-0.35218296170623775,-0.20970943964061683,0.02849833412660638,1.4363725012189177,0.12172254886381693,2.3288664214433954,0.15941743055080576,-0.08863984619174203,REIT—Retail,Real Estate,WSR
2015Q4,2015,Q4,2016-02-29,2015-12-31,2051000.0,25595000.0,6293000.0,0.07,16808000.0,0.6566907599140457,783877000.0,242974000.0,27949000.0,31885000.0,536886000.0,0.0,-116895000.0,318745400.0,1315652400.0,9.15501130369254,0.8765563744707543,1.2750648379784073,4.113584169499617,0.00483712565733006,9.15501130369254,0.008441232395235703,12.453424496972065,38.85243783520234,1.3118498275535653,3.8074110190151145,0.0,0.024499177086163438,0.03265180634206642,0.579833777638388,0.002616481922546522,31.301718550525386,0.6566907599140457,0.4000000000000001,-0.22309209571151045,-0.34434653604497273,-0.20009716570562885,0.0310391363022942,0.30636942675159234,0.1512989388949872,1.9614268985861278,0.1933146665027587,-0.07733613515134372,REIT—Retail,Real Estate,WSR
2015Q3,2015,Q3,2015-11-06,2015-09-30,1570000.0,24599000.0,5466000.0,0.05,16302000.0,0.6627098662547258,783628000.0,246254000.0,28613000.0,29662000.0,533173000.0,0.0,-111263000.0,305268280.0,1296544280.0,9.301027345520472,0.9646348863866226,1.2722056894342724,4.0484053050914905,0.004130445002349785,9.301027345520472,0.006375530955842342,12.409784137566568,48.60959872611465,1.2396480057176735,4.959235668789809,0.0,0.025505434105371184,0.031391170300193456,0.6800957453981525,0.0020035016615026517,26.69595802361172,0.6627098662547258,-0.1666666666666666,0.3467905695212294,-0.5291813270633169,-0.4134973580180343,0.10852713178294573,0.02346805736636245,0.0860321875620902,4.035684592690497,0.1069615928271718,-0.24670543671372266,REIT—Retail,Real Estate,WSR
2015Q2,2015,Q2,2015-08-07,2015-06-30,1534000.0,21970000.0,5033000.0,0.06,14706000.0,0.6693673190714611,685603000.0,250943000.0,27225000.0,23740000.0,431666000.0,0.0,-105140000.0,297754380.0,1098077380.0,10.973063973063972,1.146798652064027,1.1764446771673986,3.2141721426778194,0.004502080554818751,10.973063973063972,0.006112941982840725,13.552771051433773,48.52581160365059,1.1865418840135011,4.375488917861799,0.0,0.02254206974218146,0.032044783934726075,0.8215248525695029,0.002237446452247146,42.228673946957876,0.6693673190714611,0.0,0.3260643724050075,-0.5974640122287304,-0.14878162988623003,0.030914826498422712,-0.037641154328732745,-0.03508435582822086,0.8280619596797616,0.02705512586611732,0.10063284597249832,REIT—Retail,Real Estate,WSR
2015Q1,2015,Q1,2015-05-07,2015-03-31,1594000.0,21252000.0,5216000.0,0.06,14265000.0,0.6712309429700734,639355000.0,206516000.0,23976000.0,21798000.0,429740000.0,0.0,-99006000.0,358522760.0,1161250760.0,9.147185188466137,1.0999174236168456,1.2622846462450439,3.9079199674601486,0.004896702620976182,9.147185188466137,0.007718530283367875,16.870071522680217,56.23004391468006,1.736053187162254,4.164993726474279,0.0,0.01851765282628082,0.033239749434977435,0.8038810900082577,0.002493137615252872,47.73302622819864,0.6712309429700734,-0.5,0.06782707167626449,-0.5992494700814686,-0.31912678516406917,0.18914638212737578,-0.44226731980405876,0.4643458731049972,0.034914562527532826,0.04947344722646259,-0.10480420432978003,REIT—Retail,Real Estate,WSR
2014Q4,2014,Q4,2015-03-02,2014-12-31,2858000.0,17993000.0,3562000.0,0.12,11996000.0,0.6667037181125993,634297000.0,210072000.0,23350000.0,22509000.0,420974000.0,0.0,-93938000.0,340942040.0,1124892040.0,9.310051409324588,1.03736283264472,1.2426134760214853,3.7519802734300622,0.0031581464310485815,9.310051409324588,0.013604859286339921,18.948593341855165,29.823481455563332,1.6229770745268288,2.3086074177746676,0.0,0.019352262924220202,0.028366837617078436,0.7571638011462082,0.0045057756855227124,59.058035683353545,0.6667037181125993,1.3999999999999997,-0.41859512584561337,-0.6709662258928388,-0.2990229702820991,-0.011535926170072512,1.5911151405258386,-0.09271523178807947,1.6197836001163315,-0.08641653171967933,-0.06673073369677797,REIT—Retail,Real Estate,WSR
2014Q3,2014,Q3,2014-11-07,2014-09-30,1103000.0,18928000.0,3926000.0,0.05,12136000.0,0.6411665257819104,545472000.0,212259000.0,24271000.0,21738000.0,329865000.0,0.0,-90289000.0,313399080.0,611221080.0,9.441286362423272,1.116524059251081,0.5574804939575267,1.4326365430912236,0.007132547331375423,9.441286362423272,0.005196481656843762,16.557432375316992,71.03333635539438,1.4764937175808799,5.968268359020852,0.0,0.021005166958371416,0.034700222926199696,0.8247768883981967,0.0020221019594039657,41.03693596962158,0.6411665257819104,0.0,-0.7320802843050924,-0.6743075428439561,-0.2920976459500782,0.07579115326655439,-0.11971268954509177,0.035610656818781325,-0.08353510951783344,0.035446909374710824,-0.09914924525142886,REIT—Retail,Real Estate,WSR
2014Q2,2014,Q2,2014-08-07,2014-06-30,1253000.0,17674000.0,3791000.0,0.05,11281000.0,0.6382822224736902,505125000.0,214161000.0,21302000.0,19014000.0,286944000.0,0.0,-84911000.0,331523850.0,854727850.0,9.63170676860805,1.1203323866624593,1.0457728285077952,2.466583551627047,0.004888665121934807,9.63170676860805,0.005850738463118868,18.757714722190787,66.14601955307263,1.5480122431254992,5.202713487629689,0.0,0.01966374364921257,0.03498935906953724,0.8593667823708846,0.0024805741153179905,53.043816,0.6382822224736902,-0.5454545454545454,2.9350898765124946,-0.6819733005588104,-0.2829637160420175,-0.04535838199204536,-0.4717537942664418,-0.23445072697899838,3.4496129011532655,-0.15293089212914587,-0.29988873530631766,REIT—Retail,Real Estate,WSR
2014Q1,2014,Q1,2014-05-08,2014-03-31,2372000.0,17787000.0,4952000.0,0.11,11817000.0,0.6643616124135605,504692000.0,212454000.0,19897000.0,18974000.0,287340000.0,0.0,-79598000.0,315124120.0,840980120.0,9.735325115703615,1.048645514915147,1.0487544878856807,2.4913534223879052,0.00645319582043637,9.735325115703615,0.01116476978545944,17.716541294203633,33.212913153456995,1.4832581170512205,2.6935075885328836,0.0,0.020274550865862,0.03524327708780801,0.7866027195109097,0.004699896174300365,52.68753051329209,0.6643616124135605,0.8333333333333334,30.435168950190164,-0.42376214376695026,0.23181363698849827,0.10222926965768118,0.8810467882632831,0.2879063719115735,2.219065429357323,-0.44772445126587845,-0.13064987435719239,REIT—Retail,Real Estate,WSR
2013Q4,2013,Q4,2013-12-31,2013-12-31,1261000.0,17190000.0,3845000.0,0.06,10721000.0,0.6236765561372891,507974000.0,215818000.0,21481000.0,19191000.0,287059000.0,0.0,-75721000.0,285088510.0,807151510.0,10.121371289218215,1.1193267677557188,1.0405138845688953,2.4490728298844395,0.00487198056087119,10.121371289218215,0.0058428861355401315,16.584555555555557,56.52032315622522,1.3209672501830245,4.7208564631245045,0.0,0.020881234392785598,0.03384031466177403,0.9013079047470168,0.0024824105170737085,31.133396308834772,0.6236765561372891,1.0,3.1558958518970126,-0.4306105720941256,0.2542884723430294,0.1317428480945846,1.0537459283387622,0.16479854589518328,-0.4054730064921068,-0.4519152549483273,-0.1156631802381418,REIT—Retail,Real Estate,WSR
2013Q3,2013,Q3,2013-09-30,2013-09-30,614000.0,16291000.0,3301000.0,0.03,9473000.0,0.5814867104536247,454632000.0,161071000.0,28426000.0,18614000.0,288234000.0,0.0,-69879000.0,250940280.0,773954280.0,9.454742897393755,1.527130117116149,1.1713209804853155,3.306119661515729,0.004168480689131162,9.454742897393755,0.00381198353521118,15.403614265545393,102.17438110749185,1.5579482340086048,8.192182410423452,0.0,0.020044609817124616,0.03583337732495733,1.0501772859138283,0.0013505428566400958,38.92357375523499,0.5814867104536247,-0.5,2.184786868881539,-0.28845585677720836,0.1408745163273522,0.00402755696873344,-0.3670103092783505,-0.09784094014758131,-0.18143433049056623,-0.5154164010415121,-0.4038043882053161,REIT—Retail,Real Estate,WSR
2013Q2,2013,Q2,2013-06-30,2013-06-30,970000.0,14795000.0,3659000.0,0.06,9435000.0,0.6377154444068942,451491000.0,160668000.0,24042000.0,15517000.0,285266000.0,0.0,-65555000.0,263837420.0,790619420.0,9.512047836125747,1.5493974350712123,1.1800943983379513,3.316167500684642,0.004922970125633778,9.512047836125747,0.006037294296312894,17.832877323420075,67.99933505154638,1.6421279906390818,5.155670103092784,0.0,0.018954854849626713,0.03276920248687128,1.0170780434362312,0.0021484370674055516,60.6941384863124,0.6377154444068942,0.0,-0.7868215978722736,-0.3572479052979159,0.10987507011756359,0.047634910059960026,0.022128556375131718,0.04872456291200917,0.1352794958176201,-0.6329870076578246,-0.2621176842323357,REIT—Retail,Real Estate,WSR
2013Q1,2013,Q1,2013-03-31,2013-03-31,949000.0,13869000.0,3489000.0,0.06,9006000.0,0.6493618862210686,405831000.0,163325000.0,21075000.0,16481000.0,236567000.0,0.0,-61697000.0,250434910.0,681461910.0,9.710743801652892,1.2787452217705237,1.0690903356323198,2.6564824735955916,0.005480989945789143,9.710743801652892,0.005810500535741619,18.057171389429662,65.97336933614332,1.5333531914893619,5.269757639620654,0.0,0.019969260675358716,0.03417432379488013,0.8256173775863115,0.002338411801956972,63.67528858377829,0.6493618862210686,1.7500000000000002,5.65053103245036,-0.4228254094389587,0.0848911879824345,0.07137758743754462,1.7055762081784387,-0.18328651685393257,-0.14661523627957515,-0.6489366371543107,-0.27717814667003554,REIT—Retail,Real Estate,WSR
2012Q4,2012,Q4,2013-03-13,2012-12-31,-1345000.0,13523000.0,4272000.0,-0.08,8406000.0,0.6216076314427272,385371000.0,166031000.0,25462000.0,18852000.0,212484000.0,0.0,-57830000.0,235098650.0,609770650.0,9.922368971493457,1.3506259282834712,0.9892181819597219,2.2960531467015195,0.008228929106312656,9.922368971493457,-0.008100896820473285,17.385095762774533,-43.698633828996286,1.4159924953773693,-3.7189591078066915,0.0,0.021276174916359577,0.0350908604954706,0.8776787608741778,-0.0034901432645424797,2.6123813809809544,0.6216076314427272,-9.0,-0.8734592130696875,-0.43005320807560904,0.06785799319344872,0.19743589743589743,-9.251533742331288,1.114851485148515,-1.3689614634454175,-0.6665334878924402,-0.2529200512860398,REIT—Retail,Real Estate,WSR
2012Q3,2012,Q3,2012-11-08,2012-09-30,163000.0,11618000.0,2020000.0,0.01,7020000.0,0.6042348080564641,365886000.0,170909000.0,27968000.0,186788000.0,186788000.0,0.0,-51686000.0,181607040.0,341084040.0,12.347131917352984,0.14973124611859434,0.4586565214301722,0.9819026499482181,0.004119392915969732,12.347131917352984,0.0009537239115552721,15.631523498020313,278.5384049079754,1.0625949481888022,66.05521472392638,0.0,0.059287349212893956,0.03175305969618952,0.12007195323040024,0.0004454939516680059,-2.5518434105695054,0.6042348080564641,-0.7272826442674811,-0.7753021642926987,-0.6470621818619042,-0.26104985589174684,0.04386617100371747,-0.6218097447795824,-0.0814006366530241,-0.9356937974348488,-0.6753088554257617,-0.07421897668024095,REIT—Retail,Real Estate,WSR
2012Q2,2012,Q2,2012-08-09,2012-06-30,431000.0,10987000.0,2199000.0,0.036668,6725000.0,0.6120870119231819,278637000.0,117105000.0,18624000.0,150740000.0,153133000.0,0.0,-46639000.0,162212260.0,298400260.0,9.969776945343096,0.12355048427756402,0.5026288683843136,1.1959438111096878,0.007458919252967297,9.969776945343096,0.003680457708893728,14.764017475197962,94.09063805104408,1.3851864565987788,0.5986078886310905,0.0,0.001590508633564442,0.03943123131529553,0.1137256202733183,0.0015468153906336918,-22.75066760168303,0.6120870119231819,-0.4618647177093882,-0.09452970072038598,-0.5943545758368914,-0.41744751576313843,-0.0057658190419869896,-0.45649432534678436,-0.14734393175649477,1.562288293706142,-0.6257558734528336,-0.2577959457738048,REIT—Retail,Real Estate,WSR
2012Q1,2012,Q1,2012-05-10,2012-03-31,793000.0,10426000.0,2579000.0,0.068139,6764000.0,0.6487627086130827,274742000.0,118775000.0,27039000.0,143906000.0,146183000.0,0.0,-43692000.0,151576960.0,277496960.0,10.21808327598073,0.18789348602560005,0.4884873808882515,1.1299347505788255,0.00947800039122381,10.21808327598073,0.006676489160176805,14.538361787838097,47.785926860025214,1.2761688907598399,0.37957124842370743,0.0,0.0019857899248012364,0.03794832970568752,0.14879157227634707,0.0028863442793602727,-316.44459290187893,0.6487627086130827,0.41956250000000006,2.622471498249499,-0.6098411595123,-0.4171851495148024,0.05292652552926526,0.4110320284697509,1.9440639269406392,19.474976169993116,-0.3658738645339484,0.2928971732987132,REIT—Retail,Real Estate,WSR
2011Q4,2011,Q4,2012-02-29,2011-12-31,562000.0,10146000.0,876000.0,0.048,6424000.0,0.6331559235166568,273493000.0,115958000.0,26605000.0,140554000.0,142786000.0,0.0,-41060000.0,138325600.0,260520600.0,9.975739848589125,0.18928667985258335,0.46761708709180855,1.102899325617896,0.0034008489296209516,9.975739848589125,0.004846582383276703,13.63351074315001,61.532740213523134,1.1928939788544128,6.44661921708185,0.0,0.02619182566350697,0.03709784162665955,0.1556341335002917,0.0020548972002939745,-4.145953722575231,0.6331559235166568,-0.040000000000000036,1.648715030861518,-0.595173077100027,-0.444268286263545,0.24375605033881897,-0.02768166089965398,1.5614035087719298,2.762551078008365,-0.38351702699230644,0.23624113152604356,REIT—Retail,Real Estate,WSR
2011Q3,2011,Q3,2011-11-07,2011-09-30,578000.0,8779000.0,342000.0,0.05,5165000.0,0.5883358013441167,248690000.0,113157000.0,50963000.0,115637000.0,115637000.0,0.0,-38413000.0,120278580.0,189852580.0,10.480411225340372,0.4407153419753193,0.4110901121878644,0.9034703995333917,0.0013378341453558057,10.480411225340372,0.005107947365165213,13.700715343433194,52.02360726643599,1.062935390651926,6.278546712802768,0.0,0.030171623243307327,0.03530097712010937,0.40333111374387093,0.0023241786963689734,-4.7872071641791045,0.5883358013441167,3.5000000000000004,-0.7083457848190853,-0.6430679899137016,-0.42601351277477223,0.04703020474356375,3.9489795918367347,-0.7135678391959799,2.7598037123349934,-0.39498842490338054,0.26463873395414145,REIT—Retail,Real Estate,WSR
2011Q2,2011,Q2,2011-08-08,2011-06-30,-196000.0,7995000.0,1194000.0,-0.02,4933000.0,0.617010631644778,252128000.0,117213000.0,79170000.0,112522000.0,114414000.0,0.0,-35799000.0,108374400.0,153648400.0,13.757394366197182,0.7035957412772613,0.4087209671278081,0.8791686928924266,0.007024904457908251,13.757394366197182,-0.0016721694692568231,13.555272045028143,-138.23265306122448,0.9245936884134013,-13.448979591836734,0.0,0.024323087371187293,0.031710083766975504,0.6633902703471322,-0.0007773829166137834,-13.096604229607252,0.617010631644778,-1.6666666666666667,-1.0879578188390533,-0.6039830928323109,-0.2391608971001765,-0.03501564945226917,-2.0594594594594593,-0.28028933092224234,-1.085397136211525,-0.3114067417083144,0.6052262667170443,REIT—Retail,Real Estate,WSR
2011Q1,2011,Q1,2011-05-16,2011-03-31,185000.0,8086000.0,1659000.0,0.03,5112000.0,0.6322038090526837,195394000.0,61356000.0,30596000.0,111105000.0,112920000.0,0.0,-32035000.0,78403394.2,163829394.2,11.198393867494069,0.2753791458530219,0.5310296119635198,1.6911141534650238,0.008266490018449379,11.198393867494069,0.003015190038464046,9.696190230027208,105.95053270270269,1.2778439631005931,11.518918918918919,0.0,0.027179945737604305,0.04138305168019489,0.23383286080734442,0.0009468049172441324,45.111273993095516,0.6322038090526837,-0.696969696969697,-0.8548319404518548,-0.35507439119537026,-0.35202467517795394,0.05380333951762523,-0.6605504587155964,-0.01950354609929078,3.7829597990747286,0.03298653973352796,0.25109250893149176,REIT—Retail,Real Estate,WSR
2010Q4,2010,Q4,2011-03-01,2010-12-31,545000.0,8059000.0,1692000.0,0.099,4851000.0,0.6019357240352401,196445000.0,62708000.0,23064000.0,110366000.0,112162000.0,0.0,-30654000.0,81089200.0,164439200.0,11.44515422522358,0.20897740246090282,0.5138384789635776,1.6096989219876252,0.009718118803220726,11.44515422522358,0.008691076098743382,10.061943169127684,37.19688073394495,1.2931236843783889,3.910091743119266,0.0,0.026279701859187165,0.04102420524828832,0.20220901364550678,0.0027743134210593294,-13.252034646184017,0.6019357240352401,1.475,-0.09804930436687646,-0.24941057019351962,-0.30086120910422387,0.0002061855670103093,2.07909604519774,-0.03699487763232783,3.318413895529578,0.03732520808617753,0.23174208274752553,REIT—Retail,Real Estate,WSR
2010Q3,2010,Q3,2010-11-02,2010-09-30,177000.0,7933000.0,1757000.0,0.04,4850000.0,0.6113702256397328,198365000.0,63751000.0,39706000.0,112728000.0,112728000.0,0.0,-29632000.0,48159600.0,123209600.0,15.858457711442787,0.352228372720176,0.5125248909837925,1.594751454879139,0.008953725942863104,15.858457711442787,0.002776427036438644,6.070792890457582,68.0220338983051,0.7554328559552007,9.706214689265536,0.0,0.035673053762905006,0.03999193406094825,0.3135157192534242,0.0008922945075996269,56.195565927654606,0.6113702256397328,-0.3333333333333333,-0.7174914075008236,0.04384053963292404,0.0899330668619839,0.011892343000208638,0.06626506024096386,-0.0028376844494892167,-0.15984901076015284,-0.1701930450247163,-0.05090431610796643,REIT—Retail,Real Estate,WSR
2010Q2,2010,Q2,2010-08-02,2010-06-30,166000.0,7832000.0,1762000.0,0.06,4793000.0,0.611976506639428,176292000.0,42304000.0,19848000.0,111642000.0,111642000.0,0.0,-28036000.0,37739170.5,134666170.5,12.89100935591576,0.17778255495243725,0.5719885190479432,2.383628025718608,0.00886961443228743,12.89100935591576,0.003923978819969743,4.8185866317671096,56.836100150602405,0.8920946128025719,10.75301204819277,0.0,0.04729833688315963,0.04442629274158782,0.1305422690385339,0.0009416195856873823,19.717434952978056,0.611976506639428,0.5724506643604055,-0.7776021995216553,0.24916807422208118,-0.07255404358388166,0.007779646761984861,-0.2350230414746544,-0.03293084522502744,0.24824695103667416,0.03498873349825643,-0.24675450957635087,REIT—Retail,Real Estate,WSR
2010Q1,2010,Q1,2010-05-17,2010-03-31,217000.0,7709000.0,1822000.0,0.038157,4756000.0,0.6169412375145933,177587000.0,44092000.0,16378000.0,110312000.0,110312000.0,0.0,-26486000.0,37743000.0,134550000.0,13.434491163924436,0.1484697947639423,0.5719393874551628,2.3035698085820555,0.01090788255311113,13.434491163924436,0.004921527714778191,4.89596575431314,43.48271889400922,0.8560056246031026,8.170506912442397,0.0,0.04697559812415547,0.04340970904401786,0.13906012038581478,0.0012219362903816157,38.71076923076923,0.6169412375145933,-0.826559090909091,-0.7367923109392512,0.22120063871850765,0.021205508877044105,0.00507185122569738,-0.6965034965034965,-0.39387890884896876,2.572463768115942,0.021736249171636926,-0.23372899323960308,REIT—Retail,Real Estate,WSR
2009Q4,2009,Q4,2010-03-11,2009-12-31,715000.0,7954000.0,3006000.0,0.22,4732000.0,0.5949207945687705,182000000.0,43590000.0,23602000.0,115141000.0,115141000.0,0.0,-26372000.0,37743000.0,133250000.0,13.281535648994515,0.20498345506813384,0.5592417582417583,2.33498508832301,0.019628150534812004,13.281535648994515,0.016402844689148887,4.745159668091526,13.196853146853147,0.8658637302133517,0.7104895104895105,0.0,0.013459449434332194,0.0437032967032967,0.16452870827941393,0.003928571428571429,16.849553571428572,0.5949207945687705,1.081775944132704,-0.23174783277675343,0.330404458678096,0.09442890244372745,-0.09348659003831418,0.1896838602329451,0.5575129533678757,3.9230800678645164,0.12402802806424128,-0.26010795396679903,REIT—Retail,Real Estate,WSR
2009Q3,2009,Q3,2009-11-16,2009-09-30,601000.0,8484000.0,1930000.0,0.105679,5220000.0,0.6152758132956153,184914000.0,43772000.0,20953000.0,116005000.0,117651000.0,0.0,-25991000.0,37743000.0,133483000.0,13.336989640463132,0.18062152493427008,0.5541008252484939,2.340788632002193,0.012464886706678915,13.336989640463132,0.013730238508635657,4.448727015558699,15.70008319467554,0.8622635474732706,2.9484193011647255,0.0,0.046949103144954034,0.045880787825691945,0.18062152493427008,0.003250159533621035,24.94580304031725,0.6152758132956153,6.442183098591548,-0.24620216331199452,0.43241706365982885,0.09079339918978963,0.057750759878419454,11.787234042553191,0.20625,-0.002347223006105375,0.13476421876017786,-0.26956570030580385,REIT—Retail,Real Estate,WSR
2009Q2,2009,Q2,2009-08-13,2009-06-30,47000.0,8203000.0,1600000.0,0.0142,4935000.0,0.6016091673777886,187355000.0,44086000.0,22671000.0,117836000.0,119495000.0,0.0,-25490000.0,37743000.0,133134000.0,13.432663010359537,0.19239451440985778,0.5839662672466708,2.4817175520573427,0.00620991882055899,13.432663010359537,0.0010660980810234541,4.601121540899671,200.76063829787233,0.856122124937622,36.04255319148936,0.0,0.044882494767241606,0.04378319233540605,0.19239451440985778,0.0002508606655813829,24.912871287128713,0.6016091673777886,4.845112374763065,-0.9508635983945988,0.3456934365004294,0.08698468854619289,0.06887589343729694,3.238095238095238,0.08108108108108109,-0.945245822955281,0.05479725081491867,-0.257119843895074,REIT—Retail,Real Estate,WSR
2009Q1,2009,Q1,2009-05-15,2009-03-31,-21000.0,8044000.0,1480000.0,-0.003693,4617000.0,0.5739681750372949,187670000.0,44946000.0,21626000.0,116700000.0,118362000.0,0.0,-24436000.0,65400856.5,160612856.5,7.903245120344869,0.1853127677806341,0.5861032663718229,2.4472478084812885,0.0013645835254199787,7.903245120344869,-0.0004672273394740355,8.130389917951268,-778.581625,1.4550984848484847,-80.33333333333333,0.0,0.025794769216822108,0.0428624713593009,0.1853127677806341,-0.00011189854531891085,-11.678724375,0.5739681750372949,0.865366387167335,-1.0163967772536624,-0.1538730710976782,-0.36469471904684164,0.03729498988991238,0.8653846153846154,0.0755813953488372,-1.0158757533455673,-0.38189301406949805,-0.5426926499818051,REIT—Retail,Real Estate,WSR
2008Q4,2008,Q4,2009-03-16,2008-12-31,-156000.0,8052000.0,1376000.0,-0.02743,4451000.0,0.5527819175360159,177945000.0,45891000.0,21945000.0,110773000.0,110773000.0,0.0,-23307000.0,65400856.5,152414856.5,8.069412668930413,0.19810784216370414,0.5619882547978308,2.1791418796713953,0.013907473570897656,8.069412668930413,-0.0033993593515068313,8.122312034277199,-104.80906490384616,1.4251346996143035,-10.628205128205128,0.0,0.025351349947534706,0.04524993677821799,0.19810784216370414,-0.0008766753772232993,-28.410450260642918,0.5527819175360159,0.09829059829059827,-1.1210426263938316,-0.05477548064397396,-0.35899354643399956,0.03632130384167637,0.09826589595375723,0.0724863600935308,-1.2487291001999339,-0.27749516216523185,-0.507071787275557,REIT—Retail,Real Estate,WSR
2008Q3,2008,Q3,2008-11-14,2008-09-30,-173000.0,7643000.0,1283000.0,-0.03042,4295000.0,0.561952113044616,167547000.0,47130000.0,9635000.0,98559000.0,98559000.0,0.0,-21995000.0,65400856.5,148776856.5,8.287276788187016,0.0977587029089175,0.5290038019182677,1.8806068321663485,0.012018832970049428,8.287276788187016,-0.00367069806917038,8.556961468009943,-94.50990823699422,1.387669350732018,-12.341040462427745,0.0,0.03264483241133088,0.045617050738001874,0.0977587029089175,-0.0010325460915444622,39.37438681517158,0.561952113044616,-1.1129238821760676,-1.12954360519643,-0.12381367848544832,-0.34929426718612605,-0.0737545827043347,-1.1129242819843341,0.8979289940828402,-1.1951843333472814,-0.28911226344573726,-0.43042525508862794,REIT—Retail,Real Estate,WSR
2008Q2,2008,Q2,2008-08-14,2008-06-30,1532000.0,7750000.0,676000.0,0.269385,4637000.0,0.5983225806451613,169009000.0,48740000.0,12899000.0,97911000.0,97911000.0,0.0,-20732000.0,65400856.5,145833856.5,8.570377056147574,0.13174209230832082,0.5235697507233342,1.815510874025441,0.005293831957260806,8.570377056147574,0.031432088633565856,8.438820193548388,10.672463528067887,1.3418312782109152,1.6370757180156659,0.0,0.03834812163354466,0.04585554615434681,0.13174209230832082,0.009064606026897976,340.6294609375,0.5983225806451613,23.20267040303305,-0.1579839316872129,-0.1846779246368391,-0.33432894957681325,-0.04998975619750051,23.202898550724637,-0.477992277992278,0.1843773115755259,-0.2867220244983323,-0.3834027013534125,REIT—Retail,Real Estate,WSR
2008Q1,2008,Q1,2008-05-15,2008-03-31,-69000.0,8125000.0,1295000.0,-0.012133,4881000.0,0.6007384615384616,175147000.0,50904000.0,15662000.0,97339000.0,97339000.0,0.0,-20779000.0,65400856.5,143421856.5,8.950891950474686,0.16090159134570933,0.5054725459185713,1.7391953481062392,0.01909079753036837,8.950891950474686,-0.0013554926921263554,8.049336184615385,-236.95962500000002,1.2847881600660065,-34.36231884057971,0.0,0.03625334784415247,0.046389604161076126,0.16090159134570933,-0.00039395479226021573,-31.38236876199616,0.6007384615384616,0.7171794871794872,-1.0437726583358327,-0.15318035410180483,0.0,-0.41628796938531454,0.7172131147540983,0.028594122319301033,-1.0482993081803296,-0.2572112321835101,-0.3196094993360515,REIT—Retail,Real Estate,WSR
2007Q4,2007,Q4,2008-03-31,2007-12-31,-244000.0,8064000.0,1259000.0,-0.0429,8362000.0,1.0369543650793651,175144000.0,52843000.0,16908000.0,94262000.0,94262000.0,0.0,-19210000.0,65400856.5,138050856.5,9.291843142757617,0.1793723876005177,0.47652788562554244,1.5794144919856934,,9.291843142757617,-0.004617451696535019,8.110225260416666,-67.00907428278688,1.2376446549211817,-9.807377049180328,0.0,0.03658973487602567,0.046042113917690586,0.17421654537353334,-0.0013931393596126615,-10.794001732959234,1.0369543650793651,-1.8230847451123346,-1.1952736743995016,-0.12339978452916815,-0.2866292149305276,0.8892905558065973,-2.4186046511627906,-0.09489575844716032,-1.1513005684545206,-0.2216021902153545,-0.23433088152141782,REIT—Retail,Real Estate,WSR
2007Q3,2007,Q3,2007-11-14,2007-09-30,172000.0,7805000.0,1391000.0,0.052121,4426000.0,0.5670723894939141,176217000.0,54839000.0,25844000.0,90564000.0,92183000.0,0.0,-17444000.0,37743000.0,101473000.0,16.70901889092017,0.2853672540965505,0.47447181599959143,1.5246448695271613,,16.70901889092017,0.003136453983478911,4.835746316463805,54.85901162790697,0.688251062200259,13.790697674418604,0.0,0.06284609066581882,0.04429198090990086,0.278675853540038,0.0009760692782194681,23.842703727100442,0.5670723894939141,0.2932287919013474,-0.8214014998120562,0.5265715374306346,0.0,-0.047557564019797716,0.2932330827067669,0.007971014492753623,-0.7842708354237322,0.31777642407649287,0.3665818152738936,REIT—Retail,Real Estate,WSR
2007Q2,2007,Q2,2007-08-14,2007-06-30,133000.0,7568000.0,1380000.0,0.040303,4647000.0,0.6140327695560254,169360000.0,56168000.0,17965000.0,83229000.0,83229000.0,0.0,-16115000.0,37743000.0,101548000.0,17.1139549055454,0.21585024450612167,0.4459081247047709,1.3445200113943883,,17.1139549055454,0.0023678963110667995,4.987182875264271,70.94548872180451,0.6719662441247686,17.533834586466167,0.0,0.06178629149776118,0.04468587623996221,0.21214961131336432,0.0007853094000944733,21.39625850340136,0.6140327695560254,1.9584998097412483,-0.8790567151258218,0.45134874943905995,0.0,-0.022095959595959596,1.963768115942029,0.4727854855923159,-0.8609544380102475,0.24152236101856028,0.38487855523890935,REIT—Retail,Real Estate,WSR
2007Q1,2007,Q1,2007-05-15,2007-03-31,-138000.0,7545000.0,937000.0,-0.042048,4752000.0,0.6298210735586481,170617000.0,57541000.0,18481000.0,82322000.0,82322000.0,0.0,-14743000.0,37743000.0,100987000.0,17.532297379646558,0.22449648939530137,0.4434259188709214,1.314818998627066,,17.532297379646558,-0.002398289915017118,5.002385685884692,-68.375,0.6559322917571818,-17.463768115942027,0.0,0.0638528998754736,0.04422185362537145,0.2214839289618814,-0.0008088291319153425,-13.055344171566931,0.6298210735586481,0.4327037236913114,-1.1516980285851852,0.36261704826264957,0.0,0.14123695965059704,0.43582510578279265,2.3507726087749474,-1.1867090234576887,0.375212205541458,0.4093402068294499,REIT—Retail,Real Estate,WSR
