Quarters,Year,Quarter,FillingDate,Date,NetIncome,Revenue,OperatingIncome,EPSDiluted,GrossProfit,GrossProfitRatio,TotalAssets,CommonStockEquity,CurrentAssets,CurrentLiability,TotalLiability,Inventory,RetainedEarnings,MarketCap,EnterpriseValue,bookValuePerShare,currentRatio,debtToAssets,debtToEquity,roic,shareholdersEquityPerShare,roe,priceToSalesRatio,peRatio,pbRatio,payoutRatio,inventoryTurnover,dividendYield,assetTurnover,quickRatio,returnOnAssets,priceToFreeCashFlowsRatio,grossProfitMargin,epsdilutedGrowth,fiveYNetIncomeGrowthPerShare,fiveYRevenueGrowthPerShare,fiveYShareholdersEquityGrowthPerShare,grossProfitGrowth,netIncomeGrowth,operatingIncomeGrowth,threeYNetIncomeGrowthPerShare,threeYRevenueGrowthPerShare,threeYShareholdersEquityGrowthPerShare,Industry,Sector,Symbol
2023Q1,2023,Q1,2023-05-15,2023-03-31,576067.0,0.0,-756466.0,0.33,0.0,0.0,158496202.0,155873353.0,127212.0,2622849.0,2622849.0,0.0,-1308073.0,157222512.95029998,157206379.95029998,10.092742388470214,0.04850145776596365,0.0,0.0,-0.0030408037714075766,10.092742388470214,0.0036957375260927377,0.0,68.23100132028914,1.0086554880891028,0.0,0.0,0.0,0.0,0.006150945021997072,0.0036345792058790154,-916.5836668025021,0.0,32.0,0.0,0.0,0.0,0.0,1.4134121511223574,-0.07058235787787312,0.0,0.0,0.0,Shell Companies,Financial Services,ALPAU
2022Q4,2022,Q4,2023-03-17,2022-12-31,238694.0,0.0,-706593.0,0.01,0.0,0.0,156978800.0,149891850.0,285202.0,1681514.0,7086950.0,0.0,-6018111.0,154595471.03,154407807.03,9.70544226492144,0.16961024410144668,0.0,0.0,-0.0017863506843264982,9.70544226492144,0.00159244148364304,0.0,161.91805306166054,1.0313800985844128,0.0,0.0,0.0,0.0,0.11160418527588828,0.001520549271621391,-817.2390205002961,0.0,-0.75,0.0,0.0,0.0,0.0,-0.7161172618601626,-4.704218871092741,0.0,0.0,0.0,Shell Companies,Financial Services,ALPAU
2022Q3,2022,Q3,2022-11-10,2022-09-30,840819.0,0.0,-123872.0,0.04,0.0,0.0,155889384.0,149653156.0,529070.0,830792.0,6236228.0,0.0,-5372266.0,152467273.6366,152090441.6366,9.689986916041676,0.6368260647671138,0.0,0.0,-0.0012116174689547512,9.689986916041676,0.0056184515079655255,0.0,45.33296513179411,1.0188042652211091,0.0,0.0,0.0,0.0,0.45358164257720346,0.005393689925671911,-1456.716893293842,0.0,1.4449388209121246,0.0,0.0,0.0,0.0,3.423207276374263,0.5666932516195833,0.0,0.0,0.0,Shell Companies,Financial Services,ALPAU
2022Q2,2022,Q2,2022-08-10,2022-06-30,-346986.0,0.0,-285876.0,-0.0899,0.0,0.0,155277740.0,148812337.0,615711.0,1059967.0,6465403.0,0.0,-5644828.0,149962240.13000003,149410743.13000003,9.635544194441076,0.5808775178849908,0.0,0.0,-0.00827224615557769,9.635544194441076,-0.0023317018400161272,0.0,-108.0463189653185,1.00772720295361,0.0,0.0,0.0,0.0,0.5202963865856202,-0.002234615212714971,-3468.4577696826723,0.0,0.0,0.0,0.0,0.0,0.0,0.332613989129055,0.46579412567131717,0.0,0.0,0.0,Shell Companies,Financial Services,ALPAU
2022Q1,2022,Q1,2022-05-20,2022-03-31,-519918.0,0.0,-535142.0,0.0,0.0,0.0,155212812.0,149159323.0,756079.0,648053.0,6053489.0,0.0,-5297842.0,0.0,-594733.0,0.0,1.166693156269626,0.0,0.0,-0.003535951705555616,0.0,-0.0034856554021769058,0.0,0.0,0.0,0.0,0.0,,0.0,0.9177227788467919,-0.0033497105896129246,0.0,0.0,1.0,0.0,0.0,0.0,0.0,-1.717346197467243,-0.14485774370976678,0.0,0.0,0.0,Shell Companies,Financial Services,ALPAU
2021Q4,2021,Q4,2022-04-15,2021-12-31,-191333.0,0.0,-467431.0,-0.047,0.0,0.0,155422296.0,-4762268.0,973175.0,330007.0,5735443.0,0.0,-4762700.0,0.0,-774192.0,0.0,2.9489525979751945,0.0,0.0,0.05701559990563422,0.0,0.040176865308714255,0.0,0.0,0.0,0.0,0.0,,0.0,2.3459866002842364,-0.0012310524610960579,0.0,0.0,0.0,0.0,0.0,0.0,0.0,-1.2602835203780272,-4.196218151096091,0.0,0.0,0.0,Shell Companies,Financial Services,ALPAU
2021Q3,2021,Q3,2021-11-22,2021-09-30,-84650.0,0.0,-89956.0,0.0,0.0,0.0,155576361.0,150051314.0,1132678.0,119611.0,5525047.0,0.0,-4392801.0,0.0,-849646.0,0.0,9.46968088219311,0.0,0.0,-0.000581283676921134,0.0,-0.0005641403446823532,0.0,0.0,0.0,,0.0,,0.0,7.103410221467925,-0.0005441057976667805,0.0,0.0,0.0,0.0,0.0,0.0,0.0,-12.299293008641005,-13.132914375490966,0.0,0.0,0.0,Shell Companies,Financial Services,ALPAU
2021Q2,2021,Q2,2021-09-13,2021-06-30,-6365.0,0.0,-6365.0,0.0,0.0,0.0,315178.0,17424.0,0.0,297754.0,,0.0,-7576.0,0.0,0.0,0.0,0.0,0.0,0.0,-0.36530073461891643,0.0,-0.36530073461891643,0.0,0.0,0.0,,0.0,,0.0,0.0,-0.020194937463909282,0.0,0.0,0.0,0.0,0.0,0.0,0.0,0.0,0.0,0.0,0.0,0.0,Shell Companies,Financial Services,ALPAU
2021Q1,2021,Q1,2021-03-31,2021-03-31,,,,,,,82955.0,23789.0,0.0,59166.0,,0.0,-1211.0,0.0,0.0,0.0,0.0,0.0,0.0,,0.0,,0.0,0.0,0.0,0.0,0.0,,,0.0,,0.0,0.0,0.0,0.0,0.0,0.0,0.0,0.0,0.0,0.0,0.0,0.0,Shell Companies,Financial Services,ALPAU
