Quarters,Year,Quarter,FillingDate,Date,NetIncome,Revenue,OperatingIncome,EPSDiluted,GrossProfit,GrossProfitRatio,TotalAssets,CommonStockEquity,CurrentAssets,CurrentLiability,TotalLiability,Inventory,RetainedEarnings,MarketCap,EnterpriseValue,bookValuePerShare,currentRatio,debtToAssets,debtToEquity,roic,shareholdersEquityPerShare,roe,priceToSalesRatio,peRatio,pbRatio,payoutRatio,inventoryTurnover,dividendYield,assetTurnover,quickRatio,returnOnAssets,priceToFreeCashFlowsRatio,grossProfitMargin,epsdilutedGrowth,fiveYNetIncomeGrowthPerShare,fiveYRevenueGrowthPerShare,fiveYShareholdersEquityGrowthPerShare,grossProfitGrowth,netIncomeGrowth,operatingIncomeGrowth,threeYNetIncomeGrowthPerShare,threeYRevenueGrowthPerShare,threeYShareholdersEquityGrowthPerShare,Industry,Sector,Symbol
2023Q1,2023,Q1,2023-05-02,2023-03-31,-36986000.0,71220000.0,16890000.0,-0.4,45864000.0,0.6439764111,2819286000.0,1272511000.0,78807000.0,62828000.0,1379247000.0,0.0,-402663000.0,1251705165.18,2461545165.1800003,13.96838618740196,1.2543292799388808,0.758633568924898,1.6807752545950487,-0.04148706720474387,13.96838618740196,-0.029065367607824216,17.575191872788544,-8.460668666387281,0.9836497799861849,-0.7425512356026605,0.0,0.021941269209391313,0.025261715200231547,1.0693639778442732,-0.013118924436896435,57.88231977710983,0.6439764111204718,-3.2222222222222228,-13.029694348995962,-0.021888780692617207,-0.046907985721537086,-0.05413598960588999,-3.2699153062476984,-0.05689876598358367,-18.917596948758803,0.005701105679927264,-0.0033607995466267623,REIT—Office,Real Estate,DEA
2022Q4,2022,Q4,2023-02-28,2022-12-31,16294000.0,73506000.0,17909000.0,0.18,48489000.0,0.6596604359,2829385000.0,1244881000.0,76109000.0,67336000.0,1418403000.0,0.0,-382486000.0,1295326514.62,2539119514.62,13.714265607549477,1.1302869193299274,0.7734083555260242,1.7578146023595829,0.005772123337939982,13.714265607549477,0.013088801258915511,17.622051460016866,19.874286771510985,1.0405223588600034,1.680434515772677,0.0,0.021138299641795377,0.025979497311253152,0.9862926220743733,0.005758848654389558,58.45863862352197,0.6596604358827851,3.7607361963190185,3.5090961240016747,-0.017220543339482162,-0.09465017019185262,-0.011679099914394033,3.74217435207001,-0.09280178309102882,8.27478580906795,-0.014168420537756481,-0.045076372736666356,REIT—Office,Real Estate,DEA
2022Q3,2022,Q3,2022-11-01,2022-09-30,-5942000.0,75041000.0,19741000.0,-0.0652,49062000.0,0.6538025879,2961650000.0,1252809000.0,115509000.0,67673000.0,1542855000.0,0.0,77203000.0,1431485573.62,2790986573.62,13.80160463653028,1.7068698003635128,0.7814687758512991,1.8473981269291648,-0.043902264165403784,13.80160463653028,-0.004742941661498281,19.07604607641156,-60.22743073123527,1.1426207615207107,-4.607876135981151,0.0,0.019126982838367224,0.025337565208583053,1.0533299838931331,-0.002006314047912481,36.305398909939385,0.6538025879186045,-1.815,-4.34520660995927,-0.02425942712310865,-0.1568698645742177,-0.005936581906595077,-1.8256217868556344,-0.0065421971717578385,-9.518703564526703,0.02558645947306896,-0.05773344828761766,REIT—Office,Real Estate,DEA
2022Q2,2022,Q2,2022-08-02,2022-06-30,7197000.0,72757000.0,19871000.0,0.08,49355000.0,0.6783539728,2941050000.0,1273299000.0,108629000.0,56244000.0,1499055000.0,0.0,76561000.0,1727905723.04,3056444723.04,14.030634100422374,1.9313882369674988,0.8244732323489911,1.9043578923724906,0.004557040817447478,14.030634100422374,0.005652246644346693,23.74899628956664,60.02173555092399,1.357030613422299,3.8043629289981937,0.0,0.015845771927781367,0.02473844375308138,1.162417324514615,0.0024470852246646605,42.937868968739124,0.6783539728136124,0.18343195266272203,2.587272631520829,-0.019993012650618577,-0.07122685722103576,0.006875025500836428,0.17617257721849974,-0.0243531202435312,-0.04070072092752879,0.03728058654096848,-0.03922406431049099,REIT—Office,Real Estate,DEA
2022Q1,2022,Q1,2022-05-03,2022-03-31,6119000.0,72302000.0,20367000.0,0.0676,49018000.0,0.6779618821,2832334000.0,1281110000.0,110623000.0,56931000.0,1392989000.0,0.0,69364000.0,1905781950.52,3163315950.52,14.210789116042573,1.9431065675993746,0.4467435690847195,0.9876802148137163,0.005922933107535902,14.210789116042573,0.004776326779121231,26.358633931564825,77.86329263441739,1.4876021188812827,4.418205589148553,0.0,0.014185778175002337,0.025527356590006687,1.166956491191091,0.002160409047802978,79.03873384704711,0.6779618821056126,2.888268156424581,1.3099914729762412,-0.010018239966197816,-0.053464296380473786,0.009473207298488405,2.9662596401028276,0.14537172421549882,10.989741683853408,-0.02969816297123619,-0.11743056368358627,REIT—Office,Real Estate,DEA
2021Q4,2021,Q4,2022-02-28,2021-12-31,-3112000.0,71637000.0,17782000.0,-0.0358,48558000.0,0.6778340802,2826112000.0,1282669000.0,108777000.0,60890000.0,1384531000.0,0.0,62023000.0,1976347479.0000002,3190804479.0,14.875305983579015,1.7864509771719495,0.43366611089723267,0.9554990414518477,-0.0028353884950636796,14.875305983579015,-0.0024261910126462866,27.5883618660748,-158.76827434125966,1.5408086412004969,-8.318766066838046,0.0,0.013098911135353036,0.025348252298564248,1.147396945311217,-0.0011011594728022104,82.744294703789,0.6778340801541103,-1.3977777777777778,-2.1294500790161908,0.03632626465270806,-0.04615465113581499,0.03769714065905885,-1.3901215995988467,-0.019519188354653726,-4.719761754539253,0.04796269745905216,0.011638739569155792,REIT—Office,Real Estate,DEA
2021Q3,2021,Q3,2021-11-02,2021-09-30,7977000.0,69608000.0,18136000.0,0.09,46794000.0,0.6722503160556258,2555970000.0,1212846000.0,110856000.0,58776000.0,1185260000.0,0.0,55134000.0,1734648577.38,2839295577.38,14.44523039810548,1.8860759493670887,0.43846954385223613,0.92403734686844,0.0077718131216625574,14.44523039810548,0.006577092227702445,24.920247347718654,54.36406472922151,1.4302298703875018,3.175253854832644,0.0,0.014601804844100888,0.027233496480788117,1.1715155845923506,0.0031209286493972936,45.960695707169734,0.6722503160556258,-0.10000000000000009,2.7119295896206,0.0746842278711076,-0.056749758765859075,0.000620121886025874,-0.027313742226557736,-0.018189692507579038,1.6648951538051346,0.2707001895396399,-0.04180998898805603,REIT—Office,Real Estate,DEA
2021Q2,2021,Q2,2021-08-03,2021-06-30,8201000.0,68614000.0,18472000.0,0.1,46765000.0,0.6815664441659136,2543565000.0,1176570000.0,98083000.0,52112000.0,1209028000.0,0.0,47157000.0,1766876694.3999999,2930665694.3999996,14.037253238218954,1.8821576604237027,0.4607108526811778,0.9959866391289935,0.007865720668126373,14.037253238218954,0.006970261012944406,25.750964736059693,53.86162341177905,1.5017182950440686,2.9985367638092915,0.0,0.013917779366233968,0.026975524509890644,1.089979275406816,0.0032242148323317864,57.543614864028655,0.6815664441659136,0.25000000000000006,2.847114616542078,-0.09719748088978467,-0.2778522786659905,0.025076171061572523,0.17307967386639966,0.05626715462031107,2.2295856376071916,0.05240348863233761,-0.27273923460232175,REIT—Office,Real Estate,DEA
2021Q1,2021,Q1,2021-05-04,2021-03-31,6991000.0,65001000.0,17488000.0,0.08,45621000.0,0.7018507407578345,2507603000.0,1181061000.0,90011000.0,46756000.0,1180809000.0,0.0,38956000.0,1702354917.69,2812285917.69,14.382074076081967,1.9251219094875525,0.4451478164605801,0.9451281517212066,0.007612364869423654,14.382074076081967,0.005919253958940308,26.189672738727097,60.87665990881133,1.441377640689177,3.459590902589043,0.0,0.014207378114088596,0.025921567329437713,1.1136324749764737,0.0027879213735188544,65.44498376480087,0.7018507407578345,1.6666666666666667,2.044758043374235,-0.20282963878208415,-0.06923258923466243,0.03411460694532596,1.9952870608397602,0.09436795994993742,1.522441098347911,-0.00969080096918086,-0.018681201480689365,REIT—Office,Real Estate,DEA
2020Q4,2020,Q4,2021-02-24,2020-12-31,2334000.0,65203000.0,15980000.0,0.03,44116000.0,0.676594635216171,2457540000.0,1154570000.0,84453000.0,48549000.0,1157570000.0,0.0,31965000.0,1844168209.5,2893211209.5,14.180382443036578,1.739541494160539,0.4303116124254336,0.915932338446348,0.007223976731381082,14.180382443036578,0.0020215318257013433,28.28348710182047,197.5330130141388,1.597277089739037,10.224507283633248,0.0,0.01294025126182504,0.026531816369214742,1.106181383756617,0.0009497302180229009,50.42568657716286,0.676594635216171,-0.4000000000000001,5.590939003734085,-0.12811486210392,-0.09257279672365039,0.050005950255861,-0.4526266416510319,0.14831848232250647,-0.2799119716032773,-0.0280950030307782,-0.06387937941420749,REIT—Office,Real Estate,DEA
2020Q3,2020,Q3,2020-11-02,2020-09-30,4264000.0,61131000.0,13916000.0,0.05,42015000.0,0.6872944986995142,2396592000.0,1152855000.0,101816000.0,61109000.0,1096437000.0,0.0,29631000.0,1800306812.16,2691021812.16,14.350598673235428,1.6661375574792583,0.37542977694993557,0.7804554779222018,0.006779670925803137,14.350598673235428,0.0036986438016923203,29.449981386857733,105.55269771106943,1.5616073245638005,5.506801125703565,0.0,0.013042776843035772,0.025507470608263735,1.1745405750380469,0.0017791931208983422,54.50355157760892,0.6872944986995142,0.0,1.573067916685919,-0.07485190101446713,-0.09322230458997337,-0.022770619156161326,0.16312056737588654,0.005854716299241055,1.712427312464665,-0.10185208640159876,-0.12333221234427204,REIT—Office,Real Estate,DEA
2020Q2,2020,Q2,2020-08-04,2020-06-30,3666000.0,60526000.0,13835000.0,0.05,42994000.0,0.7103393582923041,2359574000.0,1134028000.0,80186000.0,57773000.0,1076542000.0,0.0,25367000.0,1761088016.24,2652629016.24,14.8878006767533,1.3879493881224794,0.3816180378322528,0.7940333042923102,0.0068002500879829975,14.8878006767533,0.00323272441244837,29.09638859729703,120.09601856519367,1.552949324214217,6.087561374795417,0.0,0.012672279746498856,0.025651240435773576,0.8908313572083846,0.0015536702811609214,47.53402294906745,0.7103393582923041,1.5,0.9760137721621727,-0.0037903854618492588,-0.07177040639352263,0.06426060696074062,1.1602828520919268,0.21797693458931244,1.1770339866266337,-0.028693647263881114,-0.014485779855188535,REIT—Office,Real Estate,DEA
2020Q1,2020,Q1,2020-05-05,2020-03-31,1697000.0,58218000.0,11359000.0,0.02,40398000.0,0.6939091002782645,2307325000.0,1049658000.0,93403000.0,52003000.0,1110123000.0,0.0,21701000.0,1845356399.04,2803988399.04,14.015489437950777,1.7961079168509508,0.4217658977387234,0.9271124499598917,0.00561545850349687,14.015489437950777,0.0016167170640341902,31.697351318149025,271.8556863641721,1.7580549083987358,13.014731879787862,0.0,0.01196841976514113,0.02523181606405686,1.0862450243255197,0.000735483731160543,47.87537680736801,0.6939091002782645,0.0,1.1032364770803171,0.01255874006059246,-0.5253709326406333,0.00024759829652371994,0.18505586592178772,0.055276848755109624,-0.22884719840323894,-0.040460541170554025,-0.06647259005859184,REIT—Office,Real Estate,DEA
2019Q4,2019,Q4,2020-02-25,2019-12-31,1432000.0,60777000.0,10764000.0,0.02,40388000.0,0.6645276996232127,2234589000.0,1062621000.0,74948000.0,47833000.0,1034748000.0,0.0,20004000.0,1755788561.31,2645617561.31,14.361636068061781,1.5668680617983402,0.40358249324596157,0.8486948780421242,0.00547936279754966,14.361636068061781,0.0013476112367438627,28.88902975319611,306.52733263093575,1.6523187112902908,15.214385474860336,0.0,0.012408669517555487,0.027198290155370855,1.1627955595509376,0.0006408337282605436,76.54497171985352,0.6645276996232127,1.0,-0.9386805356556267,0.0,23.088671163053064,0.05802530584444503,1.6083788706739526,0.12406015037593984,-0.3943179773782539,0.024643024004086515,-0.07909257256804941,REIT—Office,Real Estate,DEA
2019Q3,2019,Q3,2019-11-06,2019-09-30,549000.0,57589000.0,9576000.0,0.01,38173000.0,0.6628522808175172,2223700000.0,1046464000.0,126327000.0,48372000.0,1039963000.0,0.0,18572000.0,1521766742.4,2358882742.4,14.647240328597682,2.6115728107169436,0.40586544947609837,0.8624501177298025,0.004913321638369061,14.647240328597682,0.000524623876215522,26.424607866085537,692.9721049180329,1.454198847165311,38.97632058287796,0.0,0.01406128771499692,0.025897827944416963,2.2091912676755148,0.00024688582092908216,18.80024143111287,0.6628522808175172,-0.8750000000000001,1.0519447433474356,8.698982485362647,70.03968407939236,0.05015130674002751,-0.902694080113435,0.09866911427260211,-0.6997761540898737,0.04489814664092925,-0.04355883619715759,REIT—Office,Real Estate,DEA
2019Q2,2019,Q2,2019-08-02,2019-06-30,5642000.0,52749000.0,8716000.0,0.08,36350000.0,0.6891125898121292,2107237000.0,996653000.0,70319000.0,42613000.0,969312000.0,0.0,18023000.0,1234603099.98,2379083099.98,14.603440385247753,1.6501771759791612,0.5477395281119305,1.158093137731989,0.00405231371491536,14.603440385247753,0.005660947190245753,23.405241805152706,54.70591545462602,1.2387491935307473,3.5937610776320454,0.0,0.016423091761496842,0.025032305336324296,1.136437237462746,0.002677439699473766,50.48056180152921,0.6891125898121292,9.0,1.2348162973725048,9.632598285662757,0.0,0.04187566281636046,14.5625,0.07326683905922916,2.250485513279695,-0.14760460582805396,-0.2487247313362731,REIT—Office,Real Estate,DEA
2019Q1,2019,Q1,2019-04-17,2019-03-31,-416000.0,50607000.0,8121000.0,-0.01,34889000.0,0.6894105558519572,2016741000.0,985836000.0,69368000.0,38248000.0,886995000.0,0.0,12381000.0,1102678927.26,2093928927.26,16.101610288425853,1.8136373143693787,0.4958063529228592,1.0142792513156347,0.004089640735057653,16.101610288425853,-0.00042197688053591064,21.78905936451479,-662.6676245552885,1.1185216681679306,-44.31009615384615,0.0,0.016716561407229734,0.025093455232972406,1.1979188454298264,-0.0002062733886007177,78.89803429164282,0.6894105558519572,-2.0,-1.0233101401813247,15.567063952429393,0.0,0.0470574112421596,-1.7050847457627119,0.0,-1.2430089451297455,-0.1675519439583054,0.04205096135851929,REIT—Office,Real Estate,DEA
2018Q4,2018,Q4,2019-02-28,2018-12-31,590000.0,48208000.0,8121000.0,0.01,33321000.0,0.6911923332227016,1861550000.0,894163000.0,62243000.0,37310000.0,836297000.0,0.0,12831000.0,953503512.64,1847754512.6399999,14.704168001626964,1.6682658804610024,0.48406166903924147,1.0077636851446548,0.004523558599607413,14.704168001626964,0.0006598349517929058,19.778947739794226,404.0269121355932,1.0663643123681028,31.21186440677966,0.0,0.019312986009892837,0.02589669898740297,1.0636290538729563,0.0003169401842550563,69.66490192445386,0.6911923332227016,-0.6666666666666666,1.174597956610034,0.0,179.3668127657617,0.21480914360713113,-0.7262180974477959,0.09654334323521468,1.2307686796637356,-0.13688851246848244,-0.05905485272901471,REIT—Office,Real Estate,DEA
2018Q3,2018,Q3,2018-10-23,2018-09-30,2155000.0,39437000.0,7406000.0,0.03,27429000.0,0.695514364682912,1778511000.0,911259000.0,55273000.0,38618000.0,737209000.0,0.0,12241000.0,1158753634.8300002,1850384634.8300002,15.07553849663897,1.4312755709772644,0.3927740677454342,0.7665800831596725,0.0046005372055867395,15.07553849663897,0.0023648600452780165,29.382398124350235,134.42617573433876,1.2715963681346358,8.51276102088167,0.0,0.015831665548726743,0.022174167041980622,0.8675229167745611,0.0012116877545317404,56.577004776622246,0.695514364682912,0.4999999999999999,1.2409994344199275,6.850367659303052,72.11694681741344,0.05887121680049413,0.4965277777777778,0.029469001946066165,0.7282915230672043,-0.2067879507384933,-0.04741520780293669,REIT—Office,Real Estate,DEA
2018Q2,2018,Q2,2018-08-07,2018-06-30,1440000.0,36972000.0,7194000.0,0.02,25904000.0,0.7006383208914855,1599412000.0,917424000.0,202262000.0,25285000.0,543384000.0,0.0,10086000.0,939215089.2800001,1275872089.2800002,19.3015406661504,7.9992881154834885,0.30271249684258966,0.5277407174872251,0.0051327567484264255,19.3015406661504,0.0015696123057604772,25.403415808720116,163.05817522222225,1.0237524735345926,10.258333333333333,0.0,0.01572802669868111,0.023115995128209617,6.714534308878782,0.0009003308715953113,56.91867700624205,0.7006383208914855,-0.3333333333333333,1.0860534568900977,9.700616378855724,0.0,0.007388970988566539,-0.05200789993416721,-0.027443558199269975,0.2438703327217481,-0.024792998230839185,0.2034189359141006,REIT—Office,Real Estate,DEA
2018Q1,2018,Q1,2018-04-02,2018-03-31,1519000.0,35974000.0,7397000.0,0.03,25714000.0,0.714794017901818,1424701000.0,659632000.0,49216000.0,19733000.0,630009000.0,0.0,8646000.0,918164464.8,1581506464.8,14.65586320957343,2.494096184057163,0.4723327912312829,1.0201642734130545,0.0055509487342080875,14.65586320957343,0.002302799136488224,25.52300174570523,151.11330888742592,1.3919343888713707,9.495720868992759,0.0,0.01570960383785047,0.025250210395023235,1.6757208736634064,0.0010661886248412825,75.79992279369273,0.714794017901818,0.0,-0.884214446075818,15.020229571180087,0.0,-0.0017082071589409116,-0.13447293447293449,-0.058306810948440486,1.1537653021823686,0.04112029832958028,-0.5036849253604552,REIT—Office,Real Estate,DEA
2017Q4,2017,Q4,2018-03-01,2017-12-31,1755000.0,36325000.0,7855000.0,0.03,25758000.0,0.7090984170681349,1425338000.0,667806000.0,47137000.0,19786000.0,634249000.0,0.0,7127000.0,940781134.26,1603743134.26,15.148029144110698,2.382341049226726,0.47402370525447296,1.0117369415668622,0.00584688674680859,15.148029144110698,0.0026280087330751746,25.89899887845836,134.0144065897436,1.4087641235029336,7.804558404558405,0.0,0.01455917800772418,0.02548518316357243,1.7578085515010613,0.0012312868947575942,146.83644986108942,0.7090984170681349,0.4999999999999999,1.7163847299113741,0.0,184.75100704908553,0.08738601823708207,1.2442455242966752,0.22332969942376577,-0.8738716403286348,0.0,24.407682738340856,REIT—Office,Real Estate,DEA
2017Q3,2017,Q3,2017-11-07,2017-09-30,782000.0,33858000.0,6421000.0,0.02,23688000.0,0.6996278575225944,1368035000.0,654165000.0,36763000.0,21946000.0,598904000.0,0.0,4414000.0,826024275.57,1414815275.5700002,16.36948325843014,1.6751572040462954,0.4351803864667205,0.9100792613484365,0.00513882675327149,16.36948325843014,0.00119541705838741,24.396723833953573,264.0742568957801,1.2627154854967784,16.520460358056265,0.0,0.015639976187243665,0.024749366792516273,1.0820650688052493,0.0005716228020481932,45.187323608862144,0.6996278575225944,0.0,1.1322793841775922,9.194456789191454,78.39262913241986,0.08725386698489926,-0.05441354292623942,0.3583668288555109,1.1322793841775922,9.194456789191454,78.39262913241986,REIT—Office,Real Estate,DEA
2017Q2,2017,Q2,2017-08-01,2017-06-30,827000.0,30603000.0,4727000.0,0.02,21787000.0,0.7119236676142862,1277616000.0,565118000.0,28814000.0,14473000.0,598208000.0,0.0,3632000.0,783710232.85,1391165232.85,15.10663202258582,1.9908795688523457,0.4802381936356464,1.0857201504818463,0.004010425239123832,15.10663202258582,0.0014634111813815877,25.60893483808777,236.91361331620314,1.3868081229937819,13.923821039903265,0.0,0.014692930521176366,0.023953206597287446,1.4603053962550956,0.0006472993450301186,56.712514136334036,0.7119236676142862,-0.3333333333333333,1.0627939741196675,10.253988929238957,0.0,0.04730087006681728,-0.2370848708487085,0.25484470400849485,1.0627939741196675,10.253988929238957,0.0,REIT—Office,Real Estate,DEA
2017Q1,2017,Q1,2017-05-09,2017-03-31,1084000.0,29887000.0,3767000.0,0.03,20803000.0,0.6960551410312176,1078571000.0,553871000.0,32976000.0,12622000.0,390569000.0,0.0,2805000.0,730084665.05,1220328665.05,15.013473936271934,2.6125812074156234,0.45939024876433726,0.8945855623421338,0.003589820804379067,15.013473936271934,0.001957134422997413,24.428168268812527,168.37745965175276,1.3181492893652131,10.19280442804428,0.0,0.015133861220387785,0.02770981233502477,1.496910156868959,0.0010050335119338458,68.07316224242423,0.6960551410312176,0.0,-0.8991934464910293,15.237726023019235,0.0,0.05406364004864207,-0.05410122164048865,0.0255921589980942,-0.8991934464910293,15.237726023019235,0.0,REIT—Office,Real Estate,DEA
2016Q4,2016,Q4,2017-03-02,2016-12-31,1146000.0,28751000.0,3673000.0,0.03,19736000.0,0.6864456888456054,1045463000.0,559305000.0,24030000.0,13784000.0,348597000.0,0.0,1721000.0,718000643.36,1218295643.3600001,15.595092014960448,1.7433255948926292,0.48317348390139103,0.9031565961327004,0.0034506245038494238,15.595092014960448,0.002048971491404511,24.973066792807206,156.6319030017452,1.2837372155800502,9.641361256544503,0.0,0.015388565598346013,0.02750073412449795,1.3937899013348811,0.0010961650484043912,64.38890174513497,0.6864456888456054,0.4999999999999999,1.5750256815107966,0.0,190.1740394417077,0.03146231838611895,0.28044692737430166,0.15830968148848942,1.5750256815107966,0.0,190.1740394417077,REIT—Office,Real Estate,DEA
2016Q3,2016,Q3,2016-11-08,2016-09-30,895000.0,26975000.0,3171000.0,0.02,19134000.0,0.7093234476367006,1020554000.0,535503000.0,20485000.0,13516000.0,343629000.0,0.0,575000.0,667179556.56,1157707556.56,15.314314024670121,1.5156111275525304,0.4849189753800387,0.9241516854247315,0.003077478505690569,15.314314024670121,0.001671325837577007,24.733255108804446,186.36300462569832,1.2458932191976513,11.445810055865921,0.0,0.01535418748862511,0.026431722378237703,1.1806747558449244,0.0008769746627811954,43.939644135932554,0.7093234476367006,0.0,1.17302004505993,8.282227666440319,73.27501739567144,0.09312157221206581,0.2804005722460658,0.045844327176781004,1.17302004505993,8.282227666440319,73.27501739567144,REIT—Office,Real Estate,DEA
2016Q2,2016,Q2,2016-08-08,2016-06-30,699000.0,24921000.0,3032000.0,0.02,17504000.0,0.7023795192809277,1017845000.0,534241000.0,95644000.0,9949000.0,332524000.0,0.0,-320000.0,542260799.75,1017179799.75,19.438201940578317,9.613428485274902,0.4702317150450216,0.895893426374988,0.002993491722481992,19.438201940578317,0.0013083982696947632,21.759191033666387,193.94163081187412,1.0150115767041465,14.6552217453505,0.0,0.018891278891490625,0.02448408156448182,1.4406473012363052,0.0006867450348530474,48.55921910539984,0.7023795192809277,-0.3333333333333333,1.072240376526268,11.473786646855038,0.0,0.013549507817023741,0.035555555555555556,-0.0019749835418038184,1.072240376526268,11.473786646855038,0.0,REIT—Office,Real Estate,DEA
2016Q1,2016,Q1,2016-05-09,2016-03-31,675000.0,23971000.0,3038000.0,0.03,17270000.0,0.72045388177381,934674000.0,373034000.0,19085000.0,10211000.0,321729000.0,0.0,-1019000.0,447104506.24,894578506.24,15.45184533723209,1.869062775438253,0.48343486606025204,1.211294412841725,0.003682924227289038,15.45184533723209,0.0018094865347394607,18.65189212965667,165.59426157037038,1.1985623461668373,12.973333333333333,0.0,0.019586024917627096,0.025646375099767405,1.4534325727156987,0.0007221769301382086,45.27640569518987,0.72045388177381,5.897632,-0.9040770282391082,18.901618884433557,0.0,0.10203560717248421,5.428571428571429,0.7038698822209759,-0.9040770282391082,18.901618884433557,0.0,REIT—Office,Real Estate,DEA
2015Q4,2015,Q4,2016-03-02,2015-12-31,105000.0,22174000.0,1783000.0,0.0043493187227152735,15671000.0,0.7067286010643096,912047000.0,377263000.0,20688000.0,9346000.0,292153000.0,0.0,-1694000.0,414754612.15999997,799197612.16,15.627019326549831,2.2135673015193666,0.43048110459219757,1.040703700071303,0.002315939325766806,15.627019326549831,0.00027832042898455456,18.704546412916027,987.5109813333333,1.0993779198066072,83.39047619047619,0.0,0.021111278195074527,0.02431234355247043,1.8663599400813182,0.00011512564593710631,37.101226599874764,0.7067286010643096,-0.7825340638642363,1.078268068850757,0.0,190.56132914131854,0.11624759598261984,-0.7891566265060241,-0.17415470125057897,1.078268068850757,0.0,190.56132914131854,REIT—Office,Real Estate,DEA
2015Q3,2015,Q3,2015-11-05,2015-09-30,498000.0,19857000.0,2159000.0,0.02,14039000.0,0.7070050863675278,793180000.0,382065000.0,17633000.0,6982000.0,165595000.0,0.0,-1799000.0,385060306.4,549684306.4,15.825928169468677,2.5254941277570895,0.21317985829193878,0.4425686728697996,0.003917228365886184,15.825928169468677,0.001303443131404342,19.39166572996928,193.30336666666665,1.007839782236007,16.77710843373494,0.0,0.02169789994225175,0.025034670566580094,1.8553423087940417,0.0006278524420686351,32.748792855927874,0.7070050863675278,0.0,1.1394437403663387,8.896934453544763,75.75636585460789,0.006885175356809868,-0.15306122448979592,-0.05555555555555555,1.1394437403663387,8.896934453544763,75.75636585460789,REIT—Office,Real Estate,DEA
2015Q2,2015,Q2,2015-08-06,2015-06-30,588000.0,19256000.0,2286000.0,0.02,13943000.0,0.7240859991690901,783227000.0,387207000.0,14948000.0,4967000.0,148768000.0,0.0,-2297000.0,384336055.04,517130055.04,16.038920520632505,3.009462452184417,0.17389977618238392,0.35175758702709403,0.00436751303949103,16.038920520632505,0.0015185675878793513,19.95928827586207,163.40818666666667,0.9925855034645551,7.4438775510204085,0.0,0.011388470955566376,0.02458546500567524,2.478759814777532,0.000750740206862123,45.84160961832061,0.7240859991690901,1.0909090909090908,1.0691820157023937,9.972661557436853,0.0,0.8836800864631181,1.2038128249566724,2.049105094079853,1.0691820157023937,9.972661557436853,0.0,REIT—Office,Real Estate,DEA
2015Q1,2015,Q1,2015-05-14,2015-03-31,-2885000.0,10091000.0,-2179000.0,-0.22,7402000.0,0.7335249231988901,780132000.0,388142000.0,43387000.0,5979000.0,142718000.0,0.0,-2885000.0,210965645.85000002,330858645.85,29.529353345185893,7.256564642916875,0.16896499566739986,0.33960509298143465,-0.004190731156614874,29.529353345185893,-0.007432846741656404,20.906317099395505,-18.2812518067591,0.5435269717010786,-1.8859618717504332,0.0,0.02579092903054291,0.012934990488789077,3.4264927245358754,-0.0036980921177441764,-153.87720339168493,0.7335249231988901,-1.6970316402266288,-1.7530018299372763,14.387491336864391,0.0,0.0,-1.408640226628895,0.5299827437446074,-1.7530018299372763,14.387491336864391,0.0,REIT—Office,Real Estate,DEA
2014Q4,2014,Q4,2014-12-31,2014-12-31,7060000.0,0.0,-4636000.0,0.31562412278511554,0.0,0.0,300504000.0,13336000.0,31436000.0,3321000.0,3321000.0,0.0,0.0,346709874.5,315273874.5,0.5961987679125073,9.46582354712436,0.0,0.0,-0.34763047390521895,0.5961987679125073,0.5293941211757649,0.0,12.27726184490085,25.998040979304136,0.002974504249291785,0.0,6.0569373832472135e-05,0.0,9.46582354712436,0.023493863642414077,140.19808916295997,0.0,3.1335757157688366,6.679806918744972,0.0,8.232104121475054,-1.0,3.133575098216984,-1.8741475511469312,6.679806918744972,0.0,8.232104121475054,REIT—Office,Real Estate,DEA
2014Q3,2014,Q3,2014-09-30,2014-09-30,-3309000.0,1859000.0,-1613000.0,-0.147932,1859000.0,1.0,305314000.0,4612000.0,33057000.0,2901000.0,2901000.0,0.0,0.0,346709874.5,313652874.5,0.20618391703752872,11.395036194415718,0.0,0.0,-0.3497398091934085,0.20618391703752872,-0.7174761491760624,186.50342899408284,-26.19446014656996,75.17560158282741,-1.9274705349048051,0.0,0.018395784109690824,0.006088813483823212,11.395036194415718,-0.010838022494874129,142.03599938549775,1.0,0.5798090660940354,0.0,0.0,0.0,0.14329643296432965,0.5798095238095238,-2.65775950668037,0.0,0.0,0.0,REIT—Office,Real Estate,DEA
2014Q2,2014,Q2,2014-06-30,2014-06-30,-7875000.0,1626000.0,973000.0,-0.352059,1626000.0,1.0,,,,,,,,346709874.5,,,0.0,0.0,0.0,0.0,,0.0,213.22870510455104,-11.006662682539682,0.0,-0.41015873015873017,0.0,0.009316146546613571,0.0,0.0,0.0,348.8026906438632,1.0,-2.2078200100863516,0.0,0.0,0.0,0.45698924731182794,-2.2078220858895707,17.491525423728813,0.0,0.0,0.0,REIT—Office,Real Estate,DEA
2014Q1,2014,Q1,2014-03-31,2014-03-31,6520000.0,1116000.0,-59000.0,0.291483,1116000.0,1.0,,,,,,,,346709874.5,,,0.0,0.0,0.0,0.0,,0.0,310.67193055555555,13.294090279907975,0.0,0.48865030674846627,0.0,0.009189239287155058,0.0,0.0,0.0,-12.249500936263425,1.0,6.245375877761062,0.0,0.0,0.0,0.0,6.245374094931617,0.9605087014725568,0.0,0.0,0.0,REIT—Office,Real Estate,DEA
2013Q4,2013,Q4,2013-12-31,2013-12-31,-1243000.0,0.0,-1494000.0,-0.0555695162353964,0.0,0.0,177902000.0,-1844000.0,4031000.0,1218000.0,1218000.0,0.0,0.0,346709874.5,343346874.5,-0.08243780204189137,3.3095238095238093,0.0,0.0,0.8101952277657267,-0.08243780204189137,0.6740780911062907,0.0,-69.7324767699115,-188.0205393167028,-0.008849557522123894,0.0,3.172681486462826e-05,0.0,2.7610837438423643,-0.0069869928387539205,-26669.990346153845,0.0,0.0,0.0,0.0,0.0,0.0,0.0,0.0,0.0,0.0,0.0,REIT—Office,Real Estate,DEA
