Year,Date,FillingDate,NetIncome,Revenue,OperatingIncome,EPSDiluted,GrossProfit,GrossProfitRatio,TotalAssets,CommonStockEquity,CurrentAssets,CurrentLiability,TotalLiability,Inventory,RetainedEarnings,EnterpriseValue,bookValuePerShare,currentRatio,debtToAssets,debtToEquity,roic,shareholdersEquityPerShare,roe,priceToSalesRatio,peRatio,pbRatio,payoutRatio,inventoryTurnover,dividendYield,assetTurnover,quickRatio,returnOnAssets,priceToFreeCashFlowsRatio,grossProfitMargin,epsdilutedGrowth,fiveYNetIncomeGrowthPerShare,fiveYRevenueGrowthPerShare,fiveYShareholdersEquityGrowthPerShare,grossProfitGrowth,netIncomeGrowth,operatingIncomeGrowth,threeYNetIncomeGrowthPerShare,threeYRevenueGrowthPerShare,threeYShareholdersEquityGrowthPerShare,Industry,Sector,Price,MarketCap,AvgVolume,Symbol
2022,2022-12-31,2023-03-15,57331000.0,546805000.0,82908000.0,1.48,182001000.0,0.3328444327,512072000.0,149906000.0,382436000.0,184767000.0,362166000.0,90386000.0,139134000.0,948543355.39,3.9728039985745123,2.0698284866886403,0.3485486415972754,1.190626125705442,0.17490470422904494,3.9728039985745123,0.38244633303536885,1.6816860771024404,16.03939152273639,6.134206471989113,0.0,4.0360675325824795,0.0,1.067828352262963,1.5116389831517534,0.11195886515958693,306.41597980339884,0.3328444326588089,0.23333333333333336,6.403824363743408,1.608146426041221,3.003861303617034,0.19936341829875848,0.22389684691416006,0.22189471202027944,1.900098962649047,0.6970830467717505,1.6568420439906792,Software—Infrastructure,Technology,25.365,923750180,262581,IMXI
2021,2021-12-31,2022-03-07,46843000.0,459206000.0,67852000.0,1.2,151748000.0,0.3304573547,340536000.0,143040000.0,263545000.0,116859000.0,197496000.0,63423000.0,81803000.0,564664678.4,3.7178315560310278,2.255239219914598,0.24400650738835247,0.5809074384787472,0.22199173167291192,3.7178315560310278,0.3274818232662192,1.337190015809898,13.108589936596719,4.292824932885906,0.0,4.847736625514403,0.0,1.3484800432259731,1.7096757630991195,0.13755667535884605,9.095625513257295,0.3304573546512894,0.3636363636363636,3.686525915637019,1.611075038167526,40.2827120656143,0.2793646511314201,0.38654392611887284,0.2834471409385817,5.348293845480392,0.1273702274274112,1.1627867500689464,Software—Infrastructure,Technology,25.365,923750180,262581,IMXI
2020,2020-12-31,2021-03-15,33784000.0,357209000.0,52867000.0,0.88,118612000.0,0.332052104,259473000.0,94261000.0,186726000.0,83941000.0,165212000.0,56584000.0,34960000.0,603411700.8,2.476623273233073,2.2244910115438223,0.3376960223221684,0.9295785107308431,0.2120854462731747,2.476623273233073,0.35840909814239186,1.6536417077957162,17.484480843002604,6.266597010428491,0.0,4.2166866958857625,0.0,1.376671175806346,1.547801431958161,0.13020237173039198,-119.52563755564547,0.3320521039503484,0.6923076923076923,4.578051984106183,1.7342175936146669,0.0,0.10923866792604577,0.7228823499413535,0.45071620657483125,4.156985301581892,0.6891634232116475,1.495984219431226,Software—Infrastructure,Technology,25.365,923750180,262581,IMXI
2019,2019-12-31,2020-03-11,19609000.0,319601000.0,36442000.0,0.52,106931000.0,0.3345765501,227306000.0,55967000.0,148227000.0,83716000.0,171339000.0,0.0,1176000.0,459187273.79999995,1.4953105727757934,1.7705934349467247,0.4164738282315469,1.6914789072131793,0.16983711669345378,1.4953105727757934,0.3503671806600318,1.4099995738436362,22.9811450762405,8.051839008701556,0.0,0.0,0.0,1.406038555955408,1.5035477089206364,0.08626697051551653,9.782639179420384,0.3345765501359508,2.857142857142857,2.292292438184887,1.4876557411686984,0.0,0.1695395384447118,3.7069298729983435,1.7877906976744187,1.0166425974041977,0.8680439797675755,15.6038925901399,Software—Infrastructure,Technology,25.365,923750180,262581,IMXI
2018,2018-12-31,2019-03-22,-7244000.0,273901000.0,13072000.0,-0.28,91430000.0,0.33380674039160135,225839000.0,44473000.0,138650000.0,68040000.0,181366000.0,0.0,-17418000.0,353655290.84000003,1.7190005237051267,2.03777189888301,0.5192282998064993,2.636700919659119,0.10890735432887719,1.7190005237051267,-0.16288534616508893,1.1296866051602588,-42.714286421866376,6.957531330020462,0.0,0.0,0.0,1.2128153241911273,1.5994121105232217,-0.03207594790979414,21.32917149238299,0.33380674039160135,0.0035587188612099673,-2.7595499744647674,2.0842954582861983,0.0,0.3940936993506036,0.2879507085745617,6.226551162732844,-2.7595499744647674,2.0842954582861983,0.0,Software—Infrastructure,Technology,25.365,923750180,262581,IMXI
2017,2017-12-31,2018-03-15,-10173453.0,201039131.0,1808885.0,-0.281,65583827.0,0.3262241866733895,216052911.0,35902119.0,119105872.0,72624330.0,180150792.0,0.0,-10173453.0,411210250.80340004,0.9922431616163964,1.6400271369112802,0.5157991044147514,3.1039922183980284,0.012957417478307903,0.9922431616163964,-0.28336636620250744,1.7853537717659556,-35.28064373063895,9.997347811236436,-1.983397377468594,0.0,0.056217720759617035,0.9305087817122724,1.5219416826289482,-0.04708778489913519,117.09719499379649,0.3262241866733895,-2.0816345383999506,-2.766891971689305,0.6186815059113894,0.0,0.14419000680402658,-2.082282234042553,-0.9214348071577484,-2.766891971689305,0.6186815059113894,0.0,Software—Infrastructure,Technology,25.365,923750180,262581,IMXI
2016,2016-12-31,2017-04-19,9400000.0,165395000.0,23024000.0,0.259792,57319000.0,0.3465582393663654,118773952.0,3258543.0,77144321.0,38332598.0,115515409.0,0.0,-67550973.0,391404519.09999996,0.09005783220157498,2.0124991528098355,0.6569842855780365,23.947089235894694,0.19744518599858255,0.09005783220157498,2.8847248601598934,2.122029052268811,37.33755267021276,107.70856640529217,0.13691489361702128,0.0,0.003666948790841601,1.3925191274261886,1.7053647916063503,0.0791419317259057,18.106324551176225,0.3465582393663654,0.6325566196616648,0.6325611897828068,0.3316901358383521,0.0,0.35019154940127784,0.6325611897828068,0.6232559903743965,0.6325611897828068,0.3316901358383521,0.0,Software—Infrastructure,Technology,25.365,923750180,262581,IMXI
2015,2015-12-31,2015-12-31,5757824.0,124199313.0,14183838.0,0.159132,42452495.0,0.341809418865304,,,,,,,,,,0.0,0.0,0.0,0.0,,0.0,2.825885156868782,60.95583941086076,0.0,3.151336164495476,0.0,0.05169867554861345,0.0,0.0,0.0,146.18587739934057,0.341809418865304,0.0,0.0,0.0,0.0,0.0,0.0,0.0,0.0,0.0,0.0,Software—Infrastructure,Technology,25.365,923750180,262581,IMXI
TTM,,,,,,,,,,,,,,,,964196180.0,4.2721723533024285,1.9460504781874903,0.2922460178552361,0.8078060736719858,0.20269208734692631,4.2721723533024285,0.376051197276462,1.5995591018574795,16.109957603370532,5.937260461973783,0.0,3.431820010190126,0.0,1.340542435201649,1.2124418247839206,0.1333316310660681,-34.3044481580511,0.33519306393213544,,,,,,,,,,,Software—Infrastructure,Technology,25.365,923750180,262581,IMXI
