Quarters,Year,Quarter,FillingDate,Date,NetIncome,Revenue,OperatingIncome,EPSDiluted,GrossProfit,GrossProfitRatio,TotalAssets,CommonStockEquity,CurrentAssets,CurrentLiability,TotalLiability,Inventory,RetainedEarnings,MarketCap,EnterpriseValue,bookValuePerShare,currentRatio,debtToAssets,debtToEquity,roic,shareholdersEquityPerShare,roe,priceToSalesRatio,peRatio,pbRatio,payoutRatio,inventoryTurnover,dividendYield,assetTurnover,quickRatio,returnOnAssets,priceToFreeCashFlowsRatio,grossProfitMargin,epsdilutedGrowth,fiveYNetIncomeGrowthPerShare,fiveYRevenueGrowthPerShare,fiveYShareholdersEquityGrowthPerShare,grossProfitGrowth,netIncomeGrowth,operatingIncomeGrowth,threeYNetIncomeGrowthPerShare,threeYRevenueGrowthPerShare,threeYShareholdersEquityGrowthPerShare,Industry,Sector,Symbol
2023Q1,2023,Q1,2023-05-10,2023-03-31,422000000.0,12341000000.0,473000000.0,0.52,405000000.0,0.0328174378,27456000000.0,13483000000.0,5122000000.0,5366000000.0,13973000000.0,257000000.0,0.0,8704060000.0,15773060000.0,19.316618911174785,0.9545285128587402,0.30241113053613056,0.6158125046354669,0.019260436940810817,19.316618911174785,0.03129867240228436,0.7052961672473868,5.1564336492891,0.6455581102128607,0.5734597156398105,46.44357976653696,0.02780311716601218,0.44948280885780884,0.8374953410361535,0.01537004662004662,14.016199677938808,0.03281743780892958,0.7333333333333335,0.5219575772047119,0.5263603150156504,246.69383702810035,0.125,0.6045627376425855,2.427536231884058,1.154596956732216,0.5565867061046523,0.0,Oil & Gas Midstream,Energy,PAA
2022Q4,2022,Q4,2023-03-01,2022-12-31,263000000.0,12952000000.0,138000000.0,0.3,360000000.0,0.0277949351,27892000000.0,13325000000.0,5355000000.0,5891000000.0,14567000000.0,729000000.0,0.0,8208480000.0,15402480000.0,19.09025787965616,0.9090137497878119,0.31385343467660975,0.6569606003752345,0.005934566617105591,19.09025787965616,0.01973733583489681,0.6337615812229771,7.802737642585551,0.6160210131332082,2.1634980988593155,17.272976680384087,0.06931855836890631,0.46436254123046034,0.7312850110337803,0.009429227018499929,42.7525,0.027794935145151328,-0.375,0.43022697610225175,0.7689689146599001,243.81468355703012,-0.4922425952045134,-0.3151041666666667,-0.6434108527131783,-0.10358259827331119,0.47571293617708577,0.0,Oil & Gas Midstream,Energy,PAA
2022Q3,2022,Q3,2022-11-08,2022-09-30,384000000.0,14336000000.0,387000000.0,0.48,709000000.0,0.0494559152,27457000000.0,12743000000.0,5574000000.0,5333000000.0,14714000000.0,603000000.0,992000000.0,7342960000.0,15464960000.0,18.25644699140401,1.0451903243952747,0.31849801507812214,0.6862591226555756,0.014248339967687302,18.25644699140401,0.030134191320725104,0.5122042410714286,4.780572916666666,0.5762347955740407,0.4947916666666667,22.59867330016584,0.025875123928225132,0.5221255053356156,1.576598537408588,0.013985504607203991,8.954829268292682,0.04945591517857143,1.1818181818181819,11.086480854389164,1.5354238741030908,0.0,0.4588477366255144,0.8916256157635468,1.5629139072847682,-0.10800824500162733,0.8960386074629373,0.0,Oil & Gas Midstream,Energy,PAA
2022Q2,2022,Q2,2022-08-09,2022-06-30,203000000.0,16359000000.0,151000000.0,0.22,486000000.0,0.0297084174,28886000000.0,12719000000.0,6661000000.0,6874000000.0,16167000000.0,528000000.0,418000000.0,6893640000.0,15558640000.0,18.118233618233617,0.9690136747163224,0.3092155369383092,0.7022564667033572,0.00578980123632673,18.118233618233617,0.015960374243258118,0.4213973959288465,8.489704433497538,0.5419954398930734,1.0591133004926108,30.0625,0.031188167644379455,0.5663297098940663,1.3996217631655514,0.007027625839507027,9.806031294452348,0.029708417384925728,-0.3125,0.11516487846275084,1.7796937532870407,0.0,0.4594594594594595,-0.09777777777777778,0.8641975308641975,-0.5286337562122315,1.0527790464177234,0.0,Oil & Gas Midstream,Energy,PAA
2022Q1,2022,Q1,2022-05-10,2022-03-31,225000000.0,13694000000.0,81000000.0,0.32,333000000.0,0.0243172192,30642000000.0,0.0,8097000000.0,8570000000.0,17788000000.0,527000000.0,0.0,7585800000.0,16688800000.0,0.0,0.9448074679113185,0.30079629267019126,0.0,0.007759254907169936,0.0,0.0,0.5539506353147364,8.428666666666667,0.0,0.7288888888888889,25.352941176470587,0.021619341401038782,0.44690294367208405,0.8459743290548425,0.0073428627374192285,31.739748953974896,0.024317219220096394,-0.5428571428571428,-0.503306497987349,1.013208701267064,0.0,-0.5152838427947598,-0.5472837022132797,-0.8742236024844721,-0.7608028076332529,0.6861290145019581,0.0,Oil & Gas Midstream,Energy,PAA
2021Q4,2021,Q4,2022-03-01,2021-12-31,497000000.0,12954000000.0,644000000.0,0.7,687000000.0,0.0530338119,28609000000.0,12810000000.0,6137000000.0,6232000000.0,15799000000.0,253000000.0,593000000.0,6622060000.0,15249060000.0,18.067700987306065,0.9847560975609756,0.31724282568422524,0.7085089773614364,0.024617538192341342,18.067700987306065,0.03879781420765027,0.5111980855334259,3.331016096579477,0.516944574551132,0.0,48.48616600790514,0.0,0.4527945751336992,1.4375802310654686,0.017372155615365793,11.910179856115107,0.05303381194997684,9.483050847457626,2.642926157502527,1.026336852039659,0.0,1.748,9.423728813559322,17.94736842105263,-0.5443896291825399,0.5097431899768736,0.0,Oil & Gas Midstream,Energy,PAA
2021Q3,2021,Q3,2021-11-08,2021-09-30,-59000000.0,10776000000.0,-38000000.0,-0.08251748251748252,250000000.0,0.023199703043801038,24197000000.0,0.0,4874000000.0,5397000000.0,14900000000.0,681000000.0,0.0,7271550000.0,16602550000.0,0.0,0.903094311654623,0.39351985783361576,0.0,-0.0024967745018397284,0.0,0.0,0.6747912026726058,-30.81165254237288,0.0,-2.830508474576271,15.45668135095448,0.022966217656483143,0.4453444641897756,0.7329998147118769,-0.0024383187998512214,27.9675,0.023199703043801038,0.7769797769797769,-1.111412493230675,0.16897539597733024,0.0,0.21951219512195122,0.7318181818181818,0.8389830508474576,-1.084377031419285,0.2445159935605796,1.0,Oil & Gas Midstream,Energy,PAA
2021Q2,2021,Q2,2021-08-06,2021-06-30,-220000000.0,9930000000.0,-236000000.0,-0.37,205000000.0,0.020644511581067473,25391000000.0,0.0,5676000000.0,6163000000.0,15751000000.0,675000000.0,0.0,8179200000.0,18289200000.0,0.0,0.9209800421872465,0.3991177976448348,0.0,-0.021640364782106288,0.0,0.0,0.8236858006042296,-9.294545454545453,0.0,-0.8727272727272727,14.407407407407407,0.02347417840375587,0.3910834547674373,0.6362161285088431,-0.00866448741680123,54.528,0.020644511581067473,-1.7254901960784315,-2.204070407040704,0.10890572390572392,0.0,-0.6554621848739496,-1.5213270142180095,-1.4486692015209126,-3.215277777777778,0.23749484323432346,1.0,Oil & Gas Midstream,Energy,PAA
2021Q1,2021,Q1,2021-05-10,2021-03-31,422000000.0,8383000000.0,526000000.0,0.51,595000000.0,0.07097697721579387,25331000000.0,0.0,4424000000.0,4678000000.0,15247000000.0,484000000.0,0.0,6570200000.0,16435200000.0,0.0,0.9457032920051304,0.3906280841656468,0.0,0.0488094125575353,0.0,0.0,0.7837528331146367,3.892298578199052,0.0,0.3957345971563981,16.09090909090909,0.025417795500897997,0.3309383759030437,0.7334330910645575,0.016659429157948758,9.4671469740634,0.07097697721579387,14.223571428571427,0.1516140533720962,0.12408166455648025,0.0,4.5607476635514015,16.071428571428573,9.092307692307692,0.471366189596799,0.0023615634641937448,1.0,Oil & Gas Midstream,Energy,PAA
2020Q4,2020,Q4,2021-03-01,2020-12-31,-28000000.0,5963000000.0,-65000000.0,-0.03856749311294766,107000000.0,0.017943987925540836,24497000000.0,0.0,3665000000.0,4253000000.0,14759000000.0,647000000.0,0.0,5982240000.0,16092240000.0,0.0,0.8617446508347049,0.41360166551006244,0.0,-0.0030036524413687045,0.0,0.0,1.0032265638101627,-53.41285714285714,0.0,-6.857142857142857,9.051004636785162,0.03209500120356255,0.2434175613340409,1.490477310134023,-0.0011429971016859207,47.478095238095236,0.017943987925540836,-1.2966730239457511,-1.0623978140607853,-0.34568205528610224,0.0,-0.657051282051282,-1.1958041958041958,-1.256916996047431,-1.1463949345910316,-0.2169905981094792,1.0,Oil & Gas Midstream,Energy,PAA
2020Q3,2020,Q3,2020-11-06,2020-09-30,143000000.0,5833000000.0,253000000.0,0.13,312000000.0,0.05348877078690211,24246000000.0,0.0,3405000000.0,3804000000.0,14395000000.0,683000000.0,0.0,4353440000.0,14499440000.0,0.0,0.8951104100946372,0.4194918749484451,0.0,0.024582003455242894,0.0,0.0,0.7463466483799074,7.610909090909091,0.0,1.1818181818181819,8.083455344070279,0.03881987577639751,0.24057576507465148,0.5725552050473186,0.005897880062690753,29.415135135135134,0.05348877078690211,0.0,-0.6860298336201951,-0.4255232697405279,0.0,0.1103202846975089,0.007042253521126761,0.20476190476190476,3.3154761904761902,-0.010903641735414246,0.0,Oil & Gas Midstream,Energy,PAA
2020Q2,2020,Q2,2020-08-07,2020-06-30,142000000.0,3225000000.0,210000000.0,0.13,281000000.0,0.08713178294573644,24037000000.0,0.0,3161000000.0,3633000000.0,14235000000.0,662000000.0,0.0,6435520000.0,16517520000.0,0.0,0.8700798238370493,0.4211008029288181,0.0,0.021863992087317145,0.0,0.0,1.99551007751938,11.330140845070423,0.0,1.3591549295774648,4.447129909365559,0.02998980657351698,0.13416815742397137,0.5392237819983484,0.00590755917959812,-45.00363636363636,0.08713178294573644,1.0326633165829147,-0.3755095710740872,-0.736051600358219,0.0,-0.34651162790697676,1.0498770635756938,1.0757302560403894,-0.247793429974281,-0.4715843756440993,0.0,Oil & Gas Midstream,Energy,PAA
2020Q1,2020,Q1,2020-05-08,2020-03-31,-2847000000.0,8269000000.0,-2773000000.0,-3.98,430000000.0,0.052001451203289396,23700000000.0,0.0,3071000000.0,3357000000.0,13978000000.0,181000000.0,0.0,3843840000.0,13586840000.0,0.0,0.9148048853142687,0.41270042194092826,0.0,-0.27520645756164075,0.0,0.0,0.4648494376587254,-0.3375342465753425,0.0,-0.1050228310502283,43.30939226519337,0.07778679653679653,0.34890295358649787,0.6666666666666666,-0.12012658227848101,5.959441860465116,0.052001451203289396,-12.371428571428572,-6.292592125189298,-0.267870782028473,0.0,-0.0182648401826484,-10.303921568627452,-9.377643504531722,-7.086269305019305,0.17725137094793608,0.0,Oil & Gas Midstream,Energy,PAA
2019Q4,2019,Q4,2020-02-27,2019-12-31,306000000.0,9154000000.0,331000000.0,0.35,438000000.0,0.047847935328818,28677000000.0,0.0,4612000000.0,5017000000.0,15482000000.0,604000000.0,0.0,13387920000.0,23033920000.0,0.0,0.9192744668128363,0.3379363252780974,0.0,0.030469566298534086,0.0,0.0,1.4625213021629888,10.937843137254902,0.0,1.0588235294117647,14.43046357615894,0.024200921427675097,0.31921051713917076,0.7293203109427945,0.010670572235589497,28.853275862068966,0.047847935328818,-0.3636363636363637,-0.5979923922231614,-0.504158200399875,0.0,-0.21645796064400716,-0.3184855233853007,-0.32723577235772355,1.1843904127368696,0.3945481505555442,0.0,Oil & Gas Midstream,Energy,PAA
2019Q3,2019,Q3,2019-11-07,2019-09-30,449000000.0,7886000000.0,492000000.0,0.55,559000000.0,0.07088511285822978,28377000000.0,0.0,4676000000.0,4872000000.0,15266000000.0,816000000.0,0.0,15106000000.0,24754000000.0,0.0,0.9597701149425287,0.36145469922824824,0.0,0.04255054076836255,0.0,0.0,1.915546538168907,8.410913140311804,0.0,0.6659242761692651,8.979166666666666,0.019793459552495698,0.27790111710187826,0.7227011494252874,0.015822673291750362,408.27027027027026,0.07088511285822978,0.018518518518518535,-0.29349675092709143,-0.6397955868163472,0.0,0.07088122605363985,0.006726457399103139,0.09090909090909091,-0.1672725422725423,-0.15980668267902315,0.0,Oil & Gas Midstream,Energy,PAA
2019Q2,2019,Q2,2019-08-08,2019-06-30,446000000.0,8253000000.0,451000000.0,0.54,522000000.0,0.06324972737186478,27757000000.0,0.0,4282000000.0,4294000000.0,14684000000.0,558000000.0,0.0,17680640000.0,26856640000.0,0.0,0.9972054028877504,0.34567856756854126,0.0,0.046976982097186704,0.0,0.0,2.14232885011511,9.91067264573991,0.0,0.726457399103139,13.85483870967742,0.01832512850213567,0.2973304031415499,0.7578015836050302,0.016068018878120833,256.2411594202899,0.06324972737186478,-0.5499999999999999,-0.2197901739284636,-0.6298768916414222,0.0,-0.3425692695214106,-0.5402061855670103,-0.36834733893557425,1.417475860378335,-0.08724271601850686,0.0,Oil & Gas Midstream,Energy,PAA
2019Q1,2019,Q1,2019-05-10,2019-03-31,970000000.0,8375000000.0,714000000.0,1.2,794000000.0,0.09480597014925374,27386000000.0,0.0,4247000000.0,4182000000.0,14624000000.0,498000000.0,0.0,17956900000.0,26846900000.0,0.0,1.0155428024868485,0.3405389615131819,0.0,0.0717644003893585,0.0,0.0,2.1441074626865673,4.6280670103092785,0.0,0.26288659793814434,15.22289156626506,0.014200669380572371,0.3058131892207697,0.8218555714968915,0.03541955743810706,23.84714475431607,0.09480597014925374,-0.13043478260869562,0.2508596973865199,-0.6450547592800226,0.0,-0.38210116731517507,-0.13160250671441362,-0.4570342205323194,1.628869489424871,0.11528535679595502,0.0,Oil & Gas Midstream,Energy,PAA
2018Q4,2018,Q4,2019-02-27,2018-12-31,1117000000.0,8786000000.0,1315000000.0,1.38,1285000000.0,0.1462554063282495,25511000000.0,0.0,3533000000.0,3456000000.0,13509000000.0,640000000.0,0.0,14549040000.0,23692040000.0,0.0,1.0222800925925926,0.3609815373760339,0.0,0.12461102929199697,0.0,0.0,1.6559344411563852,3.256275738585497,0.0,0.24977618621307074,11.7203125,0.019176522987083684,0.34440045470581315,0.7291666666666666,0.043785033906942106,16.839166666666667,0.1462554063282495,0.586206896551724,0.7128388920092361,-0.6084402406996291,0.0,1.2663139329805997,0.5732394366197183,1.667342799188641,1.4892270823534681,-0.035915233564261906,0.0,Oil & Gas Midstream,Energy,PAA
2018Q3,2018,Q3,2018-11-08,2018-09-30,710000000.0,8792000000.0,493000000.0,0.87,567000000.0,0.06449044585987261,25927000000.0,-57000000.0,4127000000.0,4656000000.0,14577000000.0,824000000.0,0.0,18549300000.0,28089300000.0,-0.07851239669421488,0.8863831615120275,0.36907470976202417,-167.87719298245614,0.05256968641114983,-0.07851239669421488,-12.456140350877194,2.109792993630573,6.5314436619718315,-325.4263157894737,0.36056338028169016,9.981796116504855,0.01380105987827034,0.3391059513248737,0.6406786941580757,0.027384579781694757,-102.48232044198895,0.06449044585987261,11.428571428571429,0.4521245512981051,-0.6119035650517902,0.0,2.375,6.1,4.6022727272727275,0.5631672696294822,-0.13171379043212122,0.0,Oil & Gas Midstream,Energy,PAA
2018Q2,2018,Q2,2018-08-09,2018-06-30,100000000.0,8080000000.0,88000000.0,0.07,168000000.0,0.020792079207920793,25699000000.0,-57000000.0,3852000000.0,5122000000.0,14875000000.0,636000000.0,0.0,17139000000.0,27014000000.0,-0.07862068965517241,0.7520499804763764,0.38557920541655316,-173.8421052631579,0.010633567271813313,-0.07862068965517241,-1.7543859649122806,2.1211633663366336,42.847500000000004,-300.68421052631584,2.79,12.440251572327044,0.0162786626991073,0.3144091209774699,0.5579851620460757,0.0038912019922954203,476.0833333333333,0.020792079207920793,-0.7878787878787878,-0.8393953708077468,-0.6319338145400346,0.0,-0.6347826086956522,-0.6527777777777778,-0.7690288713910761,-0.5583982202447164,-0.3359602954038515,0.0,Oil & Gas Midstream,Energy,PAA
2018Q1,2018,Q1,2018-05-09,2018-03-31,288000000.0,8398000000.0,381000000.0,0.33,460000000.0,0.05477494641581329,25423000000.0,-57000000.0,3962000000.0,4601000000.0,14387000000.0,620000000.0,0.0,15971750000.0,25772750000.0,-0.07862068965517241,0.86111714844599,0.38642174408999724,-172.35087719298247,0.03219073172835374,-0.07862068965517241,-5.052631578947368,1.9018516313407954,13.864366319444446,-280.2061403508772,0.7569444444444444,12.803225806451612,0.013649099190758683,0.3303308028163474,0.6620299934796783,0.011328324745309365,62.634313725490195,0.05477494641581329,0.736842105263158,-0.7472100313479624,-0.6335180206506915,0.0,0.40672782874617736,0.5078534031413613,0.45977011494252873,-0.46239064213476305,-0.2533724857530843,0.0,Oil & Gas Midstream,Energy,PAA
2017Q4,2017,Q4,2018-02-27,2017-12-31,191000000.0,7605000000.0,261000000.0,0.19,327000000.0,0.04299802761341223,25351000000.0,-57000000.0,4000000000.0,4531000000.0,14393000000.0,713000000.0,0.0,14964000000.0,24847000000.0,-0.07862068965517241,0.8828073273008166,0.39130606287720404,-174.03508771929825,0.02465533912157534,-0.07862068965517241,-3.3508771929824563,1.9676528599605523,19.58638743455497,-262.5263157894737,1.1413612565445026,10.207573632538569,0.014568297246725474,0.299988166147292,0.6766718163760759,0.007534219557413908,44.668656716417914,0.04299802761341223,3.1742424242424243,-0.7250258620689655,-0.6288224570837793,0.0,1.9196428571428572,4.787878787878788,4.931818181818182,-0.7480353669319186,-0.586357820138456,0.0,Oil & Gas Midstream,Energy,PAA
2017Q3,2017,Q3,2017-11-09,2017-09-30,33000000.0,5873000000.0,44000000.0,0.04551724137931035,112000000.0,0.01907032181168057,25483000000.0,0.0,4015000000.0,4016000000.0,15203000000.0,884000000.0,0.0,15362750000.0,26736750000.0,0.0,0.9997509960159362,0.447631754503002,0.0,-0.011922503725782414,0.0,0.0,2.61582666439639,116.3844696969697,0.0,12.06060606060606,6.516968325791855,0.025906820068021676,0.2304673704037986,0.5776892430278885,0.0012949809677039595,67.38048245614036,0.01907032181168057,-0.7832512315270935,-0.9092413793103449,-0.7150815804413381,0.0,-0.6553846153846153,-0.824468085106383,-0.8287937743190662,-0.9478595067791181,-0.7306322303932963,0.0,Oil & Gas Midstream,Energy,PAA
2017Q2,2017,Q2,2017-08-08,2017-06-30,188000000.0,6078000000.0,257000000.0,0.21,325000000.0,0.05347153668970056,25004000000.0,0.0,3528000000.0,3757000000.0,14503000000.0,936000000.0,0.0,19045750000.0,30152750000.0,0.0,0.9390471120574927,0.4460886258198688,0.0,0.021883219216037152,0.0,0.0,3.133555445870352,25.32679521276596,0.0,2.122340425531915,6.146367521367521,0.02094955567515062,0.24308110702287633,0.5682725578919351,0.007518796992481203,51.336253369272235,0.05347153668970056,-0.6379310344827587,-0.7777339901477833,-0.7224364151461976,0.0,-0.5112781954887218,-0.5765765765765766,-0.5651438240270727,-0.6702150666826866,-0.7266673853783246,0.0,Oil & Gas Midstream,Energy,PAA
2017Q1,2017,Q1,2017-05-10,2017-03-31,444000000.0,6667000000.0,591000000.0,0.58,665000000.0,0.09974501274936254,25269000000.0,0.0,4210000000.0,4156000000.0,14679000000.0,1219000000.0,0.0,21842510000.0,33024510000.0,0.0,1.0129932627526468,0.44402231983853735,0.0,0.04585718779490406,0.0,0.0,3.276212689365532,12.298710585585585,0.0,0.8355855855855856,4.923707957342084,0.016985227430364003,0.263841070085876,0.5428296438883542,0.017570936720883296,40.37432532347505,0.09974501274936254,3.1428571428571423,-0.12278361542817581,-0.6713411342999398,0.0,1.3251748251748252,2.4960629921259843,1.7235023041474655,-0.3976121562952243,-0.7027215963448475,0.0,Oil & Gas Midstream,Energy,PAA
2016Q4,2016,Q4,2017-02-23,2016-12-31,127000000.0,5951000000.0,217000000.0,0.14,286000000.0,0.04805914972273567,24210000000.0,0.0,4272000000.0,4664000000.0,15394000000.0,1343000000.0,0.0,21311400000.0,33103400000.0,0.0,0.9159519725557461,0.4890128046261875,0.0,0.01700104420295976,0.0,0.0,3.5811460258780037,41.951574803149605,0.0,1.7874015748031495,4.218168279970216,0.010651576151730999,0.24580751755472946,0.49871355060034306,0.005245766212308964,-96.87,0.04805914972273567,-0.65,-0.7826575103553521,-0.6813468392421684,0.0,-0.31742243436754175,-0.5723905723905723,-0.37822349570200575,-0.7857801314111994,-0.7082643591672937,0.0,Oil & Gas Midstream,Energy,PAA
2016Q3,2016,Q3,2016-11-08,2016-09-30,297000000.0,5170000000.0,349000000.0,0.4,419000000.0,0.08104448742746614,23507000000.0,0.0,3773000000.0,4077000000.0,14433000000.0,1258000000.0,0.0,12595410000.0,23582410000.0,0.0,0.9254353691439784,0.46871144765389033,0.0,0.031569502261729214,0.0,0.0,2.4362495164410056,10.60219696969697,0.0,0.936026936026936,3.7766295707472177,0.02207153240744049,0.21993448759943846,0.48491537895511405,0.012634534394010294,-165.7290789473684,0.08104448742746614,0.5762376237623764,-0.21454371189464058,-0.5652319918772719,0.0,0.91324200913242,1.9405940594059405,1.3904109589041096,0.09975062344139664,-0.5868243061411219,0.0,Oil & Gas Midstream,Energy,PAA
2016Q2,2016,Q2,2016-08-08,2016-06-30,101000000.0,4950000000.0,146000000.0,0.2537688442211055,219000000.0,0.04424242424242424,23163000000.0,0.0,3603000000.0,4029000000.0,14193000000.0,1085000000.0,0.0,10941020000.0,21695020000.0,0.0,0.8942665673864483,0.46574277943271597,0.0,0.014231161771957388,0.0,0.0,2.2103070707070707,27.081732673267325,0.0,2.762376237623762,4.36036866359447,0.02550036468263471,0.2137028882269136,0.5085629188384214,0.004360402365842076,-19.027860869565217,0.04424242424242424,2.6252692031586498,-0.6638972640982691,-0.5816365947584179,0.0,-0.37249283667621774,-0.5,-0.48226950354609927,-0.7045157293315893,-0.5892527230616414,0.0,Oil & Gas Midstream,Energy,PAA
2016Q1,2016,Q1,2016-05-10,2016-03-31,202000000.0,4111000000.0,282000000.0,0.07,349000000.0,0.08489418632936026,22297000000.0,0.0,2780000000.0,3063000000.0,12926000000.0,877000000.0,0.0,8346060000.0,18178060000.0,0.0,0.9076069213189684,0.4425707494281742,0.0,0.026131421246946174,0.0,0.0,2.0301775723668207,10.329282178217822,0.0,1.3762376237623761,4.289623717217788,0.03330913029621163,0.1843745795398484,0.5174665360757428,0.009059514732923712,31.73406844106464,0.08489418632936026,-0.7083333333333333,-0.20244077530509694,-0.616046831506114,0.0,-0.1529126213592233,-0.17886178861788618,-0.19658119658119658,-0.6770214709913202,-0.6732021690372768,0.0,Oil & Gas Midstream,Energy,PAA
2015Q4,2015,Q4,2016-02-25,2015-12-31,246000000.0,4996000000.0,351000000.0,0.24,412000000.0,0.08246597277822258,22288000000.0,0.0,2969000000.0,3407000000.0,14349000000.0,916000000.0,0.0,9193800000.0,20540800000.0,0.0,0.871441150572351,0.5103194544149318,0.0,0.02712592307985935,0.0,0.0,1.8402321857485988,9.34329268292683,0.0,1.1341463414634145,5.004366812227074,0.030346537884226324,0.2241564967695621,0.5318461990020545,0.011037329504666188,-27.040588235294116,0.08246597277822258,0.0,0.2448864038502371,-0.5035139742412796,0.0,0.04834605597964377,-0.012048192771084338,0.05405405405405406,-0.3548680904522613,-0.5558191423267412,0.0,Oil & Gas Midstream,Energy,PAA
2015Q3,2015,Q3,2015-11-06,2015-09-30,249000000.0,5551000000.0,333000000.0,0.24,393000000.0,0.07079805440461179,22217000000.0,0.0,2958000000.0,3478000000.0,14001000000.0,837000000.0,0.0,12091240000.0,22720240000.0,0.0,0.8504887866589994,0.47940766080028807,0.0,0.02927403556557964,0.0,0.0,2.1782093316519546,12.139799196787148,0.0,1.108433734939759,6.1624850657108725,0.022826442945471266,0.24985371562317144,0.5365152386428982,0.011207633793941576,-503.8016666666667,0.07079805440461179,-0.22580645161290325,1.1008747440908244,-0.40853628917897883,0.0,0.3645833333333333,1.0080645161290323,0.5933014354066986,0.24746459570580162,-0.5094461510030375,0.0,Oil & Gas Midstream,Energy,PAA
2015Q2,2015,Q2,2015-08-07,2015-06-30,124000000.0,6663000000.0,209000000.0,0.31,288000000.0,0.04322377307519135,22884000000.0,0.0,3944000000.0,4474000000.0,14179000000.0,941000000.0,0.0,17297290000.0,27321290000.0,0.0,0.8815377738042021,0.43925887082677856,0.0,0.016421613976747663,0.0,0.0,2.596021311721447,34.8735685483871,0.0,2.193548387096774,6.77470775770457,0.015725006633987175,0.2911641321447299,0.6070630308448816,0.0054186331061003325,-26.128836858006043,0.04322377307519135,-0.11428571428571424,-0.35147191724190974,-0.2545594242909344,0.0,-0.35570469798657717,-0.5618374558303887,-0.43360433604336046,-0.7322777977689816,-0.4443272427942863,0.0,Oil & Gas Midstream,Energy,PAA
2015Q1,2015,Q1,2015-05-08,2015-03-31,283000000.0,5942000000.0,369000000.0,0.35,447000000.0,0.07522719623022552,21724000000.0,0.0,3453000000.0,3531000000.0,12888000000.0,929000000.0,0.0,18678910000.0,27536910000.0,0.0,0.9779099405267629,0.42883446879027803,0.0,0.03749677973379133,0.0,0.0,3.143539212386402,16.500803886925794,0.0,0.8975265017667845,5.914962325080732,0.01359822387923064,0.27352237157061315,0.6442934013027471,0.01302706683851961,64.1886941580756,0.07522719623022552,-0.4776119402985075,0.3310047896529663,-0.31103575424948054,0.0,-0.2525083612040134,-0.2743589743589744,-0.30377358490566037,0.00876376433193336,-0.4715221156019527,0.0,Oil & Gas Midstream,Energy,PAA
2014Q4,2014,Q4,2015-02-25,2014-12-31,390000000.0,9459000000.0,530000000.0,0.67,598000000.0,0.06322021355322972,22256000000.0,0.0,4179000000.0,4755000000.0,14065000000.0,891000000.0,0.0,19142360000.0,28788360000.0,0.0,0.8788643533123028,0.45151869158878505,0.0,0.04367136065128007,0.0,0.0,2.0237192092187333,12.270743589743589,0.0,0.6307692307692307,9.94500561167228,0.01285108001312273,0.42500898634076206,0.6347003154574132,0.017523364485981307,87.80899082568807,0.06322021355322972,0.2884615384615385,1.5854252985620279,0.1348660443722229,0.0,0.24066390041493776,0.20743034055727555,0.3118811881188119,0.18097479121260632,-0.10379242661291656,0.0,Oil & Gas Midstream,Energy,PAA
2014Q3,2014,Q3,2014-11-07,2014-09-30,323000000.0,11127000000.0,404000000.0,0.52,482000000.0,0.04331805518109104,21837000000.0,0.0,5160000000.0,5568000000.0,13707000000.0,1314000000.0,0.0,21778200000.0,30333200000.0,0.0,0.9267241379310345,0.3933232586893804,0.0,0.04430220373815075,0.0,0.0,1.9572391480183338,16.856191950464396,0.0,0.7368421052631579,8.101217656012176,0.010928359552212764,0.5095480148372029,0.6386494252873564,0.014791409076338325,-114.02198952879581,0.04331805518109104,0.15555555555555556,0.8604342046964997,0.609835901373888,0.0,0.05934065934065934,0.1254355400696864,0.10684931506849316,-0.07421371549485435,0.014116322954163874,0.0,Oil & Gas Midstream,Energy,PAA
2014Q2,2014,Q2,2014-08-08,2014-06-30,287000000.0,11195000000.0,365000000.0,0.45,455000000.0,0.04064314426083073,21495000000.0,0.0,5168000000.0,5423000000.0,13383000000.0,1096000000.0,0.0,21918250000.0,30068250000.0,0.0,0.9529780564263323,0.3804140497790184,0.0,0.041469582266546214,0.0,0.0,1.95786065207682,19.09255226480836,0.0,0.7979094076655052,9.799270072992702,0.01044791440922519,0.5208187950686206,0.6927899686520376,0.01335194231216562,-70.93284789644012,0.04064314426083073,-0.3835616438356164,0.49165995165189347,0.8480098276954182,0.0,-0.218213058419244,-0.2526041666666667,-0.25963488843813387,0.041412480974124845,0.031722248251526475,0.0,Oil & Gas Midstream,Energy,PAA
2014Q1,2014,Q1,2014-05-09,2014-03-31,384000000.0,11684000000.0,493000000.0,0.73,582000000.0,0.04981170831906881,20702000000.0,0.0,4932000000.0,5554000000.0,12919000000.0,914000000.0,0.0,19843200000.0,27510200000.0,0.0,0.8880086424198775,0.3717998261037581,0.0,0.0569505950100231,0.0,0.0,1.6983224922971585,12.91875,0.0,0.5755208333333334,12.146608315098469,0.011137316561844865,0.5643899140179692,0.6721281958948505,0.018548932470292726,56.054237288135596,0.04981170831906881,0.2586206896551725,0.25371248025276455,1.4376068376068378,0.0,0.2175732217573222,0.24271844660194175,0.2481012658227848,0.6761904761904762,0.2064321404846489,0.0,Oil & Gas Midstream,Energy,PAA
2013Q4,2013,Q4,2014-02-28,2013-12-31,309000000.0,10632000000.0,395000000.0,0.58,478000000.0,0.04495861550037622,20360000000.0,0.0,4964000000.0,5411000000.0,12657000000.0,1065000000.0,0.0,17808880000.0,25595880000.0,0.0,0.9173905008316392,0.3844793713163065,0.0,0.047465235500956014,0.0,0.0,1.6750263355906696,14.408478964401295,0.0,0.6666666666666666,9.534272300469484,0.011567263073253342,0.5222003929273085,0.6799112918129736,0.015176817288801572,-494.6911111111111,0.04495861550037622,0.5263157894736841,1.273137161841481,0.5506636116848351,-1.0,0.27466666666666667,0.33766233766233766,0.3344594594594595,0.8091631182443498,0.2224305557788977,0.0,Oil & Gas Midstream,Energy,PAA
2013Q3,2013,Q3,2013-11-06,2013-09-30,231000000.0,10703000000.0,296000000.0,0.38,375000000.0,0.035036905540502664,20267000000.0,0.0,5145000000.0,5011000000.0,12583000000.0,1198000000.0,0.0,18062380000.0,25666380000.0,0.0,1.0267411694272601,0.3768194602062466,0.0,0.037340674572124796,0.0,0.0,1.6875997383911052,19.548030303030302,0.0,0.8701298701298701,8.621035058430717,0.01112810161230137,0.528099866778507,0.717421672320894,0.011397838851334682,-103.2136,0.035036905540502664,-0.33333333333333326,-0.1957598573409947,-0.13380680640570378,-1.0,-0.2088607594936709,-0.2089041095890411,-0.22715404699738903,1.2615268329554044,0.32327879701927537,0.0,Oil & Gas Midstream,Energy,PAA
2013Q2,2013,Q2,2013-08-08,2013-06-30,292000000.0,10295000000.0,383000000.0,0.57,474000000.0,0.04604176784847013,19424000000.0,0.0,4841000000.0,4924000000.0,11795000000.0,892000000.0,0.0,19040000000.0,26239000000.0,0.0,0.9831437855402112,0.3714476935749588,0.0,0.050079106682880264,0.0,0.0,1.849441476444876,16.3013698630137,0.0,0.6678082191780822,11.010089686098654,0.010241596638655462,0.5300144151565074,0.7146628757108042,0.015032948929159802,-297.5,0.04604176784847013,-0.5511811023622047,4.02725968436155,-0.19789637709388386,-1.0,-0.3771353482260184,-0.44696969696969696,-0.4152671755725191,0.7832061068702288,0.3448726322664925,0.0,Oil & Gas Midstream,Energy,PAA
2013Q1,2013,Q1,2013-05-08,2013-03-31,528000000.0,10620000000.0,655000000.0,1.27,761000000.0,0.0716572504708098,19440000000.0,0.0,5140000000.0,5022000000.0,11951000000.0,1031000000.0,0.0,19135200000.0,26131200000.0,0.0,1.0234966148944644,0.3611111111111111,0.0,0.08490899153038373,0.0,0.0,1.8018079096045199,9.060227272727273,0.0,0.35795454545454547,9.562560620756548,0.009877085162423178,0.5462962962962963,0.7417363600159299,0.027160493827160494,31.063636363636363,0.0716572504708098,0.8405797101449277,2.962732919254658,0.01916013104338334,-1.0,5.137096774193548,0.65,0.6293532338308457,1.8306527909176913,0.4036151603498542,0.0,Oil & Gas Midstream,Energy,PAA
2012Q4,2012,Q4,2013-02-27,2012-12-31,320000000.0,9439000000.0,402000000.0,0.69,124000000.0,0.013136984850090051,19235000000.0,0.0,5147000000.0,5183000000.0,12089000000.0,1209000000.0,0.0,15110160000.0,22492160000.0,0.0,0.99305421570519,0.38502729399532104,0.0,0.05252933541243804,0.0,0.0,1.6008221209873927,11.8048125,0.0,0.08125,7.704714640198511,0.0017206965379585656,0.49072004159085003,0.6920702295967587,0.016636340005198855,1888.77,0.013136984850090051,1.5555555555555551,1.8829500532009908,0.016863554092862717,-1.0,-0.7695167286245354,0.9393939393939394,0.6275303643724697,1.3690800217746326,0.2647006086543596,0.0,Oil & Gas Midstream,Energy,PAA
2012Q3,2012,Q3,2012-11-07,2012-09-30,165000000.0,9354000000.0,247000000.0,0.27,538000000.0,0.057515501389779775,18187000000.0,0.0,4813000000.0,4886000000.0,11262000000.0,1320000000.0,0.0,14765520000.0,21378520000.0,0.0,0.9850593532541957,0.3653708693022489,0.0,0.03457284561923024,0.0,0.0,1.5785246953175112,22.372,0.0,1.496969696969697,6.678787878787879,0.016728161283855902,0.5143234178259196,0.6858370855505526,0.009072414361906856,72.38,0.057515501389779775,-0.7081081081081081,0.18244495514863968,0.13746055157817277,-1.0,-0.1554160125588697,-0.5634920634920635,-0.4653679653679654,0.06881259654193043,0.5219721731490227,0.0,Oil & Gas Midstream,Energy,PAA
2012Q2,2012,Q2,2012-08-09,2012-06-30,378000000.0,9786000000.0,462000000.0,0.925,637000000.0,0.06509298998569385,17806000000.0,0.0,4676000000.0,4814000000.0,11161000000.0,1172000000.0,0.0,13091220000.0,19869220000.0,0.0,0.9713336103032821,0.38133213523531395,0.0,0.06632302405498282,0.0,0.0,1.337749846719804,8.658214285714285,0.0,0.6296296296296297,7.8063139931740615,0.01818012377761584,0.5495900258339885,0.6618196925633568,0.02122879928114119,-56.91834782608696,0.06509298998569385,0.8137254901960785,1.4602417302798985,0.7037670423499204,-1.0,0.3640256959314775,0.6434782608695652,0.476038338658147,1.213235294117647,0.8198401577663604,0.0,Oil & Gas Midstream,Energy,PAA
2012Q1,2012,Q1,2012-05-08,2012-03-31,230000000.0,9218000000.0,313000000.0,0.51,467000000.0,0.05066174875244088,17081000000.0,0.0,4166000000.0,4442000000.0,10568000000.0,1079000000.0,0.0,12316650000.0,18853650000.0,0.0,0.9378658262044124,0.3835255547099116,0.0,0.04406075764712311,0.0,0.0,1.3361520937296594,13.387663043478263,0.0,0.9782608695652174,8.110287303058387,0.018267954354471386,0.539663954101048,0.6564610535794687,0.013465253790761664,228.0861111111111,0.05066174875244088,-0.4239568345323741,0.8921784642687942,0.518676749521672,-1.0,-0.087890625,-0.17266187050359713,-0.12813370473537605,-0.13907084855254032,1.2048632945869517,0.0,Oil & Gas Midstream,Energy,PAA
2011Q4,2011,Q4,2012-02-28,2011-12-31,278000000.0,8885000000.0,359000000.0,0.8853503184713376,512000000.0,0.05762521102982555,15381000000.0,0.0,4351000000.0,4511000000.0,9407000000.0,978000000.0,0.0,11531650000.0,16704650000.0,0.0,0.964531146087342,0.33801443339184706,0.0,0.06520295517107641,0.0,0.0,1.297878446820484,10.370188848920863,0.0,0.7446043165467626,8.561349693251534,0.01795059683566532,0.5776607502763149,0.7129239636444248,0.018074247448150314,28.263848039215688,0.05762521102982555,0.2045582564235886,3.211188036554971,0.4100400431939627,-1.0,0.07112970711297072,-0.010676156583629894,0.0056022408963585435,1.2404783569478748,0.4196747378716091,-1.0,Oil & Gas Midstream,Energy,PAA
2011Q3,2011,Q3,2011-11-04,2011-09-30,281000000.0,8837000000.0,357000000.0,0.735,478000000.0,0.05409075478103429,14443000000.0,0.0,4190000000.0,4126000000.0,8958000000.0,1086000000.0,0.0,8779080000.0,13884080000.0,0.0,1.0155113911778963,0.3544277504673544,0.0,0.06831691457594954,0.0,0.0,0.9934457395043567,7.810569395017794,0.0,0.6619217081850534,7.697053406998158,0.021186730272420344,0.6118534930416119,0.7275811924381969,0.019455791733019454,14.274926829268292,0.05409075478103429,0.30088495575221247,0.579495729742659,0.047056236266286536,-1.0,0.10138248847926268,0.24888888888888888,0.19798657718120805,0.1260506939466997,-0.17682541702071583,-1.0,Oil & Gas Midstream,Energy,PAA
2011Q2,2011,Q2,2011-08-05,2011-06-30,225000000.0,8859000000.0,298000000.0,0.565,434000000.0,0.0489897279602664,14913000000.0,0.0,4633000000.0,3983000000.0,9230000000.0,1452000000.0,0.0,9536000000.0,15044000000.0,0.0,1.1631935726839067,0.3708844632200094,0.0,0.051874408854077174,0.0,0.0,1.0764194604357151,10.595555555555556,0.0,0.9511111111111111,5.8023415977961434,0.022441275167785234,0.5940454636893985,0.7707757971378358,0.015087507543753771,62.73684210526316,0.0489897279602664,0.2555555555555554,0.44800956145996124,-0.06423413057041216,-1.0,0.03827751196172249,0.23626373626373626,0.0456140350877193,3.4197086266164676,-0.21249833325925593,-1.0,Oil & Gas Midstream,Energy,PAA
2011Q1,2011,Q1,2011-05-06,2011-03-31,182000000.0,7694000000.0,285000000.0,0.45,418000000.0,0.05432804782947751,14745000000.0,0.0,4607000000.0,4051000000.0,9327000000.0,1386000000.0,0.0,9113390000.0,14544390000.0,0.0,1.1372500617131573,0.36961681926076634,0.0,0.04886016124548234,0.0,0.0,1.1844801143748376,12.518392857142857,0.0,1.010989010989011,5.24963924963925,0.020190071971022856,0.521804001356392,0.7765983707726487,0.012343167175313665,17.09829268292683,0.05432804782947751,-0.0936619718309859,0.48551763693719524,-0.538931550419148,-1.0,0.14835164835164835,0.28169014084507044,0.3317757009345794,0.6047430830039525,-0.13255222886911552,-1.0,Oil & Gas Midstream,Energy,PAA
2010Q4,2010,Q4,2011-02-25,2010-12-31,142000000.0,7231000000.0,214000000.0,0.4965034965034965,364000000.0,0.05033881897386254,13703000000.0,0.0,4381000000.0,4215000000.0,9130000000.0,1491000000.0,0.0,8978970000.0,14899970000.0,0.0,1.0393831553973902,0.4347223235787784,0.0,0.03520081839311486,0.0,0.0,1.2417328170377542,15.808045774647887,0.0,3.5,4.605633802816901,0.05535156036828277,0.5276946654017368,0.6600237247924081,0.010362694300518135,-27.045090361445784,0.05033881897386254,2.546453546453546,0.368083807762092,-0.5705725566853971,-1.0,0.36329588014981273,0.7530864197530864,0.4266666666666667,0.49401830335682473,-0.09026376945169688,-1.0,Oil & Gas Midstream,Energy,PAA
2010Q3,2010,Q3,2010-11-05,2010-09-30,81000000.0,6414000000.0,150000000.0,0.14,267000000.0,0.04162768942937325,12737000000.0,0.0,3771000000.0,3567000000.0,8394000000.0,1556000000.0,0.0,8555760000.0,14030760000.0,0.0,1.0571909167367535,0.43087069168564024,0.0,0.028698979591836735,0.0,0.0,1.3339195509822264,26.406666666666666,0.0,3.1358024691358026,3.9505141388174807,0.029687602270283414,0.5035722697652508,0.6047098402018503,0.006359425296380623,118.83,0.04162768942937325,-0.5692307692307692,-0.4132767914841522,-0.6300210484204577,-1.0,-0.14423076923076922,-0.3816793893129771,-0.21875,-0.29788378766140605,-0.05660205106357072,-1.0,Oil & Gas Midstream,Energy,PAA
2010Q2,2010,Q2,2010-08-06,2010-06-30,131000000.0,6124000000.0,192000000.0,0.325,312000000.0,0.05094709340300457,12368000000.0,0.0,3498000000.0,3377000000.0,7953000000.0,1483000000.0,0.0,7983200000.0,13343200000.0,0.0,1.0358306188925082,0.43458926261319536,0.0,0.03572093023255814,0.0,0.0,1.303592423252776,15.235114503816794,0.0,0.9694656488549618,3.919082939986514,0.015908407656077764,0.49514877102199223,0.5780278353568256,0.010591849935316948,-36.45296803652968,0.05094709340300457,-0.18750000000000003,0.05001338787337298,-0.5730614514822103,-1.0,-0.08235294117647059,-0.13245033112582782,-0.09004739336492891,0.015625000000000062,0.2700367553218643,-1.0,Oil & Gas Midstream,Energy,PAA
2010Q1,2010,Q1,2010-05-07,2010-03-31,151000000.0,6125000000.0,211000000.0,0.4,340000000.0,0.05551020408163265,12102000000.0,0.0,3341000000.0,3496000000.0,7893000000.0,1244000000.0,0.0,7738400000.0,8681400000.0,0.0,0.9556636155606407,0.07924310031399769,0.0,0.22002085505735142,0.0,0.0,1.2634122448979592,12.811920529801323,0.0,0.8344370860927153,4.65032154340836,0.016282435645611496,0.5061146917864816,0.590675057208238,0.012477276483225913,26.96306620209059,0.05551020408163265,-0.01090909090909087,1.2849222123011603,-0.5419523876120346,-1.0,0.1564625850340136,0.37272727272727274,0.21965317919075145,0.43407528300576437,0.16491832576510934,-1.0,Oil & Gas Midstream,Energy,PAA
2009Q4,2009,Q4,2010-02-26,2009-12-31,110000000.0,6078000000.0,173000000.0,0.40441176470588236,294000000.0,0.04837117472852912,12358000000.0,0.0,3658000000.0,3782000000.0,8199000000.0,1157000000.0,0.0,7187600000.0,12378600000.0,0.0,0.9672131147540983,0.4220747693801586,0.0,0.03172512670045345,0.0,0.0,1.1825600526488977,16.335454545454546,0.0,0.0,4.99913569576491,0.0,0.49182715649781517,0.6023268112109995,0.008901116685547824,-74.09896907216495,0.04837117472852912,0.2443438914027149,1.2092049935391447,-0.5111192290961749,-1.0,0.061371841155234655,-0.09836065573770492,0.04216867469879518,0.9235933503836317,0.11351341575165183,-1.0,Oil & Gas Midstream,Energy,PAA
2009Q3,2009,Q3,2009-11-06,2009-09-30,122000000.0,4857000000.0,166000000.0,0.325,277000000.0,0.05703108914968087,11493000000.0,0.0,3024000000.0,2859000000.0,7266000000.0,1174000000.0,0.0,6017700000.0,6700700000.0,0.0,1.0577124868835257,0.060819629339598016,0.0,0.2336517605796299,0.0,0.0,1.2389746757257567,12.331352459016394,0.0,0.0,3.901192504258944,0.0,0.4226050639519708,0.5795732773697096,0.010615157052118681,-91.17727272727272,0.05703108914968087,-0.16666666666666666,0.47908770196593065,-0.5811333800045928,-1.0,-0.05460750853242321,-0.10294117647058823,-0.09289617486338798,-0.2140138687308499,-0.3404067959085857,-1.0,Oil & Gas Midstream,Energy,PAA
2009Q2,2009,Q2,2009-08-07,2009-06-30,136000000.0,4282000000.0,183000000.0,0.39,293000000.0,0.06842596917328352,10559000000.0,0.0,2922000000.0,3208000000.0,6853000000.0,995000000.0,0.0,5488950000.0,6423950000.0,0.0,0.9108478802992519,0.08921299365470214,0.0,0.1971670310866052,0.0,0.0,1.281865950490425,10.089981617647057,0.0,0.8602941176470589,4.009045226130653,0.0213155521547837,0.4055308267828393,0.524002493765586,0.012880007576475045,-18.115346534653465,0.06842596917328352,-0.4468085106382978,0.8189939754468006,-0.6018349627632096,-1.0,-0.18611111111111112,-0.35545023696682465,-0.28515625,0.010937665923330172,-0.4775728720831995,-1.0,Oil & Gas Midstream,Energy,PAA
2009Q1,2009,Q1,2009-05-08,2009-03-31,211000000.0,3302000000.0,256000000.0,0.705,360000000.0,0.10902483343428225,9385000000.0,0.0,2013000000.0,2211000000.0,5645000000.0,688000000.0,0.0,4558240000.0,5146240000.0,0.0,0.9104477611940298,0.0633990410229089,0.0,0.4282226097986364,0.0,0.0,1.3804482132041187,5.400758293838862,0.0,0.5213270142180095,4.276162790697675,0.024132121169574222,0.3518380394246137,0.5540479421076436,0.022482685135855086,12.591823204419889,0.10902483343428225,0.7840816326530612,2.207422269410528,-0.5911553642541639,-1.0,0.5384615384615384,1.153061224489796,0.7902097902097902,0.986109697771446,-0.7718057777176768,-1.0,Oil & Gas Midstream,Energy,PAA
2008Q4,2008,Q4,2009-02-26,2008-12-31,98000000.0,4943000000.0,143000000.0,0.3951612903225806,234000000.0,0.047339672263807406,10032000000.0,3552000000.0,2596000000.0,2960000000.0,6480000000.0,801000000.0,0.0,4301560000.0,8576560000.0,14.32258064516129,0.8770270270270271,0.4272328548644338,1.2066441441441442,0.018060162739927985,14.32258064516129,0.02759009009009009,0.8702326522354845,10.973367346938776,1.2110247747747747,1.4285714285714286,5.878901373283396,0.032546332028380406,0.4927232854864434,0.518918918918919,0.009768740031897927,9.055915789473683,0.047339672263807406,-0.3067345783814374,269.4064141035259,-0.34315871200686643,1.2408168602620544,-0.2930513595166163,-0.5242718446601942,-0.411522633744856,0.08884180383791206,-0.6614705960453829,0.5929525328653122,Oil & Gas Midstream,Energy,PAA
2008Q3,2008,Q3,2008-11-07,2008-09-30,206000000.0,8862000000.0,243000000.0,0.57,331000000.0,0.037350485217783794,11870000000.0,3651000000.0,4535000000.0,4742000000.0,8219000000.0,1391000000.0,0.0,4873260000.0,9405260000.0,14.841463414634147,0.9563475326866301,0.3849199663016007,1.2514379622021363,0.029137708238745504,14.841463414634147,0.05642289783620926,0.5499052132701422,5.914150485436893,1.3347740345110928,0.6844660194174758,6.1329978432782175,0.028933403922630847,0.7465880370682393,0.6216786166174609,0.017354675652906486,-10.110497925311204,0.037350485217783794,7.769230769230767,6.447491427150814,0.24548569622466415,1.2213339913117527,0.7989130434782609,4.024390243902439,2.0,0.6498682535160084,-0.43478509691691336,0.5412349106249764,Oil & Gas Midstream,Energy,PAA
2008Q2,2008,Q2,2008-08-08,2008-06-30,41000000.0,9060000000.0,81000000.0,0.065,184000000.0,0.020309050772626933,11889000000.0,3587000000.0,4596000000.0,4748000000.0,8302000000.0,1181000000.0,0.0,5413200000.0,9341200000.0,14.945833333333333,0.9679865206402696,0.3313146606106485,1.0981321438528018,0.009592831806260037,14.945833333333333,0.011430164482854754,0.5974834437086093,33.00731707317073,1.5091162531363256,3.097560975609756,7.515664690939881,0.023461168994310205,0.7620489528135251,0.6417438921651222,0.0034485659012532593,-63.684705882352944,0.020309050772626933,-0.7719298245614035,-0.23741950878992507,0.4553567506733565,1.5982781287016923,-0.14418604651162792,-0.5543478260869565,-0.36220472440944884,-0.6275525031309206,-0.284159860192576,1.0294816030768708,Oil & Gas Midstream,Energy,PAA
2008Q1,2008,Q1,2008-05-06,2008-03-31,92000000.0,7195000000.0,127000000.0,0.285,215000000.0,0.029881862404447533,9985000000.0,3330000000.0,3663000000.0,3865000000.0,6655000000.0,776000000.0,0.0,5514640000.0,8833640000.0,14.35344827586207,0.9477360931435964,0.33410115172759136,1.0018018018018018,0.019475280861419475,14.35344827586207,0.02762762762762763,0.7664544822793606,14.985434782608694,1.656048048048048,1.3478260869565217,8.994845360824742,0.022485601961324764,0.7205808713069605,0.7174644243208279,0.009213820731096644,15.318444444444445,0.029881862404447533,-0.1424124513618678,0.6338888582073384,-0.051896215082286236,1.4343456039991094,0.10312981015905592,0.1932555123216602,0.1169744942832014,0.6321618360534437,-0.36916432135978616,0.9179556764069308,Oil & Gas Midstream,Energy,PAA
2007Q4,2007,Q4,2008-02-29,2007-12-31,77100000.0,6447700000.0,113700000.0,0.33232758620689656,194900000.0,0.03022783318082417,9906000000.0,3424000000.0,3673000000.0,3729000000.0,6482000000.0,972000000.0,0.0,6032000000.0,9592000000.0,14.758620689655173,0.9849825690533656,0.3618009287300626,1.0467289719626167,0.01609903078224996,14.758620689655173,0.02251752336448598,0.9355273973665028,19.55901426718547,1.7616822429906542,1.5667963683527886,6.432921810699589,0.020026525198938994,0.6508883504946497,0.6932153392330384,0.007783161720169594,-18.926890492626296,0.03022783318082417,0.007053291536050145,0.8792251242354927,0.11115677113409127,1.8943178026904925,-0.07366920152091255,-0.21646341463414634,-0.15212527964205816,0.8154263229039229,-0.39196580894960825,0.8621828980333625,Oil & Gas Midstream,Energy,PAA
2007Q3,2007,Q3,2007-11-07,2007-09-30,98400000.0,5799000000.0,134100000.0,0.33,210400000.0,0.03628211760648388,9187200000.0,3423200000.0,3184600000.0,3020100000.0,5764000000.0,964900000.0,0.0,6196720000.0,9289520000.0,14.755172413793103,1.0544683950862555,0.3380028735632184,0.907133676092545,0.019893754760321042,14.755172413793103,0.02874503388642206,1.0685842386618383,15.74369918699187,1.810212666510867,1.201219512195122,5.791895533215877,0.01907460721155708,0.6312042842215256,0.698817919936426,0.010710553814002089,11.043878096595972,0.03628211760648388,-0.15384615384615383,1.3928168844425004,-0.01840193972274895,1.6222745139810033,-0.16673267326732674,-0.061068702290076333,-0.12180746561886051,0.3369481263106406,-0.43953806660856065,0.8585206702482245,Oil & Gas Midstream,Energy,PAA
2007Q2,2007,Q2,2007-08-09,2007-06-30,104800000.0,3917800000.0,152700000.0,0.39,252500000.0,0.0644494359079075,9264200000.0,3399600000.0,3462400000.0,3115700000.0,5864600000.0,1585800000.0,0.0,7033325000.0,10503925000.0,15.382805429864254,1.111275154860866,0.37943913127954926,1.0340040004706437,0.019797310072893575,15.382805429864254,0.030827156136016002,1.795223084384093,16.777969942748094,2.0688683962819154,1.0248091603053435,2.3113255139361835,0.015270160272701745,0.42289674229830965,0.5651699457585775,0.011312363722717558,-30.31605603448276,0.0644494359079075,0.278688524590164,1.42002535388801,-0.22756882188758648,2.344017546831242,0.2365328109696376,0.23730814639905548,0.2995744680851064,0.6363683359635603,-0.5747090381660103,1.1880605071424752,Oil & Gas Midstream,Energy,PAA
2007Q1,2007,Q1,2007-05-09,2007-03-31,84700000.0,4229500000.0,117500000.0,0.305,204200000.0,0.04827993852701265,8513000000.0,2943600000.0,2809500000.0,2850600000.0,5569400000.0,968200000.0,0.0,6302534000.0,9812934000.0,13.453382084095065,0.9855819827404757,0.4143075296605192,1.1981926892240793,0.018137643909258074,13.453382084095065,0.028774289985052316,1.4901368956141388,18.602520661157026,2.1410972958282373,1.2349468713105076,4.1575087791778556,0.016596499122416477,0.49682838012451547,0.5900161369536238,0.009949489016797838,26.525816498316498,0.04827993852701265,0.45073913043478253,1.344896640388586,0.08210318172999967,1.9767173970353702,0.3862864901561439,0.841304347826087,0.6251728907330567,0.4593567070347043,-0.4064263307983813,1.1349887148497486,Oil & Gas Midstream,Energy,PAA
