Quarters,Year,Quarter,FillingDate,Date,NetIncome,Revenue,OperatingIncome,EPSDiluted,GrossProfit,GrossProfitRatio,TotalAssets,CommonStockEquity,CurrentAssets,CurrentLiability,TotalLiability,Inventory,RetainedEarnings,MarketCap,EnterpriseValue,bookValuePerShare,currentRatio,debtToAssets,debtToEquity,roic,shareholdersEquityPerShare,roe,priceToSalesRatio,peRatio,pbRatio,payoutRatio,inventoryTurnover,dividendYield,assetTurnover,quickRatio,returnOnAssets,priceToFreeCashFlowsRatio,grossProfitMargin,epsdilutedGrowth,fiveYNetIncomeGrowthPerShare,fiveYRevenueGrowthPerShare,fiveYShareholdersEquityGrowthPerShare,grossProfitGrowth,netIncomeGrowth,operatingIncomeGrowth,threeYNetIncomeGrowthPerShare,threeYRevenueGrowthPerShare,threeYShareholdersEquityGrowthPerShare,Industry,Sector,Symbol
2023Q1,2023,Q1,2023-05-04,2023-03-26,-134546000.0,84554000.0,-119313000.0,-2.61,74173000.0,0.8772263879,2209741000.0,140110000.0,184163000.0,411518000.0,2209741000.0,56790000.0,0.0,2306982150.0,4790968150.0,2.7129441378642656,0.4475211290879135,1.1751698502222658,18.53415887516951,-0.03593293526341679,2.7129441378642656,-0.9602883448718864,27.2841278945999,-4.286604860047865,16.465506744700594,-0.11570763902308503,0.18279626694840642,0.006748209993735756,0.0382642128647656,0.2170962145033753,-0.06088767869175618,-14.254709280771133,0.8772263878704734,-11.874999999999998,-0.7539863897438542,0.6797861440876312,0.0,-0.7784597647592935,-11.890004046944556,-3.4133376484152187,0.31950976268533393,0.7220449562340185,0.0,Leisure,Consumer Cyclical,FUN
2022Q4,2022,Q4,2023-02-17,2022-12-31,12355000.0,365994000.0,49439000.0,0.24,334806000.0,0.9147854883,2235897000.0,323277000.0,243759000.0,396972000.0,2235897000.0,45297000.0,307668000.0,2172954420.0,4421677420.0,6.150276810684321,0.6140458269097064,1.087558595051561,7.521936296117571,0.014383903446165577,6.150276810684321,0.03821799880597754,5.9371312644469585,43.969130311614734,6.721648678996651,1.32132739781465,0.6885224187032254,0.00751281290106398,0.1636900089762632,0.433569622038834,0.005525746490111128,-43.40093115225598,0.9147854882866933,-0.9590443686006825,-0.7709447882309419,0.7113970026256596,0.0,-0.5651819306978912,-0.9629034679477556,-0.8307561696169685,3.7825548898473236,0.5337965204149216,0.0,Leisure,Consumer Cyclical,FUN
2022Q3,2022,Q3,2022-11-02,2022-09-25,333050000.0,843063000.0,292117000.0,5.86,769991000.0,0.9133255759,2414456000.0,16453000.0,438948000.0,461432000.0,2885243000.0,49669000.0,0.0,2259870720.0,4321729720.0,0.291802639046538,0.9512734270705109,1.008503778905062,147.99659636540449,0.09731208153856796,0.291802639046538,20.24250896493041,2.6805478594126417,1.696344933193214,137.35311007111164,0.0,1.4711792063460105,0.0,0.34917306424304273,0.7936835763449436,0.13793997488461168,10.091907345631874,0.9133255759059524,5.584269662921349,0.731398551256889,0.28466641357807715,0.0,0.6726971361786895,5.5597179547782245,1.6065351429004828,0.7575079380246909,0.18273946775281913,0.0,Leisure,Consumer Cyclical,FUN
2022Q2,2022,Q2,2022-08-03,2022-06-26,50772000.0,509491000.0,112071000.0,0.89,460329000.0,0.9035076184,2416997000.0,14615000.0,476375000.0,509394000.0,3142779000.0,56608000.0,0.0,2466789600.0,4902442600.0,0.2574876673713883,0.9351798411445758,1.0654254018519675,176.1977420458433,0.031148056609716115,0.2574876673713883,3.473965104344851,4.841674533995694,12.146407468683526,168.784782757441,0.0,0.8684638213680045,0.0,0.21079504856646492,0.44936532428729037,0.021006232113651775,13.719249186618837,0.9035076183877635,1.5705128205128205,0.5990869622184012,0.28145066025846094,0.0,4.230357568940246,1.5736365793309155,2.3629962054874487,-0.20193099161074188,0.16216281273486718,0.0,Leisure,Consumer Cyclical,FUN
2022Q1,2022,Q1,2022-05-04,2022-03-27,-88509000.0,98835000.0,-82224000.0,-1.56,88011000.0,0.8904841402,2350300000.0,11796000.0,264564000.0,407090000.0,3137881000.0,39269000.0,0.0,3061745560.0,5672147560.0,0.2081230812660997,0.6498906875629468,1.1319257116112837,225.53111224143777,-0.025172052107897653,0.2081230812660997,-7.503306205493388,30.97835341731168,-8.648119287304116,259.55794845710415,0.0,0.2756372711298989,0.0,0.04205207845806918,0.46335945368346065,-0.0376585967748798,-23.670789117644784,0.8904841402337229,-2.2500000000000004,-0.3506921655989728,1.0213306664092123,0.0,-0.7282839571730244,-2.251735919761931,-4.4814124820052506,-0.0509283409912556,0.4660746558655622,0.0,Leisure,Consumer Cyclical,FUN
2021Q4,2021,Q4,2022-02-18,2021-12-31,-27219000.0,350936000.0,23618000.0,-0.48,323908000.0,0.922983108,2313020000.0,8943000.0,263641000.0,381514000.0,2313020000.0,32113000.0,0.0,2846111240.0,5317273240.0,0.15729763956801632,0.6910388609592308,1.0947942516709757,283.1578888516158,0.010466681040690626,0.15729763956801632,-3.043609527004361,8.110057788314679,-26.14085050883574,318.25016661075705,0.0,0.8416529131504376,0.0,0.1517219911630682,0.543306405531645,-0.01176773222886097,-58.63797185652183,0.922983108031094,-1.1846153846153846,-2.941818925495336,0.7992084453432212,0.0,-0.5332078593230745,-1.183928318027935,-0.9054353266200876,-0.19665803824088868,0.38958721833535903,0.0,Leisure,Consumer Cyclical,FUN
2021Q3,2021,Q3,2021-11-03,2021-09-26,147987000.0,753404000.0,249755000.0,2.6,693902000.0,0.9210224527610684,2814487000.0,0.0,748371000.0,416603000.0,3497132000.0,36861000.0,0.0,2637165960.0,5049693960.0,0.0,1.7963648845543598,1.0570981496805634,0.0,0.0645448500011518,0.0,0.0,3.5003344288057936,4.455063552879644,0.0,0.0,1.6142264181655408,0.0,0.26768785927950633,1.6504633908061153,0.05258045249453986,9.801696177690557,0.9210224527610684,3.5,-0.16445253978743482,0.14466621261578938,0.0,2.460737031624831,3.513793103448276,7.498451851273645,-0.3110891224590558,0.12719414574954296,0.0,Leisure,Consumer Cyclical,FUN
2021Q2,2021,Q2,2021-08-05,2021-06-30,-58870000.0,224137000.0,-38433000.0,-1.04,200507000.0,0.8945734082280035,2664233000.0,0.0,523744000.0,442955000.0,3505793000.0,46983000.0,0.0,2537593542.64,5216332542.639999,0.0,1.1823864726665236,1.1152684468663214,0.0,-0.010920686200329549,0.0,0.0,11.321618218500292,-10.77625931136402,0.0,0.0,0.5029478747632122,0.0,0.08412815245513437,0.9853438836902169,-0.02209641574141601,125.20197072429444,0.8945734082280035,0.4666666666666666,-2.003373194540324,-0.4291619492335429,0.0,25.964362560516406,0.46683451673670484,0.5825131982011341,-4.039091258031107,-0.4145477985390798,0.0,Leisure,Consumer Cyclical,FUN
2021Q1,2021,Q1,2021-05-05,2021-03-28,-110416000.0,9742000.0,-92058000.0,-1.95,7436000.0,0.7632929583247793,2627661000.0,0.0,479405000.0,333011000.0,3408271000.0,48004000.0,0.0,2734289200.0,5430789200.0,0.0,1.4396071000657635,1.1296091847464342,0.0,-0.02692805158382956,0.0,0.0,280.6702114555533,-6.190880850601363,0.0,0.0,0.04803766352803933,0.0,0.0037074797700312177,1.1970415391683757,-0.04202064117098819,-27.69180879076362,0.7632929583247793,-0.04859738001222828,-1.250094537514601,-0.8352832011220809,0.0,-0.7130508605387049,-0.047063620759959415,0.15421294892643533,-0.3145216744980025,-0.8232545366200368,0.0,Leisure,Consumer Cyclical,FUN
2020Q4,2020,Q4,2021-02-19,2020-12-31,-105453000.0,33877000.0,-108843000.0,-1.859627,25914000.0,0.7649437671576585,2693412000.0,0.0,554511000.0,299981000.0,3359849000.0,47479000.0,0.0,2230814040.0,4818805040.0,0.0,1.8484870708478203,1.1007328251303552,0.0,-0.03032590270688384,0.0,0.0,65.85040115712725,-5.288645273249695,0.0,0.0,0.16771625350154806,0.0,0.01257772669016103,1.601051399921995,-0.039152198029859524,-14.942923055282037,0.7649437671576585,0.22837053941908722,-3.041770247616787,-0.8002449506842387,0.0,-0.6582123214497685,0.2260955078856019,0.20618609332380355,-2.8122057259239406,-0.8531638881113205,0.0,Leisure,Consumer Cyclical,FUN
2020Q3,2020,Q3,2020-11-04,2020-09-27,-136261000.0,87457000.0,-137114000.0,-2.41,75819000.0,0.866928890769178,2501518000.0,0.0,340510000.0,297363000.0,3052848000.0,50733000.0,0.0,1619204020.0,4065541020.0,0.0,1.1450987513577682,1.0680742653061062,0.0,-0.04180523580446629,0.0,0.0,18.514287249734156,-2.970776707935506,0.0,-1.4677714092807186e-05,0.2293970394023614,1.2351747990348986e-06,0.03496157133388606,0.8937729307277638,-0.05447132501145305,-21.29494877493852,0.866928890769178,-0.025531914893617044,-1.8194138423924624,-0.8660771743151779,0.0,15.550753110674526,-0.027981471422536063,0.035006474860649735,-1.7069515950812937,-0.8669988453303012,0.0,Leisure,Consumer Cyclical,FUN
2020Q2,2020,Q2,2020-08-05,2020-06-28,-132552000.0,6586000.0,-142088000.0,-2.35,4581000.0,0.6955663528697237,2657534000.0,0.0,415286000.0,231473000.0,3069396000.0,45580000.0,0.0,1563753920.0,3933225920.0,0.0,1.7941012558700151,1.0049192221059071,0.0,-0.04149744848971696,0.0,0.0,237.43606437898572,-2.9493216247208642,0.0,0.0,0.04398859148749452,0.0,0.0024782373433416094,1.4816285268692244,-0.049877819060828575,-9.952165573071465,0.6955663528697237,0.38642297650130547,-3.2709620943809417,-0.9827841483257155,0.0,-0.9030476190476191,0.3862679822388495,0.22762729461902664,-5.194441649273328,-0.9833571706531636,0.0,Leisure,Consumer Cyclical,FUN
2020Q1,2020,Q1,2020-05-06,2020-03-29,-215977000.0,53635000.0,-183963000.0,-3.83,47250000.0,0.8809546005406917,2389483000.0,0.0,92959000.0,177839000.0,2663697000.0,7394000.0,0.0,1094431600.0,3303232600.0,0.0,0.5227143652404703,0.9353889523382255,0.0,-0.06677647000071438,0.0,0.0,20.40517572480656,-1.2668381355422105,0.0,-0.24549836325164254,0.8635380037868542,0.04844706603866336,0.022446278127946504,0.2921012826207975,-0.09038649783237629,-6.707267835583529,0.8809546005406917,-78.92789126719298,-1.5491502523669158,0.13356816814700656,0.0,-0.8005605409557899,-78.55008976660682,-11.942362598144182,-2.311342276615865,0.10205306290913156,0.0,Leisure,Consumer Cyclical,FUN
2019Q4,2019,Q4,2020-02-21,2019-12-31,2785000.0,257246000.0,16812000.0,0.049148,236914000.0,0.920962813804685,2581145000.0,0.0,294181000.0,324138000.0,2591111000.0,32902000.0,0.0,3141563040.0,5123294040.0,0.0,0.9075794877490452,0.838381028574528,0.0,0.010411613979364766,0.0,0.0,12.212291114341914,282.00745421903054,0.0,19.01831238779174,0.6179563552367637,0.016859760356742675,0.09966352142169464,0.7569553708605594,0.0010789785153488083,-155.95527402700557,0.920962813804685,-0.9852850299401197,1.1514157850710351,0.5697944117833599,0.0,-0.6388709783137232,-0.9853386328340923,-0.9389369538213438,1.4046580385625282,0.3232462067903773,0.0,Leisure,Consumer Cyclical,FUN
2019Q3,2019,Q3,2019-11-06,2019-09-29,189955000.0,714512000.0,275322000.0,3.34,656037000.0,0.9181609266184473,2658011000.0,0.0,384800000.0,329479000.0,2615292000.0,37734000.0,0.0,3298448840.0,5204248840.0,0.0,1.167904479496417,0.8141110025504033,0.0,0.1008743740241482,0.0,0.0,4.616365911279306,4.34109241662499,0.0,0.2756389671237925,1.549663433508242,0.01587382510380243,0.26881453838979597,0.9920814376637054,0.07146509175469928,12.84983108160753,0.9181609266184473,2.0090090090090085,0.15085188819832787,0.17728451498547795,0.0,0.6550625406804547,2.000963695535404,1.6927937091663081,0.07457081463703397,0.08767018375561282,0.0,Leisure,Consumer Cyclical,FUN
2019Q2,2019,Q2,2019-08-07,2019-06-30,63298000.0,436190000.0,102244000.0,1.11,396382000.0,0.908737018271854,2532806000.0,0.0,499582000.0,359748000.0,2633006000.0,46860000.0,0.0,2681950260.0,4514948260.0,0.0,1.3886998676851574,0.8519168068932244,0.0,0.038424050442767074,0.0,0.0,6.148582636007244,10.59255529400613,0.0,0.8270719454011185,0.8495091762697397,0.01952012338961126,0.17221611130106293,1.1516061242870008,0.02499125475855632,-49.63816879511383,0.908737018271854,1.7449664429530203,0.4148676539474015,0.17913210924462938,0.0,5.681196062567421,1.7564925364215458,2.2037344447191516,0.0813423667009078,0.11347337475422324,0.0,Leisure,Consumer Cyclical,FUN
2019Q1,2019,Q1,2019-05-08,2019-03-31,-83673000.0,66977000.0,-84939000.0,-1.49,59328000.0,0.8857966167490332,2132470000.0,0.0,185545000.0,294179000.0,2242068000.0,42629000.0,0.0,2964721500.0,4753923500.0,0.0,0.6307214315093871,0.8672919196987531,0.0,-0.0358054950979508,0.0,0.0,44.26476999567016,-8.858059051306874,0.0,-0.6254586306215865,0.1794318421731685,0.01765224828031908,0.03140817924753924,0.35557602684080103,-0.03923759771532542,-26.91799907389753,0.8857966167490332,-2.7249999999999996,0.012815505771578889,0.631333931461921,0.0,-0.7420106712819019,-2.719295906120816,-3.1588257720167747,-0.712444626156964,0.13730749336836442,0.0,Leisure,Consumer Cyclical,FUN
2018Q4,2018,Q4,2019-02-22,2018-12-31,-22497000.0,249784000.0,39345000.0,-0.4,229963000.0,0.9206474393876309,2024183000.0,0.0,200209000.0,234719000.0,1991767000.0,30753000.0,0.0,2659773600.0,4217617600.0,0.0,0.8529731295719563,0.8216613814067206,0.0,0.025276460776848662,0.0,0.0,10.64829452647087,-29.55698093079077,0.0,-2.326843579143886,0.6445224856111599,0.01968099841279724,0.12339990998837555,0.6683182869729336,-0.011114113694265786,-95.695963157516,0.9206474393876309,-1.1063829787234043,-0.08374069665190734,0.7722494210819102,0.0,-0.6228952529632084,-1.1054677061699802,-0.8478373528456291,0.13047359495030877,0.48526149140382374,0.0,Leisure,Consumer Cyclical,FUN
2018Q3,2018,Q3,2018-10-30,2018-09-23,213307000.0,663703000.0,258572000.0,3.76,609812000.0,0.9188025366767967,2128948000.0,0.0,307578000.0,288063000.0,2037278000.0,36549000.0,0.0,2927948170.0,4399228170.0,0.0,1.0677455973172536,0.7806841688946842,0.0,0.13164760248157498,0.0,0.0,4.411533728188663,3.4316128514300983,0.0,0.23578222936893772,1.4744863060548852,0.017177216630853132,0.31175162568554987,0.8649288523690998,0.10019361675343878,14.381591286408959,0.9188025366767967,10.058823529411764,0.10530773060973453,0.10610436690586005,0.0,0.7660455606461665,10.084913994699372,2.788656244047532,0.28880262647698646,0.021135534039856872,0.0,Leisure,Consumer Cyclical,FUN
2018Q2,2018,Q2,2018-08-01,2018-06-24,19243000.0,380316000.0,68249000.0,0.34,345298000.0,0.9079239369366526,2079216000.0,0.0,233142000.0,360499000.0,2149287000.0,47000000.0,0.0,3544239930.0,5170327930.0,0.0,0.6467202405554523,0.8109821201837616,0.0,0.023621078438550512,0.0,0.0,9.319197535733442,46.045833939614404,0.0,2.613521800135114,0.7450638297872341,0.014189784267793631,0.1829131749659487,0.4036016743458373,0.009254930704650215,41.629353872536356,0.9079239369366526,1.2281879194630874,-0.5993381174778958,0.03772937604199974,0.0,6.086815532386503,1.2307314148681054,1.9022036564569647,-0.6687751601134907,-0.0012014545688369155,0.0,Leisure,Consumer Cyclical,FUN
2018Q1,2018,Q1,2018-05-02,2018-03-25,-83400000.0,54727000.0,-75647000.0,-1.49,48724000.0,0.8903100846017505,2004591000.0,0.0,153984000.0,253180000.0,2055554000.0,40303000.0,0.0,3644696500.0,5302590500.0,0.0,0.6081996998183111,0.848443398179479,0.0,-0.03615480149075004,0.0,0.0,66.59777623476529,-10.9253492206235,0.0,-0.6027098321342925,0.14894672853137483,0.013791546154803288,0.027300830942571328,0.29103009716407297,-0.041604496877417886,-36.44332066793321,0.8903100846017505,-2.4752475247524752,0.23977467271773506,0.30238765229272085,0.0,-0.7676789349964478,-2.4492501781152796,-4.8360547667342795,0.011011789870713573,0.16208563415984079,0.0,Leisure,Consumer Cyclical,FUN
2017Q4,2017,Q4,2018-02-23,2017-12-31,57547000.0,228162000.0,19720000.0,1.01,209727000.0,0.9192021458437426,2064159000.0,0.0,246983000.0,225494000.0,1981213000.0,29719000.0,0.0,3644574209.9999995,5138844210.0,0.0,1.0952974358519516,0.8044511105975848,0.0,-0.13374140940512802,0.0,0.0,15.973624924395821,15.833033042556517,0.0,0.8730081498601143,0.6203102392408897,0.013784600643376665,0.11053508959338888,0.9045340452517584,0.027879150782473636,-134.23846077348065,0.9192021458437426,-0.7011834319526628,6.512131595232946,0.7555629051689966,0.0,-0.6504794664373494,-0.6992028852938871,-0.9230105528638747,4.161483634005542,0.4068887598062255,0.0,Leisure,Consumer Cyclical,FUN
2017Q3,2017,Q3,2017-11-02,2017-09-24,191315000.0,652689000.0,256139000.0,3.38,600042000.0,0.919338306605443,2176572000.0,0.0,355113000.0,301804000.0,2101290000.0,34240000.0,0.0,3564317680.0,4973997680.0,0.0,1.1766345045128626,0.7624953367037709,0.0,0.11139534201359882,0.0,0.0,5.4609740320428255,4.65765580325641,0.0,0.2518725661866555,1.5375876168224298,0.013519277552162522,0.29987016280646817,1.0014744668725397,0.08789739094318956,17.285395433648233,0.919338306605443,5.1454545454545455,0.34852857862328973,0.1694994275262849,0.0,0.673528583261981,5.099049987248151,1.6873459024477249,0.1682066659527693,0.08387737542648378,0.0,Leisure,Consumer Cyclical,FUN
2017Q2,2017,Q2,2017-08-02,2017-06-25,31368000.0,392798000.0,95313000.0,0.55,358549000.0,0.9128076008533649,2109457000.0,0.0,262309000.0,354820000.0,2170097000.0,43240000.0,0.0,3955601040.0000005,5529909040.0,0.0,0.7392734344174511,0.7942285621370808,0.0,0.03633805682306685,0.0,0.0,10.070318687977027,31.52576702371844,0.0,1.5364384085692426,0.7920675300647548,0.01218398911129824,0.18620810948030703,0.5198692294684629,0.01487017749117427,45.76970563732297,0.9128076008533649,1.4741379310344829,-0.14555457567500268,0.08675519309079424,0.0,7.369881880573323,1.4844179510146092,2.2547623122391753,-0.2938707823485967,0.06936890444876365,0.0,Leisure,Consumer Cyclical,FUN
2017Q1,2017,Q1,2017-05-03,2017-03-26,-64754000.0,48318000.0,-75961000.0,-1.16,42838000.0,0.8865847096320212,1958279000.0,0.0,131234000.0,236625000.0,2005831000.0,39318000.0,0.0,3809104080.0000005,5397830080.0,0.0,0.5546075013206551,0.8287726110528684,0.0,-0.03277422042256523,0.0,0.0,78.83405935676147,-14.706057077555055,0.0,-0.7433517620533094,0.13937636705834477,0.012636829813271995,0.024673705840689706,0.26551294241944007,-0.033066789767954415,-31.10767813538698,0.8865847096320212,-8.666666666666668,0.01774076349201155,0.6942513704105517,0.0,-0.7596314625907596,-8.528251912889935,-4.778402307998408,0.23190480466605937,0.18320934417845838,0.0,Leisure,Consumer Cyclical,FUN
2016Q4,2016,Q4,2017-02-24,2016-12-31,-6796000.0,191966000.0,20104000.0,-0.12,178218000.0,0.928383151183022,1973181000.0,0.0,195676000.0,242683000.0,1912662000.0,26276000.0,0.0,3592311000.0,5006581000.0,0.0,0.8063028724714958,0.7789381714095159,0.0,0.12397861444420409,0.0,0.0,18.713266932685997,-132.147991465568,0.0,-7.083578575632725,0.5232151012330644,0.013400844191942178,0.09728757777416264,0.6515907583143442,-0.0034441847960222606,-214.79974886390815,0.928383151183022,-1.038709677419355,-1.0946374143332886,0.32164892282886387,0.0,-0.7020891769999966,-1.0388371707612565,-0.9249276498814392,0.670997820922401,0.36876588680522354,0.0,Leisure,Consumer Cyclical,FUN
2016Q3,2016,Q3,2016-11-02,2016-09-25,174987000.0,650283000.0,267795000.0,3.1,598226000.0,0.919947161466623,2083109000.0,0.0,283706000.0,262606000.0,1977662000.0,31059000.0,0.0,3325549120.0,4674118120.0,0.0,1.080348506888647,0.7372974721918056,0.0,0.12824780472330455,0.0,0.0,5.1140028572175495,4.751137398778194,0.0,0.26496825478464114,1.6760681284007857,0.013942359089256213,0.3121694544068505,0.9094917861739641,0.08400280542208785,14.981435637765905,0.919947161466623,2.009708737864078,0.13339973404886157,0.12409912925243896,0.0,0.692447406837394,2.0179017988030976,1.8231145501697275,-0.08867113490665748,0.08922090407046913,0.0,Leisure,Consumer Cyclical,FUN
2016Q2,2016,Q2,2016-08-03,2016-06-26,57983000.0,388034000.0,94858000.0,1.03,353468000.0,0.9109201770978832,2072381000.0,0.0,224772000.0,329440000.0,2100808000.0,46207000.0,0.0,3192495800.0,4714175800.0,0.0,0.6822850898494415,0.7671200421158079,0.0,0.043362570738566884,0.0,0.0,8.227361004448063,13.76479226669886,0.0,1.5983305451597882,0.7480684744735646,0.02902932558282457,0.18724066665347733,0.4434525254978145,0.027978928585043,28.76044611406899,0.9109201770978832,2.1839080459770113,11.294750613793697,0.34948030957630194,0.0,5.771287906361947,2.1958709730643897,2.4412166884438906,0.2135544692890213,0.06429651441195658,0.0,Leisure,Consumer Cyclical,FUN
2016Q1,2016,Q1,2016-05-04,2016-03-27,-48486000.0,58438000.0,-65818000.0,-0.87,52201000.0,0.8932715014203088,2003760000.0,0.0,164838000.0,265524000.0,2045566000.0,38455000.0,0.0,3325799040.0,4866149040.0,0.0,0.6208026393094409,0.8009447239190323,0.0,-0.029298658764355372,0.0,0.0,56.9115821896711,-17.148244029204307,0.0,0.0,0.16218957222727864,0.0,0.029164171357847248,0.3708327684126482,-0.024197508683674693,-27.700449264136328,0.8932715014203088,-0.8913043478260869,0.43297320164884595,1.1541376783184054,0.0,-0.658721078473035,-0.8881576385373262,-10.436663770634231,0.5558708074022911,0.39749625219117385,0.0,Leisure,Consumer Cyclical,FUN
2015Q4,2015,Q4,2016-02-26,2015-12-31,-25679000.0,166916000.0,-5755000.0,-0.46,152957000.0,0.9163711088212034,1994907000.0,0.0,196214000.0,198671000.0,1937898000.0,25029000.0,0.0,3116486240.0,4555779240.0,0.0,0.9876328200894947,0.7814148729740283,0.0,-0.0022942898548474447,0.0,0.0,18.67098564547437,-30.340806106156784,0.0,-1.8048600023365395,0.5577130528586839,0.014871556115068872,0.08367106837561851,0.7502403471065229,-0.012872279259133384,-93.74582601371677,0.9163711088212034,-1.1575342465753424,0.5935545644202979,0.2867945770071125,0.0,-0.7418286036427592,-1.1564352334131378,-1.0207243996946258,-1.4714706247386151,0.2904806764785519,0.0,Leisure,Consumer Cyclical,FUN
2015Q3,2015,Q3,2015-11-05,2015-09-27,164151000.0,644637000.0,277692000.0,2.92,592463000.0,0.9190645277885073,2098946000.0,0.0,294813000.0,221196000.0,1973804000.0,30162000.0,0.0,2844270000.0,4206797000.0,0.0,1.3328134324309662,0.7426822795822284,0.0,0.13107872371184592,0.0,0.0,4.412204077643697,4.331789023521027,0.0,0.25655037130446967,1.7297924540812943,0.014806259602639694,0.3071241470719113,1.0908967612434222,0.0782063950192144,11.529313049505673,0.9190645277885073,1.8627450980392155,1.149892226377414,0.1734458510297042,0.0,0.7207654907610179,1.8506850980324054,1.9850688509787482,0.16344682057962495,0.1614508090847132,0.0,Leisure,Consumer Cyclical,FUN
2015Q2,2015,Q2,2015-08-04,2015-06-28,57583000.0,377408000.0,93027000.0,1.02,344302000.0,0.9122806087841275,2076278000.0,0.0,201929000.0,291039000.0,2079809000.0,46627000.0,0.0,3017996100.0,4583399100.0,0.0,0.6938211030136855,0.7710191024515984,0.0,0.04137401135343796,0.0,0.0,7.996640505765644,13.102808554608131,0.0,0.7311532917701405,0.710017800845004,0.01395031623798321,0.18177141981950393,0.36237755077498207,0.027733762049205357,41.41275728634942,0.9122806087841275,1.68,14.560948533665737,0.35939520589540863,0.0,7.350966552669238,1.686877482614245,2.3359613976132008,0.5781511649567,0.05058300702105172,0.0,Leisure,Consumer Cyclical,FUN
2015Q1,2015,Q1,2015-05-01,2015-03-29,-83833000.0,46817000.0,-69633000.0,-1.5,41229000.0,0.8806416472648824,2005901000.0,0.0,149073000.0,223515000.0,2027093000.0,37369000.0,0.0,3155504600.0,4751629600.0,0.0,0.6669485269445004,0.8055482299475398,0.0,-0.028174070041819634,0.0,0.0,67.4008287587842,-9.410090894993617,0.0,-0.5016163086135531,0.14953571141855548,0.013326553223848889,0.02333963640279356,0.19618370131758495,-0.04179318919527933,-26.300474249660358,0.8806416472648824,-3.6874999999999996,-1.0806872704901456,0.6986746959126774,0.0,-0.722337459423784,-3.6447448612111475,-14.576330668746344,-0.2759532449784981,0.6471483273485856,0.0,Leisure,Consumer Cyclical,FUN
2014Q4,2014,Q4,2015-02-26,2014-12-31,-18049000.0,160807000.0,5129000.0,-0.32,148486000.0,0.9233802011106481,2038319000.0,0.0,203717000.0,198219000.0,1942102000.0,25883000.0,0.0,2659634980.0,4086644980.0,0.0,1.027736997966895,0.7647723442699597,0.0,0.0017211236470886133,0.0,0.0,16.539298537998967,-36.83909053133138,0.0,-2.3250041553548675,0.476026735695244,0.015778105008981348,0.07889196931392976,0.8033286415530297,-0.008854845585995126,-615.3713512262841,0.9233802011106481,-1.110344827586207,0.30988784958246507,0.5312798962344408,0.0,-0.7292901080389276,-1.1114810193820954,-0.9797219026382481,-1.252918085394939,0.11407386261178469,0.0,Leisure,Consumer Cyclical,FUN
2014Q3,2014,Q3,2014-11-06,2014-09-28,161902000.0,595318000.0,252933000.0,2.9,548506000.0,0.9213663957750312,2117076000.0,0.0,284757000.0,199484000.0,1963520000.0,30461000.0,0.0,2626145430.0,4005621430.0,0.0,1.4274678670971106,0.7410456686486456,0.0,0.12352831377982089,0.0,0.0,4.411332145172832,4.055146678237452,0.0,0.24207854133982284,1.5367847411444142,0.01492415444791266,0.2811982186751916,1.1561629002827294,0.076474344803871,11.459927081196899,0.9213663957750312,2.6708860759493667,0.49820094193278297,0.14026282010762012,1.0,0.6525047902531905,2.687804655824336,1.7538515139307762,0.05827542885031727,0.038533244012477534,0.0,Leisure,Consumer Cyclical,FUN
2014Q2,2014,Q2,2014-08-07,2014-06-29,43902000.0,363014000.0,91847000.0,0.79,331924000.0,0.9143559201573493,2085796000.0,0.0,206564000.0,262798000.0,2062181000.0,45571000.0,0.0,2931665100.0,4499381100.0,0.0,0.7860181584334737,0.7708567856108651,0.0,0.04908715345518084,0.0,0.0,8.075900929440738,16.69437098537652,0.0,0.8925333697781422,0.682232121305216,0.013365783151697648,0.17404098962698172,0.40599624045845095,0.021048079486200952,42.398801070214766,0.9143559201573493,1.5231788079470197,4.918320379842326,0.3688418443476571,1.0,8.354978721005608,1.5255207086425664,2.283191528004806,8.39652178041195,0.2743359142606122,0.0,Leisure,Consumer Cyclical,FUN
2014Q1,2014,Q1,2014-05-09,2014-03-30,-83540000.0,40466000.0,-71577000.0,-1.51,35481000.0,0.8768101616171601,1973235000.0,0.0,123434000.0,185262000.0,1952444000.0,38264000.0,0.0,2826615000.0,4393555000.0,0.0,0.6662672323520203,0.7985906392294886,0.0,-0.03334701949569077,0.0,0.0,69.85160381554886,-8.458867009815657,0.0,-0.46793152980608094,0.13027911352707505,0.013829615989443204,0.02050744082686553,0.15381999546588077,-0.04233656913646879,-22.86942345345394,0.8768101616171601,-3.0810810810810816,-0.5573760062872504,0.5187047273979942,1.0,-0.7254600040235843,-3.078305018551064,-19.338970023059186,0.016392579704817084,0.5017875102390343,0.0,Leisure,Consumer Cyclical,FUN
2013Q4,2013,Q4,2014-02-26,2013-12-31,-20484000.0,139077000.0,3903000.0,-0.37,129238000.0,0.9292550170049685,2014627000.0,0.0,186497000.0,158799000.0,1875496000.0,26080000.0,0.0,2751095040.0,4153671040.0,0.0,1.1744217532856,0.7547958009100444,0.0,0.0015343099744895318,0.0,0.0,19.781092775944263,-33.576145284124195,0.0,-1.903876196055458,0.3772622699386503,0.014175809789544748,0.0690336226011068,0.8777700111461659,-0.010167638972375532,-178.50344147417596,0.9292550170049685,-1.1085043988269796,0.6389640358280173,0.16628164734881315,1.0,-0.7634013323984453,-1.107570474309961,-0.9853668412547849,0.6738933588631398,0.07841842679750155,0.0,Leisure,Consumer Cyclical,FUN
2013Q3,2013,Q3,2013-11-07,2013-09-29,190424000.0,592076000.0,266723000.0,3.41,546233000.0,0.9225724400245915,2101047000.0,0.0,273143000.0,186777000.0,1908830000.0,29316000.0,0.0,2419146000.0,3765695000.0,0.0,1.4624016875739518,0.7282231192353146,0.0,0.1336117547383906,0.0,0.0,4.085870732811328,3.1759993488215774,0.0,0.1828498508591354,1.563753581661891,0.014393095745358072,0.2818004547256677,1.2136290870931645,0.09063290825954869,11.196950762309422,0.9225724400245915,3.011764705882353,1.064015336069234,0.08735072258904149,-1.0,0.6524123702607943,3.018231694450306,1.7368836899081628,1.5068012022943003,0.0833039734848579,0.0,Leisure,Consumer Cyclical,FUN
2013Q2,2013,Q2,2013-08-08,2013-06-30,47390000.0,361620000.0,97455000.0,0.85,330567000.0,0.9141280902604945,2080895000.0,0.0,218469000.0,270246000.0,2041662000.0,45452000.0,0.0,2330328000.0,3874556000.0,0.0,0.8084078950289736,0.7630639700705706,0.0,0.04925607684510021,0.0,0.0,6.444134727061557,12.293353028064992,0.0,0.7347330660476894,0.6832042594385286,0.014941673446828087,0.1737809932745285,0.4100967266860564,0.022773854519329423,21.60451684080732,0.9141280902604945,1.435897435897436,2.1980075754238126,0.20996548605340604,-1.0,7.992084217398401,1.434268643586313,2.4694662243667067,12.210757006625958,0.30839695363840053,0.0,Leisure,Consumer Cyclical,FUN
2013Q1,2013,Q1,2013-05-10,2013-03-31,-109126000.0,41799000.0,-66320000.0,-1.95,36762000.0,0.8794947247541807,2015656000.0,0.0,126180000.0,178872000.0,1993130000.0,39063000.0,0.0,2227457520.0,3844674520.0,0.0,0.7054206359855092,0.8073078938072766,0.0,-0.03071804476213782,0.0,0.0,53.28973229024618,-5.102948701501017,0.0,-0.3190806957095468,0.12894554949696643,0.01563217241512197,0.020737169437642138,0.13070799230734828,-0.054139198355274906,-21.316198897565457,0.8794947247541807,-9.263157894736842,-1.4244769759589597,0.006348611855301504,-1.0,-0.9263161059499113,-9.514115039984585,-7.0154195011337865,-1.7067964005319252,0.5156819536456161,0.0,Leisure,Consumer Cyclical,FUN
2012Q4,2012,Q4,2013-02-25,2012-12-31,-10379000.0,129205000.0,11025000.0,-0.19,498915000.0,3.861421771603266,2027622000.0,0.0,141106000.0,138202000.0,1868362000.0,27840000.0,0.0,1864870950.0000002,3318220950.0,0.0,1.021012720510557,0.7556536672022695,0.0,0.0036593385879065757,0.0,0.0,14.433427111953874,-44.91933110126217,0.0,-2.143559109740823,-13.279813218390805,0.011930048028256325,0.06372242952581891,0.7020303613551179,-0.005118804195259274,-166.01717706756878,3.861421771603266,-1.0756972111553784,-0.1179508499951087,0.08843756007681784,-1.0,0.4554919905128931,-1.0737731718412373,-0.9459667419783279,0.6041861063222304,0.22715082882324508,0.0,Leisure,Consumer Cyclical,FUN
2012Q3,2012,Q3,2012-11-07,2012-09-30,140688000.0,553445000.0,204041000.0,2.51,342781000.0,0.6193587438679543,2089837000.0,0.0,187294000.0,186848000.0,1903806000.0,33593000.0,0.0,1850734080.0,3286408080.0,0.0,1.002386966946395,0.7329643412380965,0.0,0.09740290585337401,0.0,0.0,3.3440252960998835,3.288720573183214,0.0,0.15784572955760265,6.271068377340518,0.011999022571627362,0.2648268740576418,0.7273987412228121,0.06732008285813679,9.198068078465676,0.6193587438679543,2.861538461538461,1.533971880811343,-0.04918185179268847,-1.0,0.9162194494756378,2.8733549914652277,1.347862608595593,0.29786521030898677,0.05678125500995229,1.0,Leisure,Consumer Cyclical,FUN
2012Q2,2012,Q2,2012-08-10,2012-07-01,36322000.0,357606000.0,86905000.0,0.65,178884000.0,0.5002265062666734,2141898000.0,0.0,176135000.0,243087000.0,2074389000.0,51236000.0,0.0,1670532910.0,3286350910.0,0.0,0.7245759748567385,0.7711604380787507,0.0,0.040196145419719796,0.0,0.0,4.671434232087829,11.498079056770003,0.0,0.6113925444634106,3.488211413849637,0.013293362774876432,0.16695753019051326,0.36598008120549436,0.016957857003461415,15.308434455899198,0.5002265062666734,1.5508474576271187,5.4174682221008945,0.27512026664318767,-1.0,4.792004070038581,1.5572397287594735,2.257742850526803,3.891007454255912,0.3469426350662807,1.0,Leisure,Consumer Cyclical,FUN
2012Q1,2012,Q1,2012-05-04,2012-03-25,-65182000.0,28198000.0,-69096000.0,-1.18,-47174000.0,-1.672955528760905,2113126000.0,0.0,104028000.0,175441000.0,2041258000.0,44486000.0,0.0,1635312340.0,3339470340.0,0.0,0.5929514765647711,0.809926620561197,0.0,-0.03034486740793571,0.0,0.0,57.9939123342081,-6.272100963456169,0.0,-0.33983308275290725,1.6942858427370409,0.01354542460066069,0.013344211372156701,0.13124070200238258,-0.03084624390594787,-14.94801042047532,-1.672955528760905,-1.9194548399709546,-0.15577106161905707,-0.08123537545151614,-1.0,-1.8821527414167103,-1.9102105792325308,-10.793905031892274,-0.217818049754597,0.060613351647972095,1.0,Leisure,Consumer Cyclical,FUN
2011Q4,2011,Q4,2012-02-29,2011-12-31,71612000.0,144845000.0,7055000.0,1.28336917562724,53476000.0,0.3691946563567952,2074557000.0,0.0,98515000.0,203443000.0,1915837000.0,33069000.0,0.0,1199700000.0,2720555000.0,0.0,0.4842388285662323,0.7502223366241564,0.0,0.00022426557120341594,0.0,0.0,8.282646967447961,4.188194715969391,0.0,0.5410126794392002,2.7629804348483473,0.03229390681003585,0.06981972536787372,0.21202498980058296,0.03451917686522954,-55.80519118057494,0.3691946563567952,-0.5316170891871387,3.3542560422753054,0.1910664339815065,-1.0,-0.8522999077495871,-0.5311202776140902,-0.971388712025663,2.255123248820452,0.20785974680869443,1.0,Leisure,Consumer Cyclical,FUN
2011Q3,2011,Q3,2011-11-04,2011-09-25,152730000.0,572268000.0,246581000.0,2.74,362058000.0,0.6326721046782277,2159339000.0,0.0,186970000.0,242877000.0,1961426000.0,36946000.0,0.0,1055448220.0,2515390220.0,0.0,0.769813527011615,0.72070851311443,0.0,0.12677044870523277,0.0,0.0,1.8443250714700106,1.727637366594644,0.0,0.043488509133765466,5.689655172413793,0.00629306097081674,0.26501998991358006,0.5552234258492982,0.07072997801642077,6.020570884220254,0.6326721046782277,33.25,0.12057170607102002,0.029273723673565833,-1.0,1.734556385525789,31.73253321903129,3.705385085108007,0.6596057835973851,0.05361271642275311,-1.0,Leisure,Consumer Cyclical,FUN
2011Q2,2011,Q2,2011-08-05,2011-06-26,4666000.0,284490000.0,52404000.0,0.08,132401000.0,0.4653977292699216,2173732000.0,0.0,142134000.0,321307000.0,2121525000.0,52264000.0,0.0,1043272100.0000001,2669399100.0,0.0,0.44236197779693565,0.7644944270958886,0.0,0.01745218308821262,0.0,0.0,3.6671661569826712,55.89756215173597,0.0,1.186026575225032,2.9100145415582426,0.00530446467417273,0.1308762993782122,0.19643207275285007,0.002146538763748245,13.24554491899853,0.4653977292699216,1.0522875816993464,-0.5890501634007963,0.9055273740691594,-1.0,4.12480234122395,1.0550937514759364,1.7789867998572957,-0.6843403735557189,-0.045734835679277754,-1.0,Leisure,Consumer Cyclical,FUN
2011Q1,2011,Q1,2011-05-06,2011-03-27,-84692000.0,26869000.0,-67272000.0,-1.53,-42371000.0,-1.576947411515129,2140643000.0,0.0,86474000.0,250116000.0,2081892000.0,42903000.0,0.0,1062585600.0,2761975600.0,0.0,0.34573557869148713,0.7972581135668114,0.0,-0.032010075896379414,0.0,0.0,39.546897912092,-3.1366173900722614,0.0,-0.05228356869598073,1.613873155723376,0.004167193683031278,0.012551836060473418,0.070495290185354,-0.039563813302825365,-10.159921978085022,-1.576947411515129,-0.35156015007836383,-2.109411283392778,0.09190251465690949,-1.0,0.8551468325869201,-0.34076337328035206,-0.15828440572323904,-0.8989949062999099,-0.3471316027657832,-1.0,Leisure,Consumer Cyclical,FUN
2010Q4,2010,Q4,2011-03-01,2010-12-31,-63167000.0,129689000.0,-58079000.0,-1.1320250896057347,-292510000.0,-2.2554727077855485,2082444000.0,0.0,70334000.0,168852000.0,1945308000.0,32142000.0,0.0,845928000.0,2415866000.0,0.0,0.4165422973965366,0.7585812631696218,0.0,-0.02386778798893871,0.0,0.0,6.522742869480064,-3.347982332547058,0.0,-0.6849145914797283,13.13543027814075,0.05114383257203923,0.062277304935931053,0.13091346267737428,-0.030333108597398056,-20.6157970414057,-2.2554727077855485,-1.8323713894159812,-27.89476454786843,0.6382327019211816,-1.0,-1.585712311952728,-1.8339098061995036,-1.2475797891613771,-5.797917860053487,0.09155545409547737,-1.0,Leisure,Consumer Cyclical,FUN
2010Q3,2010,Q3,2010-11-05,2010-09-26,75748000.0,545000000.0,234587000.0,1.36,499409000.0,0.9163467889908257,2203488000.0,0.0,144619000.0,172311000.0,2006160000.0,34930000.0,0.0,698792640.0,2211525640.0,0.0,0.8392905850468049,0.7145189808158701,0.0,0.06893434493283891,0.0,0.0,1.2821883302752293,2.3063072292337754,0.0,0.0,1.3052104208416833,0.0,0.24733513411464006,0.5598307711057332,0.034376406860395885,3.386509261143904,0.9163467889908257,18.0,-0.569341589658491,0.6696730475166097,-1.0,1.003751449423641,18.97105575326216,5.209619355180264,0.3712973571404423,-0.05890117847469712,-1.0,Leisure,Consumer Cyclical,FUN
2010Q2,2010,Q2,2010-08-06,2010-06-27,-4215000.0,275587000.0,37778000.0,-0.08,249237000.0,0.9043859108013077,2260856000.0,0.0,171124000.0,210905000.0,2150618000.0,48065000.0,0.0,679378720.0,2348609720.0,0.0,0.8113795310684906,0.7489026280311528,0.0,-0.031955676993665194,0.0,0.0,2.465205978511323,-40.29529774614472,0.0,0.0,0.5482159575574742,0.0,0.12189498136988822,0.24044949147720537,-0.0018643381091055778,16.36071571342565,0.9043859108013077,0.8891662810576862,-1.3329340038915451,0.7943583926329383,-1.0,7.3391662639570665,0.8944482007362332,1.6238420000990803,-1.7468308670030357,-0.014547294095316101,-1.0,Leisure,Consumer Cyclical,FUN
2010Q1,2010,Q1,2010-05-07,2010-03-28,-39933000.0,27316000.0,-60557000.0,-0.721802,-39317000.0,-1.4393395811978327,2237180000.0,0.0,123140000.0,158696000.0,2135002000.0,39455000.0,0.0,642311640.0,2352983640.0,0.0,0.7759489842214045,0.7670576350584217,0.0,-0.014425342941550736,0.0,0.0,23.51411773319666,-4.021183231913454,0.0,0.0,1.6888353820808517,0.0,0.01221001439311991,0.06940313555477139,-0.017849703644767075,-6.660979995644464,-1.4393395811978327,-0.5346391221664386,-0.5716922674498714,0.06483564053824784,-1.0,-2.4044293623861406,-0.5188270196257416,-2.054731638418079,0.29123907401150023,-0.10910451648366593,-1.0,Leisure,Consumer Cyclical,FUN
2009Q4,2009,Q4,2010-02-26,2009-12-31,-26292000.0,105570000.0,-19824000.0,-0.47033989266547405,27995000.0,0.2651795017523918,2145439000.0,0.0,61308000.0,131520000.0,2017577000.0,27265000.0,0.0,637819000.0,2252237000.0,0.0,0.46614963503649637,0.758048119755444,0.0,-0.005379089337282336,0.0,0.0,6.041669034763664,-6.064763045793398,0.0,-0.524950555301993,2.845222813130387,0.021639367908450516,0.0492067124723658,0.14038169099756692,-0.012254834558335148,-11.448708513579007,0.2651795017523918,-1.2449686940966012,-0.8301559496584645,0.49346231652753636,-1.0,-0.9118822788794461,-1.2443176538368614,-1.0897159718325158,0.1371925122873366,-0.13344648094964237,-1.0,Leisure,Consumer Cyclical,FUN
2009Q3,2009,Q3,2009-11-06,2009-09-27,107614000.0,519913000.0,220964000.0,1.92,317700000.0,0.6110637741314412,2209093000.0,-105809000.0,131776000.0,189045000.0,2058941000.0,31799000.0,0.0,578027760.0,2121983760.0,-1.9165519489928995,0.6970615461927054,0.7243511250997582,-15.123089718265932,0.08592564147419537,-1.9165519489928995,-1.0170590403462842,1.1117778551411486,1.342826583901723,-5.462935667098263,0.12825468805174048,6.359099342746627,0.02387774594078319,0.2353513410254797,0.457795762913592,0.04871411027059522,2.935864895751327,0.6110637741314412,13.769230769230768,-0.05505239788133076,0.626423450883954,-1.2483573055036723,1.6217630262919012,13.566053059014619,4.432160680482828,-0.20846832383513159,-0.06255386006304875,-1.2200335170977648,Leisure,Consumer Cyclical,FUN
2009Q2,2009,Q2,2009-08-07,2009-06-28,7388000.0,264126000.0,40677000.0,0.13,121178000.0,0.45878860846717096,2295215000.0,-105809000.0,158723000.0,201880000.0,2249754000.0,49647000.0,0.0,593346250.0,2368210250.0,-1.9170033517528762,0.7862244897959184,0.7872229834677797,-17.07648687729777,0.017764674505875523,-1.9170033517528762,-0.06982392802124583,2.2464515042063256,20.078040403356795,-5.607710591726602,1.8676231727125068,2.879287771667976,0.023254549936061783,0.1150768010839943,0.2984198533782445,0.003218870563324133,8.808715242209653,0.45878860846717096,1.1340206185567012,-0.48394750036088424,0.6768322352093082,-1.3914563033114582,4.150262569541933,1.1386610611662693,1.7228382556775776,-0.34753463103935145,0.7739682479828642,-1.2803777582138778,Leisure,Consumer Cyclical,FUN
2009Q1,2009,Q1,2009-05-08,2009-03-29,-53281000.0,26466000.0,-56274000.0,-0.97,-38466000.0,-1.4534119247336206,2228291000.0,-105809000.0,95385000.0,127300000.0,2195807000.0,37489000.0,0.0,490079030.00000006,2319248030.0,-1.9193680047889419,0.7492930086410055,0.8244322667012522,-17.362180910886597,-0.020339576307989566,-1.9193680047889419,0.5035582984434216,18.517306355323814,-2.299501839304818,-4.63173293387141,-0.4966498376531972,1.7320280615647257,0.05399537295035863,0.011877263786462361,0.10535742340926944,-0.023911149845329896,-5.299755926118177,-1.4534119247336206,0.05134892244797265,-0.6390144594980721,0.04827890307920617,-1.3777305142775549,-1.0843730259001896,0.061111209008088245,0.291071945980675,-0.9638417432575946,0.07973954997811153,-1.270082268551545,Leisure,Consumer Cyclical,FUN
2008Q4,2008,Q4,2009-03-02,2008-12-31,-56749000.0,119274000.0,-79379000.0,-1.0225045045045045,455904000.0,3.822325066653252,2186083000.0,-105809000.0,64534000.0,115239000.0,2079297000.0,28591000.0,0.0,695415000.0,2405617000.0,-1.9064684684684685,0.5600013884188513,0.7886594424822845,-16.294218828266025,-0.025345730115722182,-1.9064684684684685,0.5363343382888034,5.830398913426229,-3.063556186012088,-6.572361519341454,-0.46575270048811435,-11.773984820398027,0.03800752068908494,0.05456059994062439,0.1943005406155902,-0.02595921563819855,-15.806323302118374,3.822325066653252,-1.6196996996996997,-3.8396188709977617,0.7822764149899286,-1.3124872481184577,0.34356544187855853,-1.6198756949830146,-1.3687724155873116,-25.292763605938553,0.5148144851203971,-1.2414729518318828,Leisure,Consumer Cyclical,FUN
2008Q3,2008,Q3,2008-11-07,2008-09-28,91549000.0,540322000.0,215252000.0,1.65,339324000.0,0.6280033017348914,2435260000.0,275110000.0,153659000.0,207891000.0,2054341000.0,32008000.0,0.0,1100058840.0,2738464840.0,4.996730720331287,0.7391325261795845,0.7022248137775843,6.216059030933081,0.05419467270737188,4.996730720331287,0.33277234560721164,2.0359319813000396,3.004016537591891,3.998614517829232,0.28863231711979376,6.2796175956011,0.024020533301655028,0.22187446104317404,0.5324472920905667,0.037593111207838176,5.676023899942211,0.6280033017348914,5.346153846153846,-0.24447182815671917,0.7606161051362266,-0.25680672742706245,1.361878510722713,5.232911220043573,2.9529143864546223,-0.4769539731820896,0.6634590930224892,-0.41168242313039294,Leisure,Consumer Cyclical,FUN
2008Q2,2008,Q2,2008-08-08,2008-06-29,14688000.0,296234000.0,54454000.0,0.26,143667000.0,0.4849780916437681,2529641000.0,212974000.0,181388000.0,233311000.0,2316667000.0,47517000.0,0.0,1033356050.0,2838359050.0,3.8726066006000543,0.7774515560775103,0.7265513169655299,8.629757622996234,0.019475023129471258,3.8726066006000543,0.06896616488397644,3.48831008594557,17.588440393518518,4.852029120925559,1.7980664488017428,3.210787718079845,0.025557502663288226,0.11710515444681677,0.3349992070669621,0.005806357502902586,17.060244176255964,0.4849780916437681,1.3209876543209877,-0.19029930764897324,0.8771269565759855,-0.2160097571164195,5.315749947430082,1.3354803343839934,1.9654279838309339,0.16711487663581784,0.9403305976223589,-0.33162748833154376,Leisure,Consumer Cyclical,FUN
2008Q1,2008,Q1,2008-05-09,2008-03-30,-43782000.0,40402000.0,-56404000.0,-0.81,-33289000.0,-0.8239443591901391,2475263000.0,175321000.0,112804000.0,158115000.0,2299942000.0,39128000.0,0.0,1263172500.0,3107734500.0,3.226964844468986,0.7134300983461405,0.7500681745737726,10.589809549340924,-0.013718624226919333,3.226964844468986,-0.24972479052709032,31.265098262462253,-7.212852884747157,7.20491270298481,-0.5895801927732858,1.8833316295236149,0.020435055386338764,0.01632230595294318,0.11728804983714385,-0.017687817415765517,-16.137417599264143,-0.8239443591901391,-3.8641267028463844,-0.29244693140938355,0.749366441153115,-0.3558450313622895,-2.220629216779114,-3.8490419758555765,-1.8727717225221554,-0.7547087534598989,0.6037704478838747,-0.46569050215576435,Leisure,Consumer Cyclical,FUN
2007Q4,2007,Q4,2008-02-29,2007-12-31,-9029000.0,115447000.0,-19634000.0,-0.16652526742899298,27272000.0,0.23622961185652291,2418668000.0,285092000.0,62748000.0,122708000.0,2133576000.0,26884000.0,0.0,1145668600.0,2893078600.0,5.258059756547399,0.511360302506764,0.7247422961729348,6.1485801074740785,-0.001680347146114723,5.258059756547399,-0.03167047830174119,9.923762419118729,-31.721912725661756,4.018592594671194,-2.8528076198914607,3.2798318702574023,0.022482941402077357,0.047731644028862166,0.17942595429800828,-0.0037330464536678865,-38.368004018754185,0.23622961185652291,-1.1699237422744826,0.5717252515388568,0.8850261456014521,-0.11826064609188112,-0.9236783925223183,-1.1667959801965566,-1.1061710503547326,0.3520277278066184,0.6837929769840949,-0.23502719186061222,Leisure,Consumer Cyclical,FUN
2007Q3,2007,Q3,2007-11-09,2007-09-30,54132000.0,567513000.0,184928000.0,0.98,357330000.0,0.6296419641488389,2508227000.0,346374000.0,143901000.0,239825000.0,2161853000.0,32116000.0,0.0,1293147000.0,2979364000.0,6.388306897823681,0.6000250182424685,0.6870139744130017,4.974931721203093,0.03403385092879332,6.388306897823681,0.15628193802075213,2.278620930269439,5.9721929727333185,3.73338356805072,0.4757260031035247,6.544494955785279,0.01991420928943113,0.2262606215466144,0.3969727926613155,0.021581778682710936,7.181038216772732,0.6296419641488389,8.799999999999999,-0.5111897986658321,0.9330811589869343,-0.04357162229796851,1.9007119257713883,8.78878842676311,3.6048955402275955,-0.5160109598524675,0.8076788067659072,-0.17216818009669732,Leisure,Consumer Cyclical,FUN
2007Q2,2007,Q2,2007-08-03,2007-06-24,5530000.0,274014000.0,40159000.0,0.1,123187000.0,0.4495646207857993,2600375000.0,340177000.0,164482000.0,221360000.0,2260198000.0,47822000.0,0.0,1521618560.0,3364029560.0,6.275402154663518,0.74305204192266,0.7224200355717926,5.522310444268719,0.02643055623800203,6.275402154663518,0.016256243073458816,5.553068675323159,68.78926582278481,4.473020104239851,4.656057866184448,3.153924971770315,0.016921455006437356,0.10537480171129164,0.4170762558727864,0.0021266163534105656,35.074882670231894,0.4495646207857993,1.0980392156862746,-0.7507902807631219,0.7303182714406755,0.23721075194042948,4.790952454223727,1.1003174603174604,1.7892574977398688,-0.6066958907829197,0.7712814144212188,0.28145093069926846,Leisure,Consumer Cyclical,FUN
2007Q1,2007,Q1,2007-05-04,2007-03-25,-55125000.0,29999000.0,-50882000.0,-1.02,-32495000.0,-1.0832027734257808,2530747000.0,326148000.0,106607000.0,152518000.0,2204599000.0,37297000.0,0.0,1564869390.0,3425423390.0,6.025383805353877,0.6989797925490762,0.7442170236692961,5.774755632412279,-0.01503896949726188,6.025383805353877,-0.16901835976305235,52.16405180172672,-7.096913333333334,4.7980346039221455,-0.4613514739229025,1.6755771241654824,0.01625183556053838,0.01185381233288037,0.25848752278419596,-0.02178210623187541,-17.308395991638186,-1.0832027734257808,-0.8711226736041627,-0.5816110876492211,0.16959891807034952,0.186520495648081,-2.057194911669974,-0.8386031618971382,-26.02177376526819,-0.7270041263962854,0.2101234322153912,0.18579205125712236,Leisure,Consumer Cyclical,FUN
