Quarters,Year,Quarter,FillingDate,Date,NetIncome,Revenue,OperatingIncome,EPSDiluted,GrossProfit,GrossProfitRatio,TotalAssets,CommonStockEquity,CurrentAssets,CurrentLiability,TotalLiability,Inventory,RetainedEarnings,MarketCap,EnterpriseValue,bookValuePerShare,currentRatio,debtToAssets,debtToEquity,roic,shareholdersEquityPerShare,roe,priceToSalesRatio,peRatio,pbRatio,payoutRatio,inventoryTurnover,dividendYield,assetTurnover,quickRatio,returnOnAssets,priceToFreeCashFlowsRatio,grossProfitMargin,epsdilutedGrowth,fiveYNetIncomeGrowthPerShare,fiveYRevenueGrowthPerShare,fiveYShareholdersEquityGrowthPerShare,grossProfitGrowth,netIncomeGrowth,operatingIncomeGrowth,threeYNetIncomeGrowthPerShare,threeYRevenueGrowthPerShare,threeYShareholdersEquityGrowthPerShare,Industry,Sector,Symbol
2023Q1,2023,Q1,2023-04-26,2023-04-01,173239000.0,971192000.0,229106000.0,3.12,292394000.0,0.3010671422,2479621000.0,1962307000.0,1767011000.0,406745000.0,492152000.0,452826000.0,173883000.0,4092321640.0,3512303640.0,35.234356202754384,4.344272209861216,0.012655563088068702,0.015991891177068625,0.08399676543257405,35.234356202754384,0.08828333181301397,4.213710203543687,5.9056009905390825,2.0854645272121033,0.09656601573548682,1.499026115991573,0.004087899601166246,0.39166953336820426,3.161108311104009,0.06986511245065274,39.32580231016125,0.30106714223346154,0.26829268292682934,6.335606012780085,0.5502297355401575,2.7212366807486226,0.13869016788625327,0.24716714900724232,0.2032056634788591,4.36187352637654,0.6160807224144645,2.0490309590078493,Metal Fabrication,Industrials,MLI
2022Q4,2022,Q4,2023-02-28,2022-12-31,138906000.0,877581000.0,190413000.0,2.46,256781000.0,0.2926009109,2242399000.0,1790914000.0,1534653000.0,348295000.0,428435000.0,448919000.0,2059796000.0,3282878000.0,2845711000.0,32.18637000826713,4.4061872837680705,0.010636376487859653,0.013317780753291337,0.07591213809745585,32.18637000826713,0.07756151328316156,3.740826202937393,5.908452478654629,1.8330740616244,0.10014686190661311,1.3828775347000237,0.004237440440978922,0.391358094612065,3.041194964039105,0.06194526487034645,16.501269182244517,0.2926009109130667,-0.1021897810218979,23.97562284453811,0.7180694039844775,2.515459233939606,-0.03535780429988768,-0.10117637923671235,-0.0719031023810104,3.951107140548093,0.620261189682404,1.7945761187687288,Metal Fabrication,Industrials,MLI
2022Q3,2022,Q3,2022-10-19,2022-09-24,154542000.0,944830000.0,205165000.0,2.74,266193000.0,0.281736397,2109751000.0,1625242000.0,1420924000.0,374947000.0,455102000.0,454511000.0,1935137000.0,3223606110.0,2766119110.0,29.23675547320513,3.789666272833227,0.01232799510463557,0.01600315522242226,0.092119524275445,29.23675547320513,0.09508860834263451,3.4118371664743923,5.214773508172535,1.9834622228566579,0.08999495282835734,1.4931145780850188,0.004314422893310622,0.44783957917308725,2.4664365897046783,0.07325129837596948,10.532216740560196,0.2817363970238032,-0.2493150684931506,6.117825284472125,0.7599137255930165,2.2232642955284465,-0.19121739870202475,-0.2518009992641078,-0.23693606575668538,4.33522015676855,0.5592459440481237,1.6863357265719443,Metal Fabrication,Industrials,MLI
2022Q2,2022,Q2,2022-07-20,2022-06-25,206552000.0,1150042000.0,268870000.0,3.65,329128000.0,0.2861878088,2046972000.0,1510463000.0,1335756000.0,418771000.0,501349000.0,475951000.0,1794811000.0,2977910060.0,2799276060.0,27.07553731156004,3.189705113295811,0.011659661197124338,0.015801115287166916,0.12924433391870452,27.07553731156004,0.1367474741188629,2.5893924395804673,3.6043103673651187,1.971521354710443,0.0031469073163174406,1.724786795279346,0.00021827388567940831,0.5618259556066229,1.943971764998054,0.10090611889170932,24.076371295053605,0.28618780879307015,0.3035714285714286,6.633880803875403,0.9096696149937358,2.1229247893606145,0.2396955075689948,0.29805686131570347,0.2640749220737091,6.376049260863144,0.7247170506776384,1.5660663737145075,Metal Fabrication,Industrials,MLI
2022Q1,2022,Q1,2022-04-20,2022-03-26,159124000.0,1010002000.0,212701000.0,2.8,265491000.0,0.2628618557,1945950000.0,1370400000.0,1240548000.0,451596000.0,539806000.0,471949000.0,1602496000.0,3202188000.0,3086503000.0,24.427807486631018,2.747030531714187,0.012112335877078034,0.017199357851722125,0.11207733066834646,24.427807486631018,0.1161150029188558,3.170476890144772,5.030963273924738,2.336681260945709,0.0060267464367411575,1.5775242663931908,0.00029948272868426213,0.5190277242477968,1.611289736844436,0.0817718851974614,55.59354166666667,0.2628618557190976,0.2556053811659192,4.368425858585859,0.768895048425071,1.9644903213270837,0.1554993623864591,0.25308301702549885,0.24589827847775025,9.053351536170485,0.639973553501595,1.4077072356375036,Metal Fabrication,Industrials,MLI
2021Q4,2021,Q4,2022-02-23,2021-12-25,126986000.0,956357000.0,170721000.0,2.23,229763000.0,0.24024815,1728936000.0,1222118000.0,1019003000.0,382439000.0,471973000.0,430244000.0,1458489000.0,3282645040.0,3219710040.0,21.78308142021959,2.6644850551329755,0.014453397927974199,0.020447289050648135,0.0993159540191412,21.78308142021959,0.10390649675399594,3.432447339225833,6.46261209897154,2.6860295323364847,0.05741577811727277,1.6887951952845361,0.0022210747464794425,0.5531477162833095,1.463718396920816,0.07344748446443362,26.48704181257766,0.2402481500109269,-0.2591362126245847,6.406172527366128,1.0462971724523937,0.37385894808191367,-0.03454028228907107,-0.2573049479471283,-0.26839082922648383,3.7662358066491346,0.7243198501225875,1.2466101760909318,Metal Fabrication,Industrials,MLI
2021Q3,2021,Q3,2021-10-20,2021-09-25,170980000.0,982248000.0,233350000.0,3.01,237983000.0,0.24228402603008609,1728537000.0,1107562000.0,1037943000.0,380098000.0,602305000.0,405590000.0,1340337000.0,2318783950.0,2359708950.0,19.75073559569877,2.7307247078385046,0.0842990343857262,0.1315628380171945,0.1348300796651986,19.75073559569877,0.15437510496026408,2.360690935486761,3.390431556322377,2.093592909471434,0.04269505205287168,1.8350181217485637,0.0031482018840090728,0.5682539627442167,1.5752490147277807,0.09891601973229384,14.084649096165995,0.24228402603008609,0.5677083333333333,5.646745635609675,0.9581192779192881,0.25144209879031465,0.11792089440060127,0.5710452807997648,0.4786394109521335,7.542818596280923,0.5421994529746278,0.9743237768179867,Metal Fabrication,Industrials,MLI
2021Q2,2021,Q2,2021-07-21,2021-06-26,108832000.0,1012592000.0,157814000.0,1.92,212880000.0,0.2102327492217991,1789437000.0,945716000.0,1081995000.0,362429000.0,815521000.0,384982000.0,1176812000.0,2451553720.0,2724275720.0,16.904086083008615,2.9853985194341512,0.21425900995676295,0.40541029230762726,0.08636734003138298,16.904086083008615,0.11507894547623176,2.4210676363234156,5.631509390620406,2.5922726484483714,0.0,2.077271145144448,0.0,0.5658718356667488,1.8009734320377233,0.06081912914508865,106.08194374729554,0.2102327492217991,0.7297297297297295,2.9547827818246475,0.8799351389246329,0.09466720369092002,0.42175916649969947,0.7245630437193972,0.7053598443916145,2.329740643872338,0.5510508643841102,0.7215342580641603,Metal Fabrication,Industrials,MLI
2021Q1,2021,Q1,2021-04-21,2021-03-27,63107000.0,818148000.0,92540000.0,1.11,149730000.0,0.18301089778377505,1698329000.0,841146000.0,986535000.0,444488000.0,830316000.0,365457000.0,1075410000.0,2321632320.0,2611895320.0,15.043028828957722,2.219486240348446,0.24738375191143766,0.49948403725393686,0.05418210010824521,15.043028828957722,0.07502502538203831,2.8376679036066825,9.197206015180567,2.76008245893103,0.0,1.828992193336015,0.0,0.4817370485930582,1.2989507028311225,0.03715828911830393,-72.98894366197183,0.18301089778377505,0.7343750000000001,1.225946929600528,0.550668410361228,-0.006281312576034209,0.22384424246387236,0.7327567270730367,0.4236047012491539,1.6615362218915712,0.30073059647725037,0.5887524762975643,Metal Fabrication,Industrials,MLI
2020Q4,2020,Q4,2021-02-24,2020-12-26,36420000.0,675851000.0,65004000.0,0.64,122344000.0,0.1810221483729402,1528568000.0,776745000.0,825361000.0,339643000.0,727508000.0,315002000.0,1019694000.0,1950386789.9999998,2187048790.0,13.902969446383505,2.43008394107931,0.23272566218840118,0.45798428055539464,0.038218690619615164,13.902969446383505,0.04688797481799046,2.8858236356830127,13.388157537067544,2.5109743738292485,0.15340472267984623,1.757153922832236,0.0028645600086329545,0.44214650574917175,1.4032587157692047,0.02382622166629159,58.19618040221996,0.1810221483729402,-0.15789473684210525,1.5554682978634542,0.44677838040318896,-0.05132738385399364,0.03396577223748151,-0.14711254742166643,-0.061002210120328776,5.52179431018614,0.3177598964065942,0.5185099253788289,Metal Fabrication,Industrials,MLI
2020Q3,2020,Q3,2020-10-21,2020-09-26,42702000.0,619105000.0,69227000.0,0.76,118325000.0,0.19112266901414138,1420012000.0,717621000.0,729865000.0,252752000.0,680661000.0,271310000.0,988983000.0,1485263760.0,1744063760.0,12.856904830156228,2.8876725011078053,0.2622794736945885,0.5189926158794127,0.04739004450858333,12.856904830156228,0.05950494759768736,2.3990498542250505,8.69551636925671,2.0697049835498125,0.13081354503301953,1.8457852640890495,0.0037609481564405776,0.4359857522330797,1.7158123377856556,0.03007157685991386,31.529576496062155,0.19112266901414138,0.52,1.4230147551424988,0.1683583093957767,-0.11113726106245717,0.21973218979682296,0.5274717413077693,0.323753250726633,0.9587506920579951,0.14850308725619435,0.4174350614256697,Metal Fabrication,Industrials,MLI
2020Q2,2020,Q2,2020-07-22,2020-06-27,27956000.0,500168000.0,52296000.0,0.5,97009000.0,0.1939528318484989,1323390000.0,670681000.0,670691000.0,229264000.0,633186000.0,244414000.0,951992000.0,1360755660.0,1584434660.0,12.035981551603466,2.9254091353199803,0.26242377530433203,0.5178154741225709,0.03738054201980959,12.035981551603466,0.04168300578069157,2.7205971993410216,12.168726391472314,2.028916370077578,0.0,1.6494922549444795,0.0,0.3779445212673513,1.7330239374694676,0.021124536228927224,12.414521120335737,0.1939528318484989,-0.12280701754385957,-0.16264425383910688,-0.09130416036218032,-0.16544889751844158,-0.06434220679012345,-0.1375597717106278,-0.11827485626612264,0.034402399862466765,-0.16850631122751258,0.3882444776355863,Metal Fabrication,Industrials,MLI
2020Q1,2020,Q1,2020-04-22,2020-03-28,32415000.0,602919000.0,59311000.0,0.57,103680000.0,0.17196339806839725,1445939000.0,645687000.0,774126000.0,229899000.0,800252000.0,270119000.0,929810000.0,1268921250.0,1587919250.0,11.555919463087248,3.367243876658881,0.3273174041228572,0.73298827450452,0.038515586942117465,11.555919463087248,0.050202342621115184,2.1046297263811558,9.786528227672374,1.9652265726272948,0.0,1.8482187480332741,0.0,0.41697402172567444,2.208804735992762,0.022417958157294325,115.80918590855161,0.17196339806839725,0.1399999999999999,0.48179466748017097,0.12872371171423294,-0.16196568633518224,0.1457619626478064,0.15069222577209798,0.3343607280253774,0.09800071588366897,0.0601910355824317,0.4023940307007085,Metal Fabrication,Industrials,MLI
2019Q4,2019,Q4,2020-02-26,2019-12-28,28170000.0,543839000.0,44449000.0,0.5,90490000.0,0.1663911562061566,1370940000.0,643468000.0,693772000.0,234287000.0,727472000.0,292107000.0,903070000.0,1773840750.0,2059870750.0,11.517442588913351,2.961205700700423,0.28008082045895516,0.5967258667097665,0.03378416501716007,11.517442588913351,0.043778400790715315,3.2617019926853352,15.742285676251331,2.75668836678747,0.19833155839545616,1.5519963574991356,0.0031496626740591003,0.39669059185668226,1.7766670792660284,0.02054794520547945,30.78675998403249,0.1663911562061566,-0.03846153846153849,0.5734035869623585,0.017605163826494966,-0.15118646883595885,-0.07927269767299885,-0.03172584470491183,-0.03898209807143475,0.6498625182766632,0.1685355779134974,-0.27359489437932716,Metal Fabrication,Industrials,MLI
2019Q3,2019,Q3,2019-10-23,2019-09-28,29093000.0,608602000.0,46252000.0,0.52,98281000.0,0.16148648870690532,1402765000.0,607648000.0,730709000.0,246769000.0,795117000.0,277567000.0,880537000.0,1583953840.0,1921529840.0,10.883507665854706,2.9611053252231843,0.3121791604438377,0.7206705197746064,0.0350039006601545,10.883507665854706,0.0478780478171573,2.6026103101862956,13.611125012889698,2.6066963768497553,0.19203932217371877,1.838550692265291,0.003527249253677746,0.43385884307064976,1.889495844291625,0.020739753273000112,26.04501841620626,0.16148648870690532,0.040000000000000036,0.22841585305135104,0.014597981961335738,-0.2116306188425071,-0.044851111802208056,0.03955549203173015,-0.1022864019253911,0.1359359380727889,0.21857692923229283,-0.31040139697258595,Metal Fabrication,Industrials,MLI
2019Q2,2019,Q2,2019-07-24,2019-06-29,27986000.0,666394000.0,51522000.0,0.5,102896000.0,0.15440715252538287,1417068000.0,588271000.0,734504000.0,226754000.0,828797000.0,300391000.0,857121000.0,1631890310.0,2024480310.0,10.55137840116227,3.2392107746721117,0.34157147010588057,0.8228010559759023,0.03591773349551735,10.55137840116227,0.047573312299943396,2.448837039349094,14.577738065461302,2.7740451424598525,0.19927821053383835,1.8758817674297832,0.003417509109420473,0.4702625420939574,2.0107164592465843,0.019749228689096076,19.791043829436305,0.15440715252538287,0.7857142857142856,-0.19724479758936736,0.02974230372695795,-0.22374546609624613,0.01046842777177649,0.7799402149716975,0.04762098413989427,0.020487416881822325,0.2414814982069075,-0.316718583142157,Metal Fabrication,Industrials,MLI
2019Q1,2019,Q1,2019-04-24,2019-03-30,15723000.0,611781000.0,49180000.0,0.28,101830000.0,0.1664484513249022,1475053000.0,565398000.0,784533000.0,220529000.0,909655000.0,344850000.0,834798000.0,1746515520.0,2213492520.0,10.145671834625324,3.55750490865147,0.3827476029674866,0.9985408508696528,0.032768698496990815,10.145671834625324,0.027808729425997263,2.8548051018256535,27.770074413279907,3.0890019419948422,0.35451249761495895,1.4787617804842685,0.0031914975482153175,0.41475187671222663,2.077250611030749,0.010659278005603866,-55.43261878312756,0.1664484513249022,-0.4042553191489361,-0.3612710013704505,0.06870963900615173,-0.21798770499004247,0.35205470357830443,-0.4145660349257177,0.23066913567889494,-0.4435382409535903,0.16344455321012796,-0.32979296834620786,Metal Fabrication,Industrials,MLI
2018Q4,2018,Q4,2019-02-27,2018-12-29,26857000.0,559087000.0,39962000.0,0.47,75315000.0,0.1347106979772379,1369549000.0,548356000.0,702618000.0,232801000.0,821193000.0,329795000.0,824737000.0,1323952550.0,1748034550.0,9.695977367164707,3.01810559232993,0.3574877569185184,0.8928451589843095,0.02984670505685085,9.695977367164707,0.04897730671315714,2.368061768561959,12.32409194995718,2.414403325576815,0.2105223963957255,1.4668870055640626,0.0042705457986390825,0.4082270878953583,1.7357098981533585,0.019610105224420592,56.14488571307408,0.1347106979772379,0.34285714285714286,0.7223446179847914,0.13216548897593927,-0.23008918067739417,-0.011614173228346457,0.3230049261083744,0.18683733776840605,0.8616067569426026,0.18230720170405595,-0.33839254624893755,Metal Fabrication,Industrials,MLI
2018Q3,2018,Q3,2018-10-24,2018-09-29,20300000.0,646000000.0,33671000.0,0.35,76200000.0,0.11795665634674922,1421700000.0,568986000.0,761200000.0,244300000.0,852800000.0,313400000.0,803600000.0,1648295460.0,2062895460.0,10.00379766865341,3.115841178878428,0.3587254695083351,0.8963313684343728,0.0273196706208812,10.00379766865341,0.035677503488662284,2.551540959752322,20.299205172413792,2.8968998534234585,0.2803448275862069,1.8181238034460754,0.0034526576928143697,0.4543855947105578,1.9277691363078182,0.014278680452978828,20.477500652230628,0.11795665634674922,-0.39655172413793105,-0.5009693123573215,0.19801722380077785,-0.15664116706056758,-0.22993744504967004,-0.38822253028750525,-0.3515829610229549,0.13038375931662516,0.19637212842765905,-0.30838696303640395,Metal Fabrication,Industrials,MLI
2018Q2,2018,Q2,2018-07-24,2018-06-30,33182000.0,662773000.0,51928000.0,0.58,98953000.0,0.149301495383789,1496384000.0,557701000.0,937513000.0,273474000.0,924295000.0,294540000.0,788753000.0,1676079470.0,2013120470.0,9.819198197087875,3.42816136086063,0.41332037765707197,1.108992094330116,0.032350843411001466,9.819198197087875,0.059497831275181504,2.5288891822690425,12.627926812729793,3.005337035436551,0.17120728105599423,1.9142391525768996,0.003389457422326162,0.4429163904452333,2.250115184624498,0.022174789358881144,29.215769317924316,0.149301495383789,0.38095238095238093,-0.643317706735808,0.11581410578199464,-0.11411185528851142,0.04834198537980718,0.37524867374005305,0.09534255821802227,-0.024905683936894404,0.18134442893528838,-0.3191562611050275,Metal Fabrication,Industrials,MLI
2018Q1,2018,Q1,2018-04-25,2018-03-31,24128000.0,640060000.0,47408000.0,0.42,94390000.0,0.14747054963597162,1336844000.0,538755000.0,762827000.0,213324000.0,783779000.0,329231000.0,761319000.0,1488504000.0,1884796000.0,9.468453427065027,3.5759080084753707,0.3649378685919973,0.905541479893458,0.03805937453580749,9.468453427065027,0.04478473517647168,2.3255694778614506,15.422994031830237,2.762858813375282,0.2353696949602122,1.657407716770292,0.003815239999355057,0.47878436077807135,1.9375644559449476,0.018048478356487367,-46.46928071928072,0.14747054963597162,3.1999999999999993,-0.09941209836461447,0.11833381239573178,0.003161873899197563,0.23224543080939947,3.232982456140351,1.1560851373476442,0.08310009905735753,0.17666987647987947,-0.3133485488053178,Metal Fabrication,Industrials,MLI
2017Q4,2017,Q4,2018-02-28,2017-12-30,5700000.0,523500000.0,21988000.0,0.1,76600000.0,0.14632282712511938,1320200000.0,522111000.0,739100000.0,242300000.0,798100000.0,327900000.0,743500000.0,2020431180.0,2365231180.0,9.15566583663592,3.0503508047874535,0.3397970004544766,0.8592042688240623,-0.012053058734523153,9.15566583663592,0.010917218752334274,3.8594673925501435,88.61540263157895,3.8697349414205027,1.0005263157894737,1.3629155230253125,0.0028226648135572727,0.39653082866232386,1.822261659100289,0.004317527647326163,-52.65241654288172,0.14632282712511938,-0.7435897435897436,-0.6613495940662069,0.012061123330544274,0.0035852986081069595,-0.03161780508463863,-0.7439123011950759,-0.41457440293937536,-0.6880922736997159,-0.040326223408276886,-0.3252449066745352,Metal Fabrication,Industrials,MLI
2017Q3,2017,Q3,2017-10-25,2017-09-30,22258000.0,550363000.0,37559000.0,0.39,79101000.0,0.14372514140667159,1249224000.0,516903000.0,692828000.0,245159000.0,719187000.0,284114000.0,743560000.0,1991695650.0000002,2288619650.0,9.070542404408023,2.826035348488124,0.3228148034299693,0.7801618485479868,0.029652318689568375,9.070542404408023,0.04306030338380702,3.6188763597843607,22.370559461766558,3.8531323091566505,0.2561775541378381,1.6587074202608811,0.002862887208695766,0.4405639020704053,1.5623411745030775,0.017817461079838365,55.94965026125064,0.14372514140667159,-0.18749999999999994,0.8901567024058119,0.40883628245592557,0.37437735357379365,-0.12788313120176406,-0.19355072463768117,-0.19750870670683504,-0.07923154079221661,-0.10108787424817976,-0.3429565061491256,Metal Fabrication,Industrials,MLI
2017Q2,2017,Q2,2017-07-26,2017-07-01,27600000.0,614300000.0,46803000.0,0.48,90700000.0,0.14764772912257854,1297300000.0,493371000.0,743800000.0,219200000.0,803900000.0,252800000.0,727100000.0,1732787700.0,2068787700.0,8.669929357185534,3.3932481751824817,0.3769367147151777,0.9911405412965091,0.03273982304990641,8.669929357185534,0.05594167472348395,2.820751587172391,15.695540760869566,3.512139343414996,0.20619565217391303,2.0712025316455698,0.0032843030914866257,0.4735219301626455,2.420656934306569,0.02127495567717567,89.29133773059878,0.14764772912257854,-0.07692307692307698,1.0588780804522033,0.38200156729794943,-0.27083254136006213,0.026018099547511313,-0.08,0.026224044554563994,-0.22435756209488325,-0.06998881110239501,-0.3621618222507128,Metal Fabrication,Industrials,MLI
2017Q1,2017,Q1,2017-04-26,2017-04-01,30000000.0,577900000.0,45607000.0,0.52,88400000.0,0.1529676414604603,1304900000.0,467875000.0,756100000.0,231700000.0,837000000.0,252000000.0,705200000.0,1943579399.9999998,2301379400.0,8.240137372314194,3.263271471730686,0.37535443328990725,1.0468608068394336,0.03462470868500092,8.240137372314194,0.06411969008816458,3.3631759820038063,16.196495,4.154056959658028,5.994933333333333,1.9424603174603174,0.09253442385734281,0.4428691853781899,2.2976564523090204,0.022990267453444707,-103.56367027228644,0.1529676414604603,0.7333333333333335,0.23223958068888834,0.33953036223331623,-0.29850440433529074,0.16271422746583541,0.7319016279875303,0.5553319919517102,0.19613594910678767,-0.00918059219918347,-0.3648632793612613,Metal Fabrication,Industrials,MLI
2016Q4,2016,Q4,2017-03-01,2016-12-31,17322000.0,472158000.0,29323000.0,0.3,76029000.0,0.16102448756560303,1447476000.0,898684000.0,894323000.0,218992000.0,511039000.0,242013000.0,1141831000.0,2264932800.0,2140979800.0,15.855398729710656,4.083815847154234,0.15707617950142178,0.2529966039230697,0.01723500047770055,15.855398729710656,0.019274850781809846,4.796980671724295,32.68867336335296,2.5202772053358022,0.32727167763537696,1.6368087664712225,0.0025029440167054847,0.32619400943435334,2.7745671074742457,0.011967037795445314,34.67123044423354,0.16102448756560303,-0.33333333333333337,0.8131436495140341,0.30026497336039576,0.42120619030395107,-0.07186630206553055,-0.3332050196319963,-0.21778216448368767,0.10841336186749036,-0.045976580261157,0.2590007757255905,Metal Fabrication,Industrials,MLI
2016Q3,2016,Q3,2016-09-30,2016-09-30,25978000.0,506584000.0,37487000.0,0.45,81916000.0,0.16170269886139318,1426121000.0,893772000.0,873594000.0,202200000.0,489517000.0,251130000.0,1130249000.0,1835977020.0,1768938020.0,15.782380674895375,4.320445103857566,0.16180534470777724,0.25817993850780735,0.02323826571223477,15.782380674895375,0.029065578245906113,3.624230177028884,17.668575525444606,2.054189457714048,0.21818461775348372,1.6910285509497074,0.0030871846097507254,0.3552181056165641,2.9350395647873393,0.01821584564002634,78.6723666281013,0.16170269886139318,-0.08163265306122446,2.309628275275783,0.15681765043700896,0.3964323652924459,-0.06925270704798264,-0.0654387164082455,-0.15638221262039786,-0.35861414409042686,-0.05645098946015408,0.3305157289109061,Metal Fabrication,Industrials,MLI
2016Q2,2016,Q2,2016-06-30,2016-06-30,27797000.0,544071000.0,44436000.0,0.49,88011000.0,0.16176381391399283,1420475000.0,872655000.0,865723000.0,217950000.0,501703000.0,249954000.0,1110010000.0,1801570680.0,1748281680.0,15.442214790040877,3.9721174581325993,0.16182755768316937,0.26341681420492635,0.027255522091369524,15.442214790040877,0.03185336702362331,3.3112786382659616,16.202923696801815,2.064470701479966,0.20329531963880995,1.8245757219328356,0.0031367073536076864,0.3830204685052535,2.7001284698325305,0.019568806209190586,66.30002870496449,0.16176381391399283,-0.020000000000000018,0.6647822587498935,0.1129439275555266,0.36425014375842957,0.0214003040607193,-0.029095354523227385,0.07159910290110208,-0.6996903257772823,-0.07939141227226705,0.393196749470113,Metal Fabrication,Industrials,MLI
2016Q1,2016,Q1,2016-03-31,2016-03-31,28630000.0,532809000.0,41467000.0,0.5,86167000.0,0.1617221180573151,1361020000.0,854804000.0,820761000.0,202608000.0,474538000.0,240608000.0,1087927000.0,1661259140.0,1601693140.0,15.138116067791808,4.05098021795783,0.15472439787806205,0.2463523801947581,0.025134688431559343,15.138116067791808,0.03349305805775359,3.117926198694091,14.506279601816278,1.9434386596225568,0.14795668878798462,1.8563056922463093,0.0025498731040841708,0.39147771524297953,2.69500710732054,0.02103569381787189,373.8206885688569,0.1617221180573151,1.0,-0.05781362687880556,0.03517561276780531,0.37223558462838574,0.4195551894563427,0.9881944444444445,1.1867320571639508,0.07682141443958954,-0.06192001001728228,0.6038501956889109,Metal Fabrication,Industrials,MLI
2015Q4,2015,Q4,2016-02-24,2015-12-26,14400000.0,472000000.0,18963000.0,0.25,60700000.0,0.12860169491525425,1338800000.0,827285000.0,800400000.0,209400000.0,511500000.0,239400000.0,1063500000.0,1580600000.0,1521800000.0,14.655181576616474,3.822349570200573,0.1525993426949507,0.24695238037677464,0.011574098757413755,14.655181576616474,0.017406335180741823,3.348728813559322,27.44097222222222,1.9105870407417034,0.2940277777777778,1.718045112781955,0.002678729596355814,0.35255452644158947,2.5138490926456543,0.01075590080669256,27.341763393243266,0.12860169491525425,-0.1935483870967742,0.09099097746618438,0.20128411227930265,0.4065507918363902,-0.10603829160530191,-0.19101123595505617,-0.29836829836829837,-0.13573246343623752,-0.07819084173380024,0.6064069005088059,Metal Fabrication,Industrials,MLI
2015Q3,2015,Q3,2015-10-21,2015-09-26,17800000.0,535200000.0,27027000.0,0.31,67900000.0,0.12686846038863975,1373500000.0,815433000.0,825500000.0,229500000.0,558100000.0,250800000.0,1053400000.0,1685612500.0,1683212500.0,14.464443458980044,3.596949891067538,0.1488896978522024,0.2507870051862017,0.02109512268424091,14.464443458980044,0.021828893360950563,3.149500186846039,23.674332865168537,2.0671379500216447,0.23786516853932585,1.8632376395534291,0.0025118465839568706,0.3896614488532945,2.543830065359477,0.012959592282489989,23.481402800027862,0.12686846038863975,-0.47457627118644063,0.25996410093971073,0.41168185665223456,0.4039552468405456,-0.20211515863689777,-0.47181008902077154,-0.5135003780105843,0.5279914169229668,0.38489434861464356,1.1916664556256136,Metal Fabrication,Industrials,MLI
2015Q2,2015,Q2,2015-07-22,2015-06-27,33700000.0,555600000.0,55554000.0,0.59,85100000.0,0.15316774658027357,1345000000.0,811200000.0,930800000.0,209500000.0,533800000.0,278900000.0,1039900000.0,2007455429.9999998,1931155429.9999998,14.42210251213398,4.442959427207637,0.15226765799256506,0.252465483234714,0.03458251189916559,14.42210251213398,0.041543392504930964,3.6131307235421164,14.89210259643917,2.474673853550296,0.12519287833827894,1.6869845822875582,0.002101665589656454,0.41308550185873605,2.8930787589498808,0.025055762081784387,428.66868033311977,0.15316774658027357,0.5128205128205127,1.8938610059203156,0.37727055287508254,0.4384760324955009,0.11533420707732635,0.5318181818181819,0.5550890157877058,1.5433735150302257,0.26458769915788294,0.21294273618293746,Metal Fabrication,Industrials,MLI
2015Q1,2015,Q1,2015-04-23,2015-03-28,22000000.0,537200000.0,35724000.0,0.39,76300000.0,0.14203276247207744,1324800000.0,774863000.0,941100000.0,224200000.0,550000000.0,246400000.0,1010500000.0,2005528169.9999998,1915328169.9999998,13.789315395155981,4.197591436217663,0.1547403381642512,0.2645628969250048,0.024161619454022575,13.789315395155981,0.028392115767561493,3.7332989017125833,22.79009284090909,2.588235817170261,0.19163636363636363,1.8705357142857142,0.0021021893698955126,0.40549516908212563,2.8318465655664586,0.016606280193236716,-572.6808023986293,0.14203276247207744,0.21875000000000003,-0.13435313797720258,0.4808896844945013,0.39930424484688626,0.11224489795918367,0.2222222222222222,0.2004435632917773,-0.0869180653501731,0.2581981464475524,0.1739056741255328,Metal Fabrication,Industrials,MLI
2014Q4,2014,Q4,2015-02-24,2014-12-27,18000000.0,537300000.0,29759000.0,0.32,68600000.0,0.1276754141075749,1328100000.0,762150000.0,941200000.0,238100000.0,565900000.0,256600000.0,992800000.0,1919856420.0,1809156420.0,13.56887250974737,3.9529609407811845,0.15458173330321512,0.2693695466771633,0.020356045152052242,13.56887250974737,0.023617398149970478,3.573155443886097,26.6646725,2.5190007478842746,0.23405555555555554,1.8265783320342945,0.0021944349359208854,0.40456290941947143,2.634187316253675,0.01355319629545968,25.383510326043844,0.1276754141075749,-0.23809523809523805,2.377068693203928,0.6613077566106279,0.4307717725764122,-0.16034271725826194,-0.24369747899159663,-0.21118061814133487,0.9012526553087932,0.49311927267836864,0.2162523273642067,Metal Fabrication,Industrials,MLI
2014Q3,2014,Q3,2014-10-24,2014-09-27,23800000.0,602800000.0,37726000.0,0.42,81700000.0,0.13553417385534175,1327700000.0,774562000.0,924200000.0,233300000.0,553200000.0,282500000.0,979100000.0,1622053370.0,1604853370.0,13.805086709323257,3.9614230604372054,0.15477894102583414,0.26531123396190365,0.025627168177758283,13.805086709323257,0.030727043154711954,2.6908649137358993,17.038375735294117,2.0941556260183174,0.17697478991596638,1.8446017699115045,0.002596708639740997,0.4540182270091135,2.539219888555508,0.01792573623559539,35.640125021972224,0.13553417385534175,-0.32258064516129037,0.7001152019598916,0.9176545233823783,0.402365195250142,-0.11099020674646355,-0.32,-0.21736785329018338,2.0604666084445795,0.3893890242381401,0.22148047773504753,Metal Fabrication,Industrials,MLI
2014Q2,2014,Q2,2014-07-25,2014-06-28,35000000.0,649700000.0,48204000.0,0.62,91900000.0,0.14144989995382484,1349900000.0,760823000.0,946000000.0,268200000.0,589000000.0,291100000.0,959500000.0,1640008900.0,1663908900.0,13.592678612902649,3.527218493661447,0.15245573746203422,0.2704965543891286,0.037427927015960545,13.592678612902649,0.04600281537230078,2.5242556564568264,11.714349285714286,2.1555721895894315,0.11994285714285714,1.9161800068704913,0.0025597422062770513,0.48129491073412844,2.272557792692021,0.025927846507148678,-103.51631004228997,0.14144989995382484,0.40909090909090906,6.741857681382095,1.3443882244669993,0.40371330268216543,0.16182048040455121,0.41700404858299595,0.25836009084501527,1.1163230606300487,0.3417913293462988,0.20085195056825667,Metal Fabrication,Industrials,MLI
2014Q1,2014,Q1,2014-04-25,2014-03-29,24700000.0,574400000.0,38307000.0,0.44,79100000.0,0.13770891364902507,1282800000.0,725469000.0,885200000.0,235400000.0,557400000.0,279500000.0,928700000.0,1640354530.0,1644954530.0,12.973800922779784,3.7604078164825827,0.16058621764889305,0.28395424201447617,0.027490215372127137,12.973800922779784,0.034046940668726024,2.855770421309192,16.602778643724697,2.2610952776755453,0.16987854251012147,1.7720930232558139,0.0025579836085800303,0.44777050202681634,2.35089209855565,0.019254755222949796,-30.44967663492417,0.13770891364902507,0.6296296296296295,14.125392181408492,1.3364344172324594,0.38780426656416805,0.20030349013657056,0.6038961038961039,0.738303761855062,-0.1791656748613425,0.12693792994200462,0.17604536881582655,Metal Fabrication,Industrials,MLI
2013Q4,2013,Q4,2014-02-26,2013-12-28,15400000.0,487700000.0,22037000.0,0.27,65900000.0,0.1351240516711093,1247800000.0,703405000.0,874700000.0,219300000.0,544400000.0,251700000.0,908300000.0,1752139980.0,1675639980.0,12.593636982131986,3.9886000911992703,0.1653309825292515,0.2932876507843987,0.017221092270654586,12.593636982131986,0.02189350374250965,3.592659380766865,28.443830844155848,2.49094046815135,0.22675324675324676,1.6758045292014303,0.0019929914503748723,0.39084789229043115,2.6611947104423166,0.0123417214297163,34.64370412844037,0.1351240516711093,-0.6170212765957447,1.62639867860622,0.4900432140827027,0.3354216211502299,-0.09228650137741047,-0.6140350877192983,-0.67211724445767,0.17920429756433187,0.25448697303532375,0.2086912725517681,Metal Fabrication,Industrials,MLI
2013Q3,2013,Q3,2013-10-28,2013-09-28,39900000.0,528900000.0,67210000.0,0.705,72600000.0,0.13726602382302894,1260600000.0,661749000.0,924300000.0,244200000.0,598900000.0,234100000.0,896400000.0,1557043080.0,1474443080.0,11.861852011185201,3.785012285012285,0.16389021101062987,0.31220296517259566,0.04634715878297313,11.861852011185201,0.06029476432907341,2.9439271695972775,9.75590902255639,2.3529209413236742,0.08744360902255639,1.9491670226398974,0.002240785784809499,0.41956211327939075,2.6007371007371005,0.03165159447881961,170.70968972700362,0.13726602382302894,-0.563467492260062,1.840636189945972,0.058058873409193225,0.1512126528026198,-0.10591133004926108,-0.5625,-0.5343858895578016,1.8540187854018788,0.40974336090730146,0.15134117780455955,Metal Fabrication,Industrials,MLI
2013Q2,2013,Q2,2013-07-26,2013-06-29,91200000.0,582300000.0,144347000.0,1.615,81200000.0,0.13944702043620127,1209900000.0,617158000.0,848300000.0,240300000.0,592700000.0,222800000.0,860100000.0,1403971200.0,1392871200.0,11.084015804597701,3.5301706200582603,0.17092321679477643,0.33508437061498025,0.11211500973617655,11.084015804597701,0.14777415183794101,2.411078825347759,3.8486052631578946,2.274897514088775,0.03816885964912281,2.2491023339317775,0.0024793955887414216,0.4812794445821969,2.361215147732002,0.07537813042400199,26.887243617978818,0.13944702043620127,2.473118279569892,3.5035823754789273,0.030363747912042553,0.07558970507148659,0.057291666666666664,2.480916030534351,2.86543662801596,6.9112068965517235,0.4581558759156689,0.10553167024715214,Metal Fabrication,Industrials,MLI
2013Q1,2013,Q1,2013-04-26,2013-03-30,26200000.0,559700000.0,37343000.0,0.465,76800000.0,0.13721636591030908,1142900000.0,525202000.0,785200000.0,281500000.0,617700000.0,228200000.0,772500000.0,1482634380.0,1559334380.0,9.43860973330458,2.789342806394316,0.1812057047860705,0.39432446944223365,0.03374038357937006,9.43860973330458,0.049885567838660175,2.6489804895479723,14.14727461832061,2.822979310817552,0.13278625954198472,2.11612620508326,0.0023464989392732146,0.4897191355324175,1.7602131438721136,0.02292414034473707,-59.90441939393939,0.13721636591030908,0.6034482758620692,0.27469859224989734,0.059687326306558215,-0.051032013536317984,0.17611026033690658,0.5975609756097561,0.46190886313811463,0.04107794508789068,0.5581378858621757,-0.04219417086464897,Metal Fabrication,Industrials,MLI
2012Q4,2012,Q4,2013-02-27,2012-12-29,16400000.0,504000000.0,25544000.0,0.29,65300000.0,0.12956349206349208,1104200000.0,506908000.0,747200000.0,258700000.0,597200000.0,229400000.0,749800000.0,1368541320.0,1404541320.0,9.122957310488806,2.8882875918051796,0.18773772867234198,0.4089499475249947,0.024990949977700672,9.122957310488806,0.032353010802749216,2.715359761904762,20.861910365853657,2.699782445729797,0.21195121951219512,1.9123801220575414,0.0025399306175132516,0.4564390508965767,1.8167761886354852,0.014852381814888608,60.6972688162505,0.12956349206349208,0.4146341463414634,-0.2385407418072453,0.08403918293658548,-0.045966927044781156,0.012403100775193798,0.05806451612903226,0.0444453530686511,2.268323786213067,0.5753134391932705,-0.03802841445445718,Metal Fabrication,Industrials,MLI
2012Q3,2012,Q3,2012-10-26,2012-09-29,15500000.0,514200000.0,24457000.0,0.205,64500000.0,0.12543757292882146,1039400000.0,495047000.0,689500000.0,211100000.0,544400000.0,224400000.0,736900000.0,1705352350.0,1759652350.0,6.599746700439941,3.266224538133586,0.19973061381566287,0.41935412193185695,0.022201964902606584,6.599746700439941,0.03131015842940165,3.316515655387009,27.505683064516127,3.44482917783564,0.24580645161290324,2.0040106951871657,0.002234142404647345,0.49470848566480663,2.021790620558977,0.014912449490090436,48.613236887115164,0.12543757292882146,-0.1276595744680851,-0.5104699565084613,-0.26725583674519243,-0.27557333906076326,-0.09471143049629463,-0.13489981581738014,-0.18045037195898397,-0.17180810829500803,0.22356509804408392,-0.32957646228231163,Metal Fabrication,Industrials,MLI
2012Q2,2012,Q2,2012-07-27,2012-06-30,17917000.0,594099000.0,29842000.0,0.235,71248000.0,0.11992614025608526,1272440000.0,904343000.0,944050000.0,240386000.0,337993000.0,229338000.0,725244000.0,1619655110.0000002,1279490110.0000002,11.89017591837808,3.927225379181816,0.026339159410266887,0.03706005354163188,0.021365764273388155,11.89017591837808,0.01981217303611572,2.7262377314218678,22.59941828989228,1.7909743426996174,0.21225651615783891,2.279827154679992,0.0023480307483486405,0.46689745685454714,2.799430915277928,0.014080821099619629,115.96299205269565,0.11992614025608526,-0.4470588235294118,-0.5202905404593822,-0.2506784752122018,0.36860127009914456,-0.1567585480454002,-0.45038191355563056,-0.36319405915240494,1.9165949275552867,0.5776445783176459,0.2278961772858612,Metal Fabrication,Industrials,MLI
2012Q1,2012,Q1,2012-04-27,2012-03-31,32599000.0,577668000.0,46862000.0,0.425,84493000.0,0.1462656750936524,1445962000.0,893065000.0,1122220000.0,275804000.0,523244000.0,236310000.0,711154000.0,1727736300.0,1399667300.0,11.746527595096543,4.068904004292904,0.13749738928132274,0.22262209357661536,0.03166572043855299,11.746527595096543,0.036502382245413266,2.990881094331,13.24991794226817,1.9346142777961293,0.11662934445841897,2.086983200033854,0.0022005672972200676,0.3995042746628196,3.0537301852039853,0.022544852492665784,-85.8630503926051,0.1462656750936524,1.5214650371287128,0.6788767356624347,-0.07726144818253695,0.43955793469985854,0.3318148860376407,1.5215810643564356,1.2158021655870255,13.740828715736308,0.728206116797592,0.2565231431264984,Metal Fabrication,Industrials,MLI
2011Q4,2011,Q4,2012-02-28,2011-12-31,12928000.0,491384000.0,21149000.0,0.1685528031290743,63442000.0,0.12910880289142504,1347604000.0,855688000.0,1026699000.0,213244000.0,462842000.0,219193000.0,682380000.0,1473407000.0,1156986000.0,11.156297262059974,4.814667704601302,0.14673524269740962,0.23109007021250735,0.013749564192634081,11.156297262059974,0.015108310505698339,2.9984838741188153,28.492554919554458,1.721897467301166,0.29401299504950495,1.9523524930084446,0.0025797352666303334,0.36463530829531526,3.583636585320103,0.009593322667489856,18.593763408293583,0.12910880289142504,0.24853928243758738,1.4148430448300071,-0.12295195943281448,0.4115563590938192,0.02656957928802589,0.23123809523809524,0.12113019508057676,0.6055734964731053,0.0932664893556495,0.18300698971012003,Metal Fabrication,Industrials,MLI
2011Q3,2011,Q3,2011-10-27,2011-10-01,10500000.0,585800000.0,18864000.0,0.135,61800000.0,0.10549675657220894,1358900000.0,856189000.0,1032800000.0,232400000.0,502700000.0,214900000.0,673300000.0,1461712020.0000002,1222412020.0000002,11.301929880141508,4.444061962134251,0.11531385679593789,0.1830203377992476,0.012377411640741366,11.301929880141508,0.012263647395610082,2.4952407306247872,34.802667142857146,1.7072305530671383,0.3618095238095238,2.4383434155421124,0.0025990071560060097,0.4310839649716683,3.2900172117039586,0.007726837883582309,14.136069746525731,0.10549675657220894,-0.5423728813559322,-0.8012764807542546,-0.10086168257829524,0.4476292326359465,-0.21772151898734177,-0.5291479820627802,-0.48388508891928866,-0.44950196140550314,-0.13700279147624447,0.09687126991958542,Metal Fabrication,Industrials,MLI
2011Q2,2011,Q2,2011-07-28,2011-07-02,22300000.0,652900000.0,36550000.0,0.295,79000000.0,0.12099862153469138,1358500000.0,854305000.0,1016600000.0,231700000.0,504200000.0,297000000.0,666600000.0,1451742390.0,1314342390.0,11.319196014521557,4.387570133793699,0.11556864188443136,0.18377511544471822,0.024236011885632923,11.319196014521557,0.02610308964596953,2.223529468525042,16.27513890134529,1.6993256389696887,0.16923766816143498,1.9323232323232322,0.0025996347740455525,0.4806036069193964,2.902028485110056,0.016415163783584836,-21.214999123191582,0.12099862153469138,-0.44859813084112155,-0.6292504838806497,-0.18139915181990562,0.5885132913169494,-0.19222903885480572,-0.45073891625615764,-0.4220338715033445,-0.18759985042678415,-0.14770035459505748,0.09841152498676696,Metal Fabrication,Industrials,MLI
2011Q1,2011,Q1,2011-04-28,2011-04-02,40600000.0,687700000.0,63239000.0,0.535,97800000.0,0.1422131743492802,1382000000.0,832299000.0,1035100000.0,278100000.0,549700000.0,231300000.0,648100000.0,1393864850.0,1180264850.0,11.031718049996023,3.722042430780295,0.11374819102749638,0.1888744309436873,0.04253689965541263,11.031718049996023,0.048780546414209314,2.0268501526828557,8.582911637931035,1.6747164780926087,0.0929064039408867,2.5503674881106786,0.002706144716971663,0.4976121562952243,2.7587198849334773,0.029377713458755426,67.06754799595824,0.1422131743492802,1.2880848515952443,0.18231416180442966,0.21394986272317562,0.7688912306943505,0.4092219020172911,1.2937853107344632,1.1634964078002052,0.45684843280377835,-0.03970740405237512,0.10914081214739861,Metal Fabrication,Industrials,MLI
2010Q4,2010,Q4,2011-02-22,2010-12-25,17700000.0,526900000.0,29230000.0,0.23382,69400000.0,0.13171379768457012,1259000000.0,788736000.0,912300000.0,195100000.0,470300000.0,209900000.0,611300000.0,1250564000.0,1046664000.0,10.419233817701453,4.676063557150179,0.12565528196981732,0.20057408308990587,0.021416155560851573,10.419233817701453,0.022440968841285297,2.373437084835832,17.663333333333334,1.5855292518662771,0.21322033898305084,2.1796093377798953,0.0030178383513358776,0.41850675138999205,3.4003075345976423,0.014058776806989675,-141.99659361871238,0.13171379768457012,-0.06472,-0.5155322820412627,0.06789457342550305,0.8280740711300044,-0.0028735632183908046,-0.06349206349206349,-0.0536471654741477,-0.39678280493174817,-0.1681591086272375,0.089591162014114,Metal Fabrication,Industrials,MLI
2010Q3,2010,Q3,2010-10-21,2010-09-25,18900000.0,507200000.0,30887000.0,0.25,69600000.0,0.13722397476340695,1262700000.0,777025000.0,903900000.0,205000000.0,485700000.0,190200000.0,597300000.0,976689000.0,758289000.0,10.302638557411827,4.409268292682927,0.12528708323433912,0.20359705286187704,0.02221551732924655,10.302638557411827,0.02432354171358708,1.9256486593059936,12.919166666666667,1.2569595572858017,0.19952380952380952,2.3007360672975814,0.0038610038610038615,0.40167894194979015,3.3121951219512193,0.01496792587312901,41.767405063291136,0.13722397476340695,0.2195121951219513,-0.24460060697133099,0.13477709194631535,0.9020247808696107,-0.056910569105691054,0.21153846153846154,0.06598792062122519,-0.40633411362821875,-0.28116009574674555,0.1308776514880738,Metal Fabrication,Industrials,MLI
2010Q2,2010,Q2,2010-07-23,2010-06-26,15600000.0,540400000.0,28975000.0,0.205,73800000.0,0.13656550703182826,1264200000.0,755436000.0,904000000.0,225600000.0,508800000.0,185100000.0,582200000.0,932431500.0,734231500.0,10.025959547698678,4.00709219858156,0.12513842746400886,0.2094154898628077,0.021592471809854345,10.025959547698678,0.02065032643400632,1.7254468911917098,14.942812499999999,1.2342958238686004,0.24166666666666667,2.5207995678011885,0.0040431924489895505,0.4274640088593577,3.0310283687943262,0.012339819648789748,-102.95147399801259,0.13656550703182826,-0.5444444444444445,-0.11890317299821843,0.27887961450425053,0.9550014837326055,0.02074688796680498,-0.5411764705882353,-0.3842312187865264,-0.5783901397444426,-0.3119850119624075,0.15402337737781668,Metal Fabrication,Industrials,MLI
2010Q1,2010,Q1,2010-04-21,2010-03-27,34000000.0,485300000.0,47055000.0,0.45,72300000.0,0.1489800123634865,1238100000.0,740815000.0,873400000.0,216100000.0,497300000.0,185800000.0,570400000.0,975784480.0,764584480.0,9.854408321804831,4.04164738546969,0.12777643162910912,0.2135485917536767,0.04074839999198228,9.854408321804831,0.045895398986251626,2.0106830414176797,7.174885882352942,1.3171770010056492,0.11055882352941176,2.2228202368137784,0.003852285086559278,0.3919715693401179,3.027302174919019,0.02746143284064292,30.34250069964862,0.1489800123634865,2.9337372695629758,1.1723933450205273,0.17330681758003622,0.9701099187962822,0.18914473684210525,2.942857142857143,7.809696092619392,0.7708745737899648,-0.21601997251487934,0.2076753386548247,Metal Fabrication,Industrials,MLI
2009Q4,2009,Q4,2010-02-23,2009-12-26,-17500000.0,433000000.0,-6910000.0,-0.23271,60800000.0,0.14041570438799075,1180100000.0,713167000.0,808800000.0,183400000.0,467000000.0,191300000.0,540200000.0,958424000.0,795024000.0,9.483603723404256,4.410032715376227,0.13405643589526312,0.22182742611478096,-0.014901557294142737,9.483603723404256,-0.024538432092343028,2.2134503464203235,-13.691771428571428,1.3438984136955296,-0.21474285714285715,1.9456351280710926,0.0039210203417276695,0.36691805779171255,3.133587786259542,-0.014829251758325565,-96.70305720916154,0.14041570438799075,-1.93084,-2.095380471608619,0.29022021728191166,0.992795605055574,-0.07738998482549317,-1.9358288770053476,-1.248409246144444,-4.334057896890344,-0.21174308178313664,0.19991793230734506,Metal Fabrication,Industrials,MLI
2009Q3,2009,Q3,2009-10-21,2009-09-26,18700000.0,419900000.0,27817000.0,0.25,65900000.0,0.15694212907835198,1197600000.0,737799000.0,787900000.0,179100000.0,459800000.0,178400000.0,561500000.0,916988780.0,733688780.0,9.844145274056679,4.399218313791178,0.13209752839011357,0.21442154299477229,0.02337711149889276,9.844145274056679,0.025345656472833388,2.1838265777566086,12.259208288770054,1.2428707276643096,0.20096256684491978,1.984304932735426,0.004098196272368786,0.3506179024716099,3.2339475153545507,0.015614562458249832,58.96275591563786,0.15694212907835198,2.1249999999999996,-0.06347535709865236,0.22589029789336096,-0.2087069157254807,0.2113970588235294,2.1166666666666667,1.0192363530778166,-0.6422673626686708,-0.34855163207697043,0.2609061125108504,Metal Fabrication,Industrials,MLI
2009Q2,2009,Q2,2009-07-22,2009-06-27,6000000.0,367800000.0,13776000.0,0.08,54400000.0,0.14790647090810222,1161900000.0,719339000.0,742300000.0,161200000.0,442600000.0,169100000.0,546600000.0,799317360.0,633217360.0,9.683372371644724,4.604838709677419,0.13615629572252344,0.21992412478678341,0.008318835475235362,9.683372371644724,0.008340990826300257,2.1732391517128873,33.30489,1.1111831278437565,0.8605,1.8533412182140745,0.006459261687998369,0.31655047766589206,3.357320099255583,0.005163955589981926,28.88228943089431,0.14790647090810222,3.2857142857142856,-0.7907307194117629,-0.09043701076262829,-0.21120597579998607,0.3877551020408163,3.4,6.593179049939098,-0.8986514887030654,-0.5314805334627127,0.3589450785546055,Metal Fabrication,Industrials,MLI
2009Q1,2009,Q1,2009-04-21,2009-03-28,-2500000.0,326600000.0,-2463000.0,-0.035,39200000.0,0.1200244947948561,1118200000.0,694458000.0,699100000.0,144800000.0,423700000.0,171000000.0,544300000.0,821231730.0,693631730.0,9.348437121395687,4.82803867403315,0.14192452155249508,0.2285235392205144,-0.001603845165061259,9.348437121395687,-0.003599929729371683,2.5144878444580527,-82.12317300000001,1.1825506078121355,-1.4856,1.6807017543859648,0.00452247503880543,0.292076551600787,3.3874309392265194,-0.002235736004292613,27.256280451377364,0.1200244947948561,-1.3333968374928558,-1.1295967237732847,-0.11922171130822465,-0.2237380969414585,-0.38557993730407525,-1.3205128205128205,-1.3734081261370528,-1.0739394323379732,-0.4144726959761589,0.4989839633129792,Metal Fabrication,Industrials,MLI
2008Q4,2008,Q4,2009-02-24,2008-12-27,7800000.0,435400000.0,6596000.0,0.10498,63800000.0,0.1465319246669729,1182900000.0,700683000.0,754800000.0,201600000.0,482200000.0,210600000.0,550500000.0,847391500.0,751391500.0,9.430457604306865,3.744047619047619,0.13416180573167638,0.22649329297271376,0.007391004597139697,9.430457604306865,0.01113199549582336,1.9462367937528708,27.159983974358973,1.2093792770767948,0.47615384615384615,1.7644824311490979,0.0043828619947214485,0.3680784512638431,2.4697420634920637,0.006593963986812072,7.249974333088072,0.1465319246669729,-0.5800799999999999,-0.29377217667931,0.6192755486356605,-0.1435883764794504,-0.17142857142857143,-0.5828877005347594,-0.7788358369098712,-0.7824829795637506,-0.1009255179473931,0.6545914341643322,Metal Fabrication,Industrials,MLI
2008Q3,2008,Q3,2008-10-21,2008-09-27,18700000.0,665500000.0,29824000.0,0.25,77000000.0,0.11570247933884298,1456400000.0,765283000.0,958400000.0,406100000.0,691100000.0,260900000.0,546400000.0,996358879.9999999,1007158879.9999999,10.303788776389487,2.360009849790692,0.10896731667124417,0.20737426546780732,0.022346065474564594,10.303788776389487,0.024435404941701305,1.497158347107438,13.32030588235294,1.30194827273048,0.19850267379679146,2.2556535070908392,0.0037255652300705144,0.4569486404833837,1.6220142821965033,0.01283987915407855,17.23506106209998,0.11570247933884298,-0.3055555555555555,-0.19367747043451297,1.4455824467131348,-0.11012331957099367,-0.1657638136511376,-0.3074074074074074,-0.36054888507718696,-0.24104182513213582,0.5119616797186748,0.9022371288993648,Metal Fabrication,Industrials,MLI
2008Q2,2008,Q2,2008-07-22,2008-06-28,27000000.0,753500000.0,46640000.0,0.36,92300000.0,0.12249502322495023,1471800000.0,765027000.0,967000000.0,306000000.0,706800000.0,263800000.0,531500000.0,1198572510.0,1261972510.0,10.305059403539966,3.1601307189542482,0.19133034379671152,0.36809158369573886,0.028852483280512712,10.305059403539966,0.03529287201628178,1.5906735368281353,11.097893611111111,1.5667061554690227,0.13748148148148148,2.506444275966641,0.0030970174678876957,0.5119581464872944,2.1777777777777776,0.018344883815735832,64.19777771826459,0.12249502322495023,-0.013698630136986314,1.7691748161319,1.8022740047748949,-0.08490812896034315,0.0,-0.014598540145985401,0.08374384236453201,0.5477765727700414,0.8098519365195372,1.0094242678744505,Metal Fabrication,Industrials,MLI
2008Q1,2008,Q1,2008-04-25,2008-03-29,27400000.0,704100000.0,43036000.0,0.365,92300000.0,0.13108933390143446,1490000000.0,737788000.0,981700000.0,346800000.0,752200000.0,273600000.0,508200000.0,1091529270.0,1169329270.0,9.946183504543127,2.830738177623991,0.1893959731543624,0.38249470037463335,0.02796140203298186,9.946183504543127,0.03713803965366745,1.5502475074563273,9.959208667883212,1.479461945707981,0.13536496350364963,2.236111111111111,0.0033979849207341913,0.4725503355704698,1.9057093425605536,0.018389261744966443,-36.551226266617554,0.13108933390143446,-0.058356121975130355,5.489185057979039,1.8031772711678622,-0.1007745662830219,-0.061037639877924724,-0.04861111111111111,-0.17533438086843214,0.7742475070633794,0.7252011596512766,0.9884577679930712,Metal Fabrication,Industrials,MLI
2007Q4,2007,Q4,2008-02-26,2007-12-29,28800000.0,621700000.0,52186000.0,0.38762,98300000.0,0.15811484638893358,1449200000.0,710495000.0,940300000.0,335100000.0,738700000.0,269000000.0,484500000.0,1098525500.0,1144425500.0,9.562516823687753,2.806028051327962,0.19438310792161193,0.3964841413380812,0.0307078647836261,9.562516823687753,0.04053511988120958,1.7669704037317033,9.535811631944444,1.5461410706620031,0.12875,1.945724907063197,0.0033754337063636665,0.4289953077560033,1.8848105043270666,0.019873033397736682,35.04739344053088,0.15811484638893358,-0.07709523809523801,6.713485868102288,1.8536767348250494,-0.06471668428729135,0.0861878453038674,-0.07987220447284345,0.013320388349514564,0.8245192925907193,0.8749333786045952,1.0093776643668642,Metal Fabrication,Industrials,MLI
2007Q3,2007,Q3,2007-10-26,2007-09-29,31300000.0,693700000.0,51500000.0,0.42,90500000.0,0.13045985296237567,1401900000.0,675529000.0,891800000.0,297500000.0,726300000.0,231200000.0,459400000.0,1339890500.0,1408390500.0,9.11030343897505,2.9976470588235293,0.21970183322633569,0.4559389752327435,0.032648308050829515,9.11030343897505,0.04633405819735348,1.9315129018307626,10.702000798722045,1.9834685113444428,0.11843450479233227,2.6089965397923875,0.0027666439906843133,0.49482844710749696,2.100504201680672,0.02232684214280619,30.910801208849517,0.13045985296237567,-0.14285714285714288,-0.3791614260618918,1.8209314361710176,-0.1854918117656249,-0.18395686242684917,-0.1400626408044398,-0.15050145157033518,0.5844218877777935,1.047039959855102,-0.26769466457369745,Metal Fabrication,Industrials,MLI
2007Q2,2007,Q2,2007-07-25,2007-06-30,36398000.0,772647000.0,60624000.0,0.49,110901000.0,0.1435338518107234,1453304000.0,643942000.0,933283000.0,375977000.0,786579000.0,251544000.0,431786000.0,1276346400.0,1384551400.0,8.687830545062061,2.4822874803511916,0.24504233112961912,0.5530327265499067,0.038805018386198334,8.687830545062061,0.05652372418633976,1.6519140047136662,8.766597065772844,1.9820828583940788,0.10184625528875213,2.630736570937888,0.0029043839509399643,0.5316485745583855,1.7028754418488365,0.025045000908275213,29.76623522003778,0.1435338518107234,0.9215686274509803,0.8018233689706976,1.716313037011103,-0.18421643740653929,0.5149581990055189,0.9244963781525934,1.2197649298817326,0.27234039295636714,0.915021884651054,-0.2923014261772797,Metal Fabrication,Industrials,MLI
2007Q1,2007,Q1,2007-05-04,2007-03-31,18913000.0,609782000.0,27311000.0,0.255,73204000.0,0.1200494602989265,1333587000.0,604267000.0,817407000.0,295829000.0,706326000.0,218980000.0,399095000.0,1114512700.0,1262708700.0,8.159815810084533,2.7631063891640104,0.2569648624349218,0.5671085794855585,0.020376129306399957,8.159815810084533,0.03129907805655447,1.827723186319045,14.732098292179984,1.8444043775350965,0.19579125469253952,2.450351630285871,0.0033225283121493363,0.45724950828104954,1.9113947584584337,0.014182051864632754,29.020745234871367,0.1200494602989265,2.653295128939828,0.06520996681720846,1.4679065044129969,-0.12333353180415732,0.26650519031141867,2.6371153846153845,0.7388895963326118,-0.016503341405520976,0.6496183269481058,-0.32243710182887464,Metal Fabrication,Industrials,MLI
