Quarters,Year,Quarter,FillingDate,Date,NetIncome,Revenue,OperatingIncome,EPSDiluted,GrossProfit,GrossProfitRatio,TotalAssets,CommonStockEquity,CurrentAssets,CurrentLiability,TotalLiability,Inventory,RetainedEarnings,MarketCap,EnterpriseValue,bookValuePerShare,currentRatio,debtToAssets,debtToEquity,roic,shareholdersEquityPerShare,roe,priceToSalesRatio,peRatio,pbRatio,payoutRatio,inventoryTurnover,dividendYield,assetTurnover,quickRatio,returnOnAssets,priceToFreeCashFlowsRatio,grossProfitMargin,epsdilutedGrowth,fiveYNetIncomeGrowthPerShare,fiveYRevenueGrowthPerShare,fiveYShareholdersEquityGrowthPerShare,grossProfitGrowth,netIncomeGrowth,operatingIncomeGrowth,threeYNetIncomeGrowthPerShare,threeYRevenueGrowthPerShare,threeYShareholdersEquityGrowthPerShare,Industry,Sector,Symbol
2023Q1,2023,Q1,2023-05-11,2023-03-31,159000.0,4484000.0,229000.0,0.03,4484000.0,1.0,41257000.0,24480000.0,20874000.0,12383000.0,16777000.0,0.0,-57550000.0,22380864.3,15467864.3,4.7469458987783595,1.6856981345392876,0.09569285212206413,0.16127450980392158,0.005355377881323026,4.7469458987783595,0.006495098039215687,4.991272145405888,35.19003820754717,0.9142509926470589,0.0,0.0,0.0,0.10868458685798774,1.661471372042316,0.0038538914608430086,-18.527205546357617,1.0,9.571428571428571,-0.26263848490724584,-0.7626918492348966,-0.03697346247450037,0.09606453189929112,9.833333333333334,2.3795180722891565,1.0598092088860895,-0.6916844081012875,0.3265944994419593,Specialty Business Services,Industrials,WHLM
2022Q4,2022,Q4,2023-03-22,2022-12-31,-18000.0,4091000.0,-166000.0,-0.0035,4091000.0,1.0,41992000.0,24211000.0,21646000.0,13401000.0,17781000.0,0.0,-57709000.0,18255780.0,10099780.0,4.694783789024627,1.6152525930900679,0.091493617831968,0.1586881995787039,-0.0004377682026157676,4.694783789024627,-0.0007434637148403618,4.462424835003667,-253.5525,0.7540283342282433,0.0,0.0,0.0,0.09742331872737664,1.6017461383478846,-0.00042865307677652885,16.4614788097385,1.0,-1.0094594594594595,-1.1043630017452006,-0.749472456202549,-0.034972067657237725,-0.0790184601530842,-1.0095389507154213,-1.247391952309985,0.996363989355753,-0.775424750091765,0.135526526857344,Specialty Business Services,Industrials,WHLM
2022Q3,2022,Q3,2022-11-10,2022-09-30,1887000.0,16264000.0,671000.0,0.37,4442000.0,0.273118544,39674000.0,23861000.0,21637000.0,13648000.0,15813000.0,0.0,-57691000.0,21092130.0,12212130.0,4.626914872988172,1.585360492379836,0.04156374451782024,0.06910858723439924,0.06007847828537786,4.626914872988172,0.07908302250534345,1.296859936055091,2.794399841017488,0.8839583420644566,0.0,0.0,0.0,0.40994101930735494,1.5693874560375147,0.04756263547915512,12.884624312767258,0.2731185440236104,1.0555555555555556,74.7434554973822,-0.09319379186668236,-0.038159295232818066,-0.054692487763353906,1.0488599348534202,-0.3548076923076923,12.409351191852927,-0.05319171394467989,-0.08283887168402349,Specialty Business Services,Industrials,WHLM
2022Q2,2022,Q2,2022-08-10,2022-06-30,921000.0,17604000.0,1040000.0,0.18,4699000.0,0.2669279709,38751000.0,22271000.0,20628000.0,12913000.0,16480000.0,0.0,-59578000.0,22639230.0,15089230.0,4.318596082993989,1.5974599241074885,0.04544398854223117,0.079071438193166,0.03234813324145559,4.318596082993989,0.04135422747070181,1.2860276073619632,6.145285016286645,1.0165340577432536,0.0,0.0,0.0,0.45428505070836883,1.58204909780841,0.02376712859022993,114.33954545454546,0.266927970915701,0.28571428571428553,19.484293193717274,0.0047614343574039035,-0.09558021251123976,0.033201407211961305,0.2462787550744249,0.18993135011441648,1.0540083506499032,-0.11223823630166206,-0.15017421440533324,Specialty Business Services,Industrials,WHLM
2022Q1,2022,Q1,2022-05-11,2022-03-31,739000.0,16645000.0,874000.0,0.14,4548000.0,0.2732352058,37239000.0,21633000.0,19173000.0,12096000.0,15606000.0,0.0,-60499000.0,23979534.299999997,16448534.299999997,4.194880744618964,1.5850694444444444,0.05094121754075029,0.08769010308325244,0.02936598959142016,4.194880744618964,0.03416077289326492,1.4406448963652747,8.112156393775372,1.1084701289696297,0.0,0.0,0.0,0.4469776309782755,1.5693617724867726,0.019844786379870565,-34.60250259740259,0.27323520576749777,30.111111111111114,84.69362032189258,-0.09293396478049933,-0.11767828014931747,0.059152305542617606,31.130434782608695,4.865771812080537,7.842921263162388,-0.16247433654198878,-0.16227922514803142,Specialty Business Services,Industrials,WHLM
2021Q4,2021,Q4,2022-03-16,2021-12-31,23000.0,15218000.0,149000.0,0.0045,4294000.0,0.2821658562,37424000.0,21013000.0,19200000.0,12859000.0,16411000.0,0.0,-61238000.0,27074250.0,18854250.0,4.0746558076401005,1.4931176607823315,0.05426998717400599,0.09665445200590111,0.00090509927172126,4.0746558076401005,0.001094560510160377,1.77909383624655,294.2853260869565,1.2884523866178081,0.0,0.0,0.0,0.40663745190252243,1.4860409052025818,0.0006145788798631894,9.700555356503045,0.2821658562228939,-0.9795454545454545,1.0410316075237542,-0.09935569890072343,-0.1369619222070437,-0.018065401326320604,-0.9800520381613183,-0.8990514905149052,-0.6028370192892334,-0.15673658079415248,-0.17991796156517575,Specialty Business Services,Industrials,WHLM
2021Q3,2021,Q3,2021-11-15,2021-09-30,1153000.0,15109000.0,1476000.0,0.22,4373000.0,0.289430141,36026000.0,20919000.0,17632000.0,11575000.0,15107000.0,0.0,-61261000.0,27744660.0,22359660.0,4.056428155904595,1.5232829373650107,0.057625048576028425,0.09923992542664563,0.04608305487771146,4.056428155904595,0.055117357426263204,1.8363002184128665,6.015754553339115,1.3262899756202495,0.0,0.0,0.0,0.4193915505468273,1.5158531317494601,0.0320046632987287,23.314840336134452,0.28943014097557745,0.0,4.501831051246371,-0.21724287448722693,-0.12468777073886234,0.06710590531966813,0.028545941123996433,0.11228334589299171,4.706654323473696,-0.18789065782100375,-0.184752533324595,Specialty Business Services,Industrials,WHLM
2021Q2,2021,Q2,2021-08-11,2021-06-30,1121000.0,14510000.0,1327000.0,0.22,4098000.0,0.2824259132,33373000.0,19881000.0,16157000.0,11003000.0,13492000.0,0.0,-62414000.0,25785000.0,20079000.0,3.8551483420593367,1.468417704262474,0.03814460791657927,0.0640309843569237,0.04799696317935633,3.8551483420593367,0.056385493687440266,1.7770503101309443,5.750446030330062,1.2969669533725667,0.0,0.0,0.0,0.43478260869565216,1.4555121330546215,0.033590027866838464,20.36729857819905,0.28242591316333565,-0.4883720930232558,1.2019993352576581,-0.261493909596042,-0.20399385123156627,0.2280491459394666,-0.49527239981990095,1.5228136882129277,2.209856122159787,-0.26571295427292474,-0.22836738144898588,Specialty Business Services,Industrials,WHLM
2021Q1,2021,Q1,2021-05-12,2021-03-31,2221000.0,11976000.0,526000.0,0.43,3337000.0,0.2786406146,31850000.0,18711000.0,14274000.0,10638000.0,13139000.0,0.0,-63535000.0,26919540.0,22803540.0,3.6282722513089007,1.3417935702199661,0.05089481946624804,0.08663353107797553,0.024101351248199485,3.6282722513089007,0.11870022981134093,2.2477905811623247,3.030114813147231,1.4387012987012986,0.0,0.0,0.0,0.37601255886970175,1.2902801278435796,0.0697331240188383,99.702,0.27864061456245826,4.375,21.297378445833097,-0.36632550629114,-0.23375169714335017,-0.08324175824175824,4.594458438287154,-0.2442528735632184,9.299873742270483,-0.36619036272014316,-0.2639219957663552,Specialty Business Services,Industrials,WHLM
2020Q4,2020,Q4,2021-03-16,2020-12-31,397000.0,11978000.0,696000.0,0.08,3640000.0,0.3038904659,30645000.0,16506000.0,12807000.0,10058000.0,14139000.0,0.0,-65756000.0,23670630.0,21672630.0,3.200698080279232,1.2733147743090079,0.11610376896720509,0.21555797891675754,0.020913778122246814,3.200698080279232,0.024051859929722526,1.9761754883953915,14.905938287153653,1.4340621592148308,0.0,0.0,0.0,0.3908631098058411,1.26287532312587,0.012954805025289607,21.04056,0.30389046585406576,17.6046511627907,3.7827575821337653,-0.29535675881225626,-0.327114842549022,0.21292902365878041,17.045454545454547,5.105263157894737,1.3017839829358153,-0.2664827867010833,-0.3420861983705905,Specialty Business Services,Industrials,WHLM
2020Q3,2020,Q3,2020-11-12,2020-09-30,22000.0,10545000.0,114000.0,0.0043,3001000.0,0.284589853,30493000.0,15908000.0,12111000.0,11494000.0,14585000.0,0.0,-66153000.0,16141410.0,15735410.0,3.0847391894512315,1.0536801809639813,0.14908339618928934,0.2857681669600201,0.0010856531883487077,3.0847391894512315,0.0013829519738496354,1.5307169274537695,183.42511363636365,1.014672491828011,0.0,0.0,0.0,0.34581707277079987,1.039150861318949,0.0007214770603089233,-28.927258064516128,0.28458985301090567,1.0082692307692307,-0.9626289240487378,-0.45274238134734957,-0.34902733733156804,1.6534040671971706,1.0081481481481482,1.0363057324840765,-0.11692844677137872,-0.41205905897898215,-0.3587459900491878,Specialty Business Services,Industrials,WHLM
2020Q2,2020,Q2,2020-08-12,2020-06-30,-2700000.0,4528000.0,-3140000.0,-0.52,1131000.0,0.2497791519,29305000.0,15763000.0,10712000.0,10268000.0,13542000.0,0.0,-66175000.0,20628000.0,19722000.0,3.0566220670932713,1.0432411375146085,0.16021156799181027,0.2978493941508596,-0.12381937828476249,3.0566220670932713,-0.171287191524456,4.55565371024735,-1.91,1.3086341432468438,0.0,0.0,0.0,0.15451288176079167,1.0225944682508765,-0.09213444804640847,-14.09016393442623,0.2497791519434629,0.0,-9.214140336594472,-0.7628873671290021,-0.34516941218956565,-0.7133806386213888,-0.015037593984962405,-2.7425506555423125,-53.188481675392666,-0.7415610216558552,-0.35986847873084604,Specialty Business Services,Industrials,WHLM
2020Q1,2020,Q1,2020-05-14,2020-03-31,-2660000.0,14552000.0,-839000.0,-0.52,3946000.0,0.2711654755,33577000.0,18464000.0,14443000.0,12371000.0,15113000.0,0.0,-63475000.0,18524400.0,16429400.0,3.5782945736434106,1.1674884811252122,0.09572028471870626,0.1740684575389948,-0.060402386302130795,3.5782945736434106,-0.14406412478336222,1.272979659153381,-1.7410150375939848,1.0032712305025997,0.0,0.0,0.0,0.43339190517318404,1.1441273947134427,-0.07922089525568098,-15.134313725490196,0.2711654755360088,0.4583333333333333,-9.102946983394643,-0.21443514860090923,-0.22032328358587341,-0.2376352395672334,0.46392583635630796,-5.535135135135135,-309.27131782945736,-0.20745264379903655,-0.2473666798753777,Specialty Business Services,Industrials,WHLM
2019Q4,2019,Q4,2020-03-30,2019-12-31,-4962000.0,18259000.0,185000.0,-0.96,5176000.0,0.2834766417,37108000.0,21371000.0,16677000.0,13716000.0,15737000.0,0.0,-60815000.0,21399660.0,18108660.0,4.134455407235442,1.2158792650918635,0.09976285437102511,0.17322539890505825,0.0071650143861097205,4.134455407235442,-0.2321838004772823,1.1720061339613341,-1.078177146311971,1.0013410696738572,0.0,0.0,0.0,0.4920502317559556,1.1981627296587927,-0.1337177967015199,14.12518811881188,0.28347664165616954,-28.906542056074766,-40.635266036147236,0.09042746675046012,-0.08699389632311137,0.09963883577650308,-28.89156626506024,2.2416107382550337,-7.831572838073128,0.07811059348166048,-0.12429598576382739,Specialty Business Services,Industrials,WHLM
2019Q3,2019,Q3,2019-11-12,2019-09-30,-166000.0,17241000.0,-149000.0,-0.0321,4707000.0,0.2730120063,43501000.0,26112000.0,17878000.0,14633000.0,17389000.0,0.0,-55853000.0,28675040.0,27225040.0,5.044822256568779,1.2217590377912937,0.09358405553895313,0.15590533088235295,-0.004458233754276589,5.044822256568779,-0.006357230392156863,1.6631889101560233,-43.185301204819275,1.098155637254902,0.0,0.0,0.0,0.3963357164203122,1.2030342376819518,-0.003816004229787821,-171.7068263473054,0.2730120062641378,-1.3566666666666665,-1.5602897070729376,-0.02006316466571255,0.12294211998250837,-0.18690620141647954,-1.3680709534368072,-1.2403225806451612,-1.7892033036243182,-0.11006840817902759,0.08859184630096953,Specialty Business Services,Industrials,WHLM
2019Q2,2019,Q2,2019-08-13,2019-06-30,451000.0,19945000.0,620000.0,0.09,5789000.0,0.2902481825,45238000.0,26359000.0,19147000.0,15613000.0,18879000.0,0.0,-55687000.0,32159400.0,30696400.0,5.081742818584924,1.226349836674566,0.1003581060170653,0.1722371865397018,0.014037870219834594,5.081742818584924,0.017109905535111346,1.6124041113060918,17.826718403547673,1.2200538715429265,0.0,0.0,0.0,0.44089040187453027,1.2067507846025747,0.009969494672620363,265.7801652892562,0.29024818250188017,5.306220095693781,0.3053339624883574,0.14995234869635563,0.1474777021500809,0.0368977252373276,5.137614678899083,35.470588235294116,-0.11921685295761732,0.009256587757264857,0.049271823323049246,Specialty Business Services,Industrials,WHLM
2019Q1,2019,Q1,2019-05-13,2019-03-31,-109000.0,20059000.0,17000.0,-0.0209,5583000.0,0.2783289297,46045000.0,26064000.0,19502000.0,16249000.0,19981000.0,0.0,-56138000.0,29512350.0,28246350.0,5.007492795389049,1.200196935196012,0.1084591160820936,0.19160527931246163,0.0018402105367694521,5.007492795389049,-0.004182013505217925,1.4712772321651129,-67.68887614678899,1.13230317679558,0.0,0.0,0.0,0.4356390487566511,1.1816111760723738,-0.002367249429905527,-90.52868098159509,0.2783289296575103,-3.0899999999999994,-1.370278057474856,0.24056423740059632,0.1502381028632154,0.05141242937853107,-2.847457627118644,-0.9174757281553398,0.013051966161569227,0.051574666842669585,0.05752341342344607,Specialty Business Services,Industrials,WHLM
2018Q4,2018,Q4,2019-03-20,2018-12-31,59000.0,18386000.0,206000.0,0.01,5310000.0,0.2888067008,43239000.0,26105000.0,18846000.0,14503000.0,17134000.0,0.0,-56029000.0,30630820.0,26505820.0,4.9685953559193,1.299455285113425,0.060662827539952356,0.10047883547213178,0.002660827470493144,4.9685953559193,0.0022601034284619806,1.6659860763624497,129.79161016949152,1.1733698525186744,0.0,0.0,0.0,0.42521797451374915,1.2858718885747775,0.0013645088924350702,16.336437333333333,0.2888067007505711,-0.75,-0.9743798036800122,0.1685930995328652,0.15899011832842203,-0.012276785714285714,-0.7163461538461539,-0.2669039145907473,-0.30233499906859207,0.0616449557294628,0.0445515273612698,Specialty Business Services,Industrials,WHLM
2018Q3,2018,Q3,2018-11-09,2018-09-30,208000.0,19153000.0,281000.0,0.04,5376000.0,0.2806870986,43809000.0,26416000.0,19300000.0,14956000.0,17393000.0,0.0,-56088000.0,36260470.0,33557470.0,4.97570163872669,1.2904519925113667,0.05608436622611792,0.09301181102362205,0.008505518371238635,4.97570163872669,0.007874015748031496,1.8932005429958754,43.58229567307693,1.3726707298606906,0.0,0.0,0.0,0.43719327078910725,1.271262369617545,0.004747882855121094,51.50634943181818,0.280687098626847,-0.4285714285714286,-0.5530695002847041,0.1869417050948857,0.3089243041228936,-0.055350553505535055,-0.42857142857142855,-0.4616858237547893,-0.656789424086224,-0.03446850004979902,0.050022561220747185,Specialty Business Services,Industrials,WHLM
2018Q2,2018,Q2,2018-08-10,2018-06-30,364000.0,20596000.0,522000.0,0.07,5691000.0,0.2763157895,44713000.0,26854000.0,20031000.0,15924000.0,17859000.0,0.0,-56296000.0,32170450.0,29441450.0,4.996093023255814,1.257912584777694,0.04222485630577237,0.07030609964995904,0.01397634977535067,4.996093023255814,0.013554777686750577,1.5619756263352107,22.095089285714284,1.1979760929470469,0.0,0.0,0.0,0.46062666338648717,1.237879929665913,0.008140809160646792,24.670590490797547,0.27631578947368424,0.7500000000000001,0.1478985440411094,0.41966927496580037,0.33491661180008775,-0.03115423901940756,0.6177777777777778,0.4340659340659341,0.062474219090965726,0.0347842757643726,0.0703300765885571,Specialty Business Services,Industrials,WHLM
2018Q1,2018,Q1,2018-05-11,2018-03-31,225000.0,19716000.0,364000.0,0.04,5874000.0,0.2979306147,43832000.0,26524000.0,18948000.0,15288000.0,17308000.0,0.0,-56660000.0,39012250.0,37466250.0,4.929195316855603,1.239403453689168,0.046039423252418325,0.07608203890815865,0.008995158430110914,4.929195316855603,0.00848288342633087,1.978710184621627,43.34694444444444,1.470828306439451,0.0,0.0,0.0,0.44980835918963313,1.22350863422292,0.005133235991969337,-68.44254385964912,0.297930614729154,0.3333333333333334,5.467728714790136,0.5531001552485527,0.3402026708958741,0.25593329057087877,0.25,1.5957446808510638,-0.34275000959088997,0.02062188489124182,0.07402527659894466,Specialty Business Services,Industrials,WHLM
2017Q4,2017,Q4,2018-03-22,2017-12-31,180000.0,17042000.0,-611000.0,0.03,4677000.0,0.2744396198,43026000.0,26183000.0,18063000.0,14699000.0,16843000.0,0.0,-56885000.0,34821540.0,32712540.0,4.8649201040505385,1.228859106061637,0.04990006042857807,0.0819997708436772,0.005963293052096666,4.8649201040505385,0.006874689684146202,2.0432777842976177,48.36325,1.329929343467135,0.0,0.0,0.0,0.39608608748198765,1.2166133750595278,0.00418351694324362,19.61776901408451,0.2744396197629386,5.250000000000001,4.07872395163365,0.3558493086140705,0.32164583167248106,-0.14230698697964422,5.923076923076923,-5.427536231884058,0.38089406001224724,-0.022530548376454938,0.07431361845756328,Specialty Business Services,Industrials,WHLM
2017Q3,2017,Q3,2017-11-09,2017-09-30,26000.0,18718000.0,138000.0,0.0048,5453000.0,0.2913238594,44588000.0,25890000.0,19470000.0,15410000.0,18698000.0,0.0,-57065000.0,34444800.0,34079800.0,4.810479375696767,1.263465282284231,0.051022696689692296,0.08787176516029355,0.001464277625078815,4.810479375696767,0.0010042487446890692,1.8401966022010898,331.20000000000005,1.3304287369640788,0.0,0.0,0.0,0.41979904907149906,1.244841012329656,0.0005831165335964834,-60.1130890052356,0.2913238593866866,1.5,-0.9097054886211513,0.5872393922993321,0.3413142537833619,0.021352313167259787,1.5,0.8904109589041096,-0.915602714515758,0.02316493555470368,0.07077903512722386,Specialty Business Services,Industrials,WHLM
2017Q2,2017,Q2,2017-08-10,2017-06-30,-52000.0,18285000.0,73000.0,-0.0096,5339000.0,0.2919879683,46609000.0,25699000.0,21381000.0,17494000.0,20910000.0,0.0,-57091000.0,39288600.0,38370600.0,4.774990709773318,1.2221904653023894,0.05151365616082731,0.09342775983501303,-0.006140407635069557,4.774990709773318,-0.0020234250359936184,2.148679245283019,-188.88750000000002,1.5287987859449785,0.0,0.0,0.0,0.39230620695573815,1.204184291757174,-0.0011156643566693127,-82.8873417721519,0.29198796828001095,-6.647058823529412,-1.106892109500805,0.43471062247161674,0.3485176342099055,-0.020726338958180483,-6.777777777777778,0.013888888888888888,-1.1450510891186974,0.01604588944103921,0.0782118582231643,Specialty Business Services,Industrials,WHLM
2017Q1,2017,Q1,2017-05-12,2017-03-31,9000.0,19151000.0,72000.0,0.0017,5452000.0,0.2846848729,47966000.0,25588000.0,22729000.0,18839000.0,22378000.0,0.0,-57039000.0,38804220.0,37432220.0,4.75436640654032,1.2064865438717554,0.052641454363507485,0.09867906831327185,0.0010976111712425875,4.75436640654032,0.0003517273722057214,2.026224218056498,1077.895,1.5165007034547444,0.0,0.0,0.0,0.399261977233874,1.18806730718191,0.00018763290664220488,-22.666016355140187,0.28468487285259253,1.0154545454545454,-0.9484627329192546,0.7086935284768954,0.37786571294327764,0.11174551386623165,1.0153846153846153,1.102710413694722,-0.9704320626989564,0.1454561692851698,0.09209411161033174,Specialty Business Services,Industrials,WHLM
2016Q4,2016,Q4,2017-03-23,2016-12-31,-585000.0,17634000.0,-701000.0,-0.11,4904000.0,0.2780991267,49888000.0,25410000.0,24649000.0,19597000.0,24478000.0,0.0,-57048000.0,47092500.0,44053500.0,4.7212931995540695,1.2577945603918967,0.05309894162924952,0.10425029515938607,-0.018833887577832133,4.7212931995540695,-0.023022432113341203,2.6705512078938414,-20.125,1.8533057851239667,0.0,0.0,0.0,0.35347177677998715,1.1550237281216513,-0.011726266837716486,22.651515151515152,0.27809912668708175,-3.75,-5.753268213866039,0.5719439520417702,0.37846554121775233,-0.18538205980066444,-3.5770925110132157,-2.0784615384615384,-1.2479891515571404,0.09414095172720205,0.10130364258691314,Specialty Business Services,Industrials,WHLM
2016Q3,2016,Q3,2016-11-14,2016-09-30,227000.0,20908000.0,650000.0,0.04,6020000.0,0.2879280658,48762000.0,25887000.0,23567000.0,17716000.0,22875000.0,0.0,-56463000.0,48209973.0,47261973.0,4.634264232008593,1.3302664258297585,0.05598621877691645,0.10545833816201182,0.00852235725340396,4.634264232008593,0.008768880132885232,2.3058146642433517,53.094683920704846,1.8623236759763588,0.0,0.0,0.0,0.42877650629588615,1.2223413863174533,0.004655264345186825,225.2802476635514,0.2879280658121293,-0.6,3.1747093072818093,0.7985315924964026,0.36357473280465596,-0.04656319290465632,-0.6065857885615251,-0.32989690721649484,-0.5364310818096144,0.23145023649317695,0.21910466612217555,Specialty Business Services,Industrials,WHLM
2016Q2,2016,Q2,2016-08-12,2016-06-30,577000.0,22269000.0,970000.0,0.1,6314000.0,0.2835331627,47484000.0,28308000.0,22557000.0,16497000.0,19176000.0,0.0,-56690000.0,41557950.0,38081950.0,4.84311377245509,1.3673395162756865,0.0,0.0,0.019460081399320633,4.84311377245509,0.020382930620319345,1.8661794422740132,18.006044194107453,1.4680637982195845,0.0,0.0,0.0,0.46897902451352036,1.2619264108625812,0.012151461544941454,66.92101449275363,0.2835331626925322,5.716981132075472,-0.11386906788760505,0.6814191765511889,0.43061955686982945,0.0009511731135066582,5.653225806451613,8.89795918367347,0.6732925892448208,0.41155878247926975,0.29404176375301555,Specialty Business Services,Industrials,WHLM
2016Q1,2016,Q1,2016-05-13,2016-03-31,-124000.0,21417000.0,98000.0,-0.0212,6308000.0,0.2945323808,45016000.0,27672000.0,20381000.0,14765000.0,17344000.0,0.0,-57267000.0,35706840.0,32828840.0,4.7351129363449695,1.3803589569928887,0.0,0.0,-0.006756065559187849,4.7351129363449695,-0.004481063891298063,1.6672194985292057,-71.98959677419354,1.290359930615785,0.0,0.0,0.0,0.47576417273858185,1.2604131391804945,-0.0027545761507019725,-22.0685043263288,0.2945323808189756,-2.06,-1.2155827012529858,0.7147677731932498,0.44733577404701325,0.18996415770609318,-2.3191489361702127,1.205020920502092,-1.267142123789968,0.5534313844572077,0.2874334645621905,Specialty Business Services,Industrials,WHLM
2015Q4,2015,Q4,2016-03-29,2015-12-31,94000.0,19250000.0,-478000.0,0.02,5301000.0,0.2753766234,43770000.0,27779000.0,19289000.0,13517000.0,15991000.0,0.0,-57143000.0,41522400.0,36966400.0,4.7566780821917805,1.4270178294000149,0.0,0.0,0.004094888179350487,4.7566780821917805,0.0033838511105511357,2.1570077922077924,110.43191489361703,1.494740631412218,0.0,0.0,0.0,0.439798949051862,1.3124213952800177,0.0021475896732922094,16.67566265060241,0.2753766233766234,-0.8181818181818181,-0.2815627066603685,0.6272604111156391,0.4990241214320161,-0.17558320373250388,-0.8590704647676162,-1.374021909233177,2.4816886195995784,0.4114075724780463,0.292239877629717,Specialty Business Services,Industrials,WHLM
2015Q3,2015,Q3,2015-11-16,2015-09-30,667000.0,21832000.0,1278000.0,0.11,6430000.0,0.2945218029,45761000.0,27688000.0,21545000.0,14951000.0,18073000.0,0.0,-57237000.0,35058000.0,32956000.0,4.7386616464145135,1.4410407330613337,0.0,0.0,0.02455090834438148,4.7386616464145135,0.024089858422421267,1.605807988274093,13.140179910044976,1.2661802947125107,0.0,0.0,0.0,0.47708747623522213,1.3045281252090162,0.01457573042547147,-59.42033898305085,0.2945218028581898,0.8333333333333334,0.8108048469259347,0.9854191744742774,0.5039650406373603,0.06686577069852331,0.7882037533512064,0.6882430647291942,1.1336424596211305,0.7052353226833934,0.3212891925706863,Specialty Business Services,Industrials,WHLM
2015Q2,2015,Q2,2015-08-14,2015-06-30,373000.0,21670000.0,757000.0,0.06,6027000.0,0.2781264421,45408000.0,27316000.0,21472000.0,15236000.0,18092000.0,0.0,-57904000.0,33649000.0,30592000.0,4.667805878332194,1.4092937778944605,0.0,0.0,0.013874947052689822,4.667805878332194,0.01365500073217162,1.552791878172589,22.552949061662197,1.2318421437985063,0.0,0.0,0.0,0.47722868217054265,1.2566946705171962,0.008214411557434813,-53.24208860759494,0.2781264420858329,0.0,-0.10515986895853315,0.9612152055671093,0.5117230301671276,-0.0193621867881549,0.0,-0.09665871121718377,-0.2948353839143313,0.5637511295856762,0.31824728519700995,Specialty Business Services,Industrials,WHLM
2015Q1,2015,Q1,2015-05-15,2015-03-31,373000.0,21048000.0,838000.0,0.06,6146000.0,0.2919992398,45099000.0,26908000.0,21379000.0,15484000.0,18191000.0,0.0,-58277000.0,31953350.0,28248350.0,4.589459321166638,1.3807155773701887,0.0,0.0,0.015761732171877076,4.589459321166638,0.013862048461424113,1.5181181109844166,21.416454423592494,1.1875037163668798,0.0,0.0,0.0,0.4667065788598417,1.2424438129682254,0.008270693363489212,-17.63429911699779,0.2919992398327632,1.4999999999999998,14.72491130820399,1.0283257826586438,0.5214470214391507,0.1464279052415594,1.6267605633802817,1.3021978021978022,0.9607016154577129,0.7238812761800539,0.3300738939439611,Specialty Business Services,Industrials,WHLM
2014Q4,2014,Q4,2015-03-27,2014-12-31,142000.0,18993000.0,364000.0,0.024,5361000.0,0.282261886,43203000.0,26550000.0,20589000.0,14321000.0,16653000.0,0.0,-58650000.0,35178000.0,29309000.0,4.528398430837456,1.4376789330354025,0.0,0.0,0.005794099183929693,4.528398430837456,0.005348399246704332,1.8521560574948666,61.93309859154929,1.3249717514124293,0.0,0.0,0.0,0.4396222484549684,1.2814049298233363,0.0032868087864268685,18.96388140161725,0.2822618859579845,-0.6,1.1093865999879309,1.15102061081049,0.49890150177985765,-0.07056171983356449,-0.5773809523809523,-0.5587878787878788,0.05912836339665608,0.5541881314729314,0.32214648190109424,Specialty Business Services,Industrials,WHLM
2014Q3,2014,Q3,2014-11-13,2014-09-30,336000.0,19953000.0,825000.0,0.06,5768000.0,0.2890793364,41081000.0,26371000.0,18437000.0,13377000.0,14710000.0,0.0,-58792000.0,35807000.0,32009000.0,4.492504258943782,1.3782611945877252,0.0,0.0,0.013373469179219251,4.492504258943782,0.012741268818019794,1.7945672329975442,26.64211309523809,1.3578172993060558,0.0,0.0,0.0,0.4856989849322071,1.2755475816700306,0.008178963511112193,39.785555555555554,0.2890793364406355,-0.14285714285714296,2.129455686209332,1.3441083836525538,0.385481377542033,0.06381409074142383,-0.14066496163682865,0.3613861386138614,4.880340715502555,0.633340053499088,0.3218636201626253,Specialty Business Services,Industrials,WHLM
2014Q2,2014,Q2,2014-08-11,2014-06-30,391000.0,19628000.0,606000.0,0.07,5422000.0,0.2762380273,41274000.0,25996000.0,18666000.0,13991000.0,15278000.0,0.0,-59128000.0,32871999.999999996,29973999.999999996,4.4286201022146505,1.3341433778857836,0.0,0.0,0.014869021134384585,4.4286201022146505,0.01504077550392368,1.6747503566333808,21.01790281329923,1.2645022311124787,0.0,0.0,0.0,0.4755536172893347,1.2064184118361805,0.009473276154479817,17.365029054410986,0.27623802730792746,0.24777183600713032,1.5740379210456472,1.2859537253858964,0.3447616933723529,-0.010403358277057857,0.17771084337349397,-0.1810810810810811,-0.40207700595661433,0.47569886929616645,0.30818122923497615,Specialty Business Services,Industrials,WHLM
2014Q1,2014,Q1,2014-05-15,2014-03-31,332000.0,18236000.0,740000.0,0.0561,5479000.0,0.30044966,38379000.0,25556000.0,15893000.0,11536000.0,12823000.0,0.0,-59519000.0,28177440.0,27172440.0,4.353440198967685,1.3776872399445215,0.0,0.0,0.013464142896163003,4.353440198967685,0.012991078416027547,1.5451546391752577,21.217951807228914,1.1025763030208169,0.0,0.0,0.0,0.47515568409807446,1.2180998613037448,0.008650564110581307,-29.018990731204944,0.30044966001316076,-0.8695348837209302,1.3082060254422072,2.54162494174444,-0.0951359738825942,0.09339453202953503,-0.8709677419354839,1.8352490421455938,-0.42538068665961865,0.4535372659029477,0.3306735921284974,Specialty Business Services,Industrials,WHLM
2013Q4,2013,Q4,2014-03-31,2013-12-31,2573000.0,17579000.0,261000.0,0.43,5011000.0,0.2850560328,38891000.0,25166000.0,16019000.0,11638000.0,13725000.0,0.0,-59851000.0,35221800.0,33245800.0,4.28700407134218,1.376439250730366,0.020570311897354143,0.03178892156083605,0.12029200976590139,4.28700407134218,0.10224111897003894,2.0036293304511066,3.422250291488535,1.399578796789319,0.0,0.0,0.0,0.4520068910544856,1.2118061522598385,0.06615926563986527,24.29089655172414,0.285056032766369,3.903078677309008,3.1858648773949354,0.0,0.5818185620616974,-0.08441439795359035,3.92911877394636,-0.7433628318584071,18.563806173331916,0.47833562239050714,0.3510106003764014,Specialty Business Services,Industrials,WHLM
2013Q3,2013,Q3,2013-11-13,2013-09-30,522000.0,18099000.0,1017000.0,0.0877,5473000.0,0.3023923974,37731000.0,22636000.0,14549000.0,11993000.0,15095000.0,0.0,-62424000.0,23818800.0,23189800.0,3.8013669874217006,1.213124322521471,0.029153746256393945,0.048595158155151086,0.02182026683765321,3.8013669874217006,0.023060611415444424,1.3160285098624234,11.407471264367816,1.0522530482417387,0.0,0.0,0.0,0.47968513954043096,1.1716834820311848,0.01383477776894331,75.37594936708861,0.30239239737002044,0.4864406779661018,12.246597525604026,0.0,-0.232260649361953,0.11285075233834892,0.47875354107648727,0.8128342245989305,0.39056827577622827,0.6150622607087451,0.20648475926552654,Specialty Business Services,Industrials,WHLM
2013Q2,2013,Q2,2013-08-14,2013-06-30,353000.0,16150000.0,561000.0,0.059,4918000.0,0.3045201238,35790000.0,22394000.0,12621000.0,10294000.0,13396000.0,0.0,-62946000.0,17950500.0,17330500.0,3.742625553605749,1.2260540120458518,0.03073484213467449,0.049120300080378675,0.01584415089822965,3.742625553605749,0.015763150843976066,1.1114860681114551,12.712818696883852,0.8015763150843976,0.0,0.0,0.0,0.45124336406817545,1.1677676316300758,0.009863090248672813,16.574792243767313,0.3045201238390093,7.276595744680851,5.816541448579553,0.0,-0.24531234439603253,0.14372093023255814,7.303571428571429,94.5,-0.17175209048310183,0.42951227577967066,0.21209265983857534,Specialty Business Services,Industrials,WHLM
2013Q1,2013,Q1,2013-05-15,2013-03-31,-56000.0,14116000.0,-6000.0,-0.0094,4300000.0,0.3046188722,34663000.0,22007000.0,10973000.0,9154000.0,12656000.0,0.0,-63299000.0,19147200.0,20044200.0,3.6779476894794016,1.1987109460345204,0.04327380780659493,0.06816013086745126,-0.0007940897037761802,3.6779476894794016,-0.0025446448857181806,1.3564182487956928,-85.47857142857144,0.8700504384968419,0.0,0.0,0.0,0.40723538066526266,1.1463840943849684,-0.0016155554914462106,-56.648520710059174,0.3046188722017569,0.13761467889908252,-5.202534748335701,0.0,-0.2601816735108702,0.02551872167898879,0.13846153846153847,-0.2,-1.0190791342859529,0.3329170539805067,0.21927272159479394,Specialty Business Services,Industrials,WHLM
2012Q4,2012,Q4,2013-04-01,2012-12-31,-65000.0,13974000.0,-5000.0,-0.0109,4193000.0,0.3000572492,35878000.0,22025000.0,11886000.0,10601000.0,13853000.0,0.0,-63243000.0,14360400.0,14465400.0,3.6809559622294645,1.1212149797188944,0.034840292101008974,0.056753688989784334,-0.0006071078316910288,3.6809559622294645,-0.0029511918274687855,1.0276513525118076,-55.232307692307685,0.6520045402951191,0.0,0.0,0.0,0.38948659345559955,1.0826337138005848,-0.0018116951892524667,-9.702972972972972,0.3000572491770431,-1.2037383177570093,-1.7910176408546927,0.0,-0.25924473009869853,-0.04072294669412034,-1.1957831325301205,-1.0138888888888888,0.950937041273831,0.5507305447012217,0.21839774128508196,Specialty Business Services,Industrials,WHLM
2012Q3,2012,Q3,2012-11-20,2012-09-30,332000.0,13597000.0,360000.0,0.0535,4371000.0,0.3214679709,37498000.0,22255000.0,12974000.0,11943000.0,15243000.0,0.0,-63178000.0,13651880.000000002,12057880.000000002,3.5863924968575756,1.0863267185799212,0.04000213344711718,0.06740058413839586,0.013275360998850957,3.5863924968575756,0.014917995955964951,1.0040361844524528,10.280030120481928,0.6134297910581893,0.0,0.0,0.0,0.3626060056536349,1.0679058862932262,0.00885380553629527,11.94390201224847,0.3214679708759285,-0.4081858407079646,3.2395446849897334,0.0,-0.27627453636179466,-0.1422684458398744,-0.4324786324786325,-0.5360824742268041,2.0556897926039244,0.5110571946042012,0.10603790904827363,Specialty Business Services,Industrials,WHLM
2012Q2,2012,Q2,2012-08-14,2012-06-30,585000.0,15326000.0,776000.0,0.0904,5096000.0,0.3325068511,37534000.0,22917000.0,12683000.0,12817000.0,14617000.0,0.0,-63510000.0,16827330.0,15368330.0,3.5409182561939416,0.9895451353670905,0.013321255395108434,0.021817864467425927,0.024446300396867342,3.5409182561939416,0.025526901426888335,1.0979596763669581,7.191166666666667,0.7342728105773008,0.0,0.0,0.0,0.40832312037086377,0.9750331590855894,0.015585868812276868,-9.892610229276896,0.3325068511027013,1.7901234567901234,33.78930831145354,0.0,-0.28362679538651975,0.17962962962962964,1.7857142857142858,1.3303303303303304,1.7789613848202397,0.6188866589204607,0.07520878295955712,Specialty Business Services,Industrials,WHLM
2012Q1,2012,Q1,2012-05-15,2012-03-31,210000.0,13478000.0,333000.0,0.0324,4320000.0,0.3205223327,38534000.0,22332000.0,13390000.0,14094000.0,16202000.0,0.0,-64095000.0,23299380.0,20139380.0,3.4505295849074096,0.9500496665247623,0.012975554056158198,0.022389396381873546,0.009225321045921598,3.4505295849074096,0.009403546480386889,1.7286971360736014,27.737357142857142,1.0433181085437937,0.0,0.0,0.0,0.3497690351378004,0.9340854264225912,0.005449732703586443,43.79582706766917,0.3205223326903101,0.408695652173913,7.724560580912124,0.0,-0.30117892147203323,-0.05470459518599562,0.4189189189189189,-0.33532934131736525,1.176823819970922,1.37419763767207,-0.28280625212747623,Specialty Business Services,Industrials,WHLM
2011Q4,2011,Q4,2012-03-29,2011-12-31,148000.0,13490000.0,501000.0,0.023,4570000.0,0.3387694589,40701000.0,22167000.0,15267000.0,16489000.0,18534000.0,0.0,-64260000.0,25888200.0,23260200.0,3.425035344288131,0.9258899872642368,0.0,0.0,0.007400381097469689,3.425035344288131,0.006676591329453693,1.9190659747961454,43.730067567567566,1.167871159832183,0.0,0.0,0.0,0.33144148792412964,0.9106677178725211,0.0036362742930149137,-42.50935960591133,0.33876945885841364,1.3711340206185565,1.50089254965834,0.0,-0.3070193583222377,0.09043187783345263,1.3492063492063493,0.4822485207100592,1.1140416976223677,0.0,0.26376938140302175,Specialty Business Services,Industrials,WHLM
2011Q3,2011,Q3,2011-11-14,2011-09-30,63000.0,13469000.0,338000.0,0.0097,4191000.0,0.3111589576,40886000.0,21996000.0,15106000.0,16827000.0,18890000.0,0.0,-64408000.0,27182610.0,23445610.0,3.3986140403736065,0.897723896119332,0.0,0.0,0.0031636768182450293,3.3986140403736065,0.0028641571194762683,2.0181609622095182,107.8675,1.2357978723404255,0.0,0.0,0.0,0.3294281661204324,0.8876210851607536,0.0015408697353617375,23.657624020887727,0.3111589576063553,-0.9515000000000001,1.3198207263088693,0.0,-0.31867132845654056,-0.10981308411214953,-0.912621359223301,-0.6046783625730994,2.2488469650265372,0.0,-0.3136022528055044,Specialty Business Services,Industrials,WHLM
2011Q2,2011,Q2,2011-08-15,2011-06-30,721000.0,14665000.0,855000.0,0.2,4708000.0,0.3210364814,39247000.0,21910000.0,13127000.0,15274000.0,17337000.0,0.0,-64471000.0,31065840.0,28977840.0,3.3853261331417404,0.8594343328532146,0.0,0.0,0.033062024380263025,3.3853261331417404,0.0329073482428115,2.11836617797477,10.771789181692094,1.417884071200365,0.0,0.0,0.0,0.37365913318215405,0.8470603640172842,0.018370830891533112,54.21612565445026,0.321036481418343,0.0,0.08438684788844415,69.10726412033281,-0.5659623113372771,0.061555806087936864,0.13186813186813187,0.14304812834224598,10.09513799781953,0.0,-0.3173605517618085,Specialty Business Services,Industrials,WHLM
2011Q1,2011,Q1,2011-05-16,2011-03-31,637000.0,13832000.0,748000.0,0.2,4435000.0,0.3206333141,39104000.0,21174000.0,12722000.0,15877000.0,17930000.0,0.0,-65192000.0,25888200.0,24373200.0,3.2716063689248385,0.8012848774957486,0.005114566284779051,0.009445546424860679,0.030329684039799135,3.2716063689248385,0.03008406536318126,1.8716165413533834,10.160204081632653,1.222640974780391,0.0,0.0,0.0,0.3537234042553192,0.7864835926182528,0.016289893617021278,67.59321148825066,0.3206333140543667,8.090909090909092,1.1477755562088559,283.84631608223054,-0.5759930604295294,0.02000919963201472,3.393103448275862,0.9428571428571428,43.19530648455023,0.0,-0.3419171360939749,Specialty Business Services,Industrials,WHLM
2010Q4,2010,Q4,2011-03-31,2010-12-31,145000.0,13110000.0,385000.0,0.022,4348000.0,0.331655225,37953000.0,20537000.0,11194000.0,13288000.0,17416000.0,0.0,-65829000.0,19416150.0,18284150.0,3.1731831490795033,0.8424142083082481,0.01580902695439096,0.029215562156108488,0.007005578988358001,3.1731831490795033,0.007060427521059551,1.4810183066361555,33.476120689655176,0.9454228952622097,0.0,0.0,0.0,0.3454272389534424,0.8265352197471403,0.003820514847311148,22.240721649484534,0.3316552250190694,-0.6507936507936508,1.9860263036381887,0.0,-0.6065257437019537,0.06777996070726916,-0.6446078431372549,-0.2638623326959847,0.6313766660256568,0.0,-0.36142888853824334,Specialty Business Services,Industrials,WHLM
2010Q3,2010,Q3,2010-11-15,2010-09-30,408000.0,12180000.0,523000.0,0.063,4072000.0,0.334318555,39513000.0,20392000.0,12283000.0,14756000.0,19121000.0,0.0,-65974000.0,15532920.0,15273920.0,3.15077911944438,0.8324071564109515,0.02530812643939969,0.04903883876029816,0.021779353502758246,3.15077911944438,0.02000784621420165,1.2752807881773398,9.517720588235294,0.7617163593566104,0.0,0.0,0.0,0.3082529800318882,0.8136351314719437,0.010325715587275073,65.26436974789915,0.33431855500821017,-0.11516853932584269,1.4942388364642518,0.0,-0.6103356572944109,0.005928853754940711,-0.11496746203904555,-0.13410596026490065,3.9953878601061485,0.0,-0.36418027836064354,Specialty Business Services,Industrials,WHLM
2010Q2,2010,Q2,2010-08-16,2010-06-30,461000.0,12220000.0,604000.0,0.0712,4048000.0,0.3312602291,37875000.0,19984000.0,10430000.0,13286000.0,17891000.0,0.0,-66382000.0,15532920.0,15511920.0,3.087738815367619,0.7850368809272918,0.033003300330033,0.06255004003202562,0.022225627910466585,3.087738815367619,0.023068454763811048,1.2711063829787235,8.42349240780911,0.7772678142514011,0.0,0.0,0.0,0.32264026402640267,0.7615535149781725,0.01217161716171617,15.866108273748724,0.3312602291325696,16.47826086956522,3.936622244883769,0.0,-0.6245107623212588,0.10631320032795846,16.366666666666667,30.789473684210527,26.415164327487318,0.0,-0.37531081201746347,Specialty Business Services,Industrials,WHLM
2010Q1,2010,Q1,2010-05-17,2010-03-31,-30000.0,11455000.0,19000.0,-0.0046,3659000.0,0.3194238324,36591000.0,19523000.0,8713000.0,12398000.0,17068000.0,0.0,-66843000.0,12944100.0,13910100.0,3.0165094521828477,0.7027746410711405,0.04121231996939138,0.0772422271167341,0.005420569635300271,3.0165094521828477,-0.0015366490805716335,1.1299956350938454,-107.86749999999999,0.6630179787942427,0.0,0.0,0.0,0.3130551228444153,0.6813195676722051,-0.0008198737394441257,-12.374856596558317,0.3194238323876037,0.9790909090909091,0.9706883901731967,0.0,-0.6391995649368625,0.19185667752442997,0.9790648988136776,-0.7164179104477612,0.039348488441125117,0.0,-0.38907917266248004,Specialty Business Services,Industrials,WHLM
2009Q4,2009,Q4,2010-03-31,2009-12-31,-1433000.0,9747000.0,67000.0,-0.22,3070000.0,0.3149687083,37099000.0,19553000.0,8738000.0,12725000.0,17546000.0,0.0,-66813000.0,11649690.0,11561690.0,3.02114476865908,0.6866797642436149,0.0550149599719669,0.10438295913670537,0.0031201324604462908,3.02114476865908,-0.07328798649823556,1.195207756232687,-2.0323953244940682,0.5958006444023936,0.0,0.0,0.0,0.2627294536240869,0.6685265225933202,-0.03862637806948974,9.187452681388013,0.3149687083205089,-3.0665434380776335,-1.06844465718475,0.0,-0.6454733163957227,0.0741777466759972,-3.3689024390243905,1.2189542483660132,-3.8498582679756854,0.0,-0.38873774138470313,Specialty Business Services,Industrials,WHLM
2009Q3,2009,Q3,2009-11-17,2009-09-30,-328000.0,9385000.0,-306000.0,-0.0541,2858000.0,0.3045285029,39112000.0,20986000.0,9412000.0,13558000.0,18126000.0,0.0,-65380000.0,12944100.0,14114100.0,3.242558385673782,0.6942026847617643,0.05417774596031908,0.10097207662251025,-0.01413219607201482,3.242558385673782,-0.015629467263890213,1.3792328183271176,-9.86592987804878,0.616796912227199,0.0,0.0,0.0,0.23995193291061567,0.5385750110635787,-0.008386173041521783,148.78275862068966,0.3045285029302078,0.5491666666666666,0.6673872476825173,0.0,-0.6251772108254268,0.03475742215785663,0.563249001331558,0.5622317596566524,-0.665098384592208,0.0,-0.3499561965352318,Specialty Business Services,Industrials,WHLM
2009Q2,2009,Q2,2009-08-19,2009-06-30,-751000.0,9467000.0,-699000.0,-0.12,2762000.0,0.2917502905,39350000.0,21314000.0,9174000.0,13413000.0,18036000.0,0.0,-65052000.0,19416150.0,20673150.0,3.293237845813923,0.6839633191679714,0.05567979669631512,0.10279628413249507,-0.030344434116700424,3.293237845813923,-0.03523505677019799,2.0509295447343403,-6.463432090545939,0.9109575865628226,0.0,0.0,0.0,0.24058449809402796,0.5148736300603892,-0.0190851334180432,-294.1840909090909,0.2917502904827295,0.3333333333333333,-1.0451194434507824,0.0,-0.6273005516950036,0.9260808926080892,0.1070154577883472,-2.861878453038674,-2.129506966385883,44.2577885732827,-0.5777690873501928,Specialty Business Services,Industrials,WHLM
2009Q1,2009,Q1,2009-05-20,2009-03-31,-841000.0,4020000.0,-181000.0,-0.18,1434000.0,0.3567164179,39165000.0,22050000.0,9971000.0,12441000.0,17115000.0,0.0,-64316000.0,12832680.0,14023680.0,4.811154022386594,0.8014629049111808,0.04493808247159454,0.07981859410430839,-0.007656472020260193,4.811154022386594,-0.038140589569161,3.192208955223881,-3.814708680142687,0.5819809523809524,0.0,0.0,0.0,0.10264266564534662,0.6388553974760871,-0.02147325418102898,20.66454106280193,0.3567164179104478,0.10000000000000009,0.8958933497839655,0.0,-0.15669741862537864,0.0,0.08487486398258977,0.8064171122994652,0.7244872532411009,115.90530259162844,-0.3764645061793603,Specialty Business Services,Industrials,WHLM
2008Q4,2008,Q4,2009-04-15,2008-12-31,-919000.0,0.0,-935000.0,-0.2,0.0,0.0,12714000.0,12421000.0,11911000.0,293000.0,293000.0,0.0,-63475000.0,11916060.0,181060.0,2.710174336148022,40.6518771331058,0.0,0.0,,2.710174336148022,-0.07398760164237984,0.0,-3.24158324265506,0.9593478785927059,0.0,0.0,0.0,0.0,40.051194539249146,-0.0722825232027686,-33.756543909348444,0.0,-24.641025641025642,0.9081116731824752,0.0,-0.5995408866171864,0.0,-42.76190476190476,-10.54320987654321,-27.725366438235458,0.0,-0.6639387702335311,Specialty Business Services,Industrials,WHLM
2008Q3,2008,Q3,2008-11-14,2008-09-30,-21000.0,0.0,-81000.0,-0.0078,0.0,0.0,13706000.0,13340000.0,12903000.0,366000.0,366000.0,0.0,-62556000.0,8621440.0,-3466560.0,4.951377032143122,35.25409836065574,0.0,0.0,,4.951377032143122,-0.0015742128935532233,0.0,-102.63619047619049,0.6462848575712145,0.0,0.0,0.0,0.0,33.02732240437158,-0.0015321756894790602,-20.527238095238094,0.0,0.3606557377049181,0.9905913674827741,0.0,-0.40437449958571836,0.0,0.36363636363636365,0.14736842105263157,0.9388905982383475,0.0,-0.38765143363720345,Specialty Business Services,Industrials,WHLM
2008Q2,2008,Q2,2008-08-14,2008-06-30,-33000.0,0.0,-95000.0,-0.0122,0.0,0.0,13641000.0,13361000.0,12838000.0,280000.0,280000.0,0.0,-62535000.0,9160280.0,-3347720.0,4.959171553707965,45.85,0.0,0.0,,4.959171553707965,-0.0024698750093555873,0.0,-69.39606060606062,0.6855983833545393,0.0,0.0,0.0,0.0,44.67142857142857,-0.002419177479656917,-41.07748878923767,0.0,-6.545454545454546,0.9841960658911669,0.0,-0.4561123967154514,0.0,-6.5,0.0,-1.8488968896147278,0.0,-0.39693229979420935,Specialty Business Services,Industrials,WHLM
2008Q1,2008,Q1,2008-05-15,2008-03-31,6000.0,0.0,-95000.0,0.0022,0.0,0.0,13721000.0,13394000.0,12918000.0,327000.0,327000.0,0.0,-62502000.0,8621440.0,-4109560.0,4.971420087595575,39.5045871559633,0.0,0.0,,4.971420087595575,0.0004479617739286248,0.0,359.22666666666663,0.6436792593698671,0.0,0.0,0.0,0.0,38.932721712538225,0.00043728591210553166,165.79692307692306,0.0,-0.8428571428571429,1.0021120758544961,0.0,-0.4974830067430421,0.0,-0.8378378378378378,0.08653846153846154,1.0140825628668668,0.0,-0.4053754649473648,Specialty Business Services,Industrials,WHLM
2007Q4,2007,Q4,2008-03-28,2007-12-31,37000.0,0.0,-104000.0,0.014,0.0,0.0,13519000.0,13388000.0,12716000.0,131000.0,131000.0,0.0,-62508000.0,10776800.0,-1902200.0,4.969193081434192,97.06870229007633,0.0,0.0,,4.969193081434192,0.002763668957275172,0.0,72.81621621621622,0.8049596653719749,0.0,0.0,0.0,0.0,97.06870229007633,0.002736888823137806,38.90541516245487,0.0,0.11111111111111113,-0.9959447463141202,-1.0,-0.5304692967898736,0.0,0.08823529411764706,0.14049586776859505,-0.9957547123894054,0.0,-0.41687284845601413,Specialty Business Services,Industrials,WHLM
2007Q3,2007,Q3,2007-11-14,2007-09-30,34000.0,0.0,-121000.0,0.0126,0.0,0.0,13453000.0,13351000.0,12648000.0,102000.0,102000.0,0.0,-62545000.0,11854480.000000002,-547519.9999999981,4.955459876772326,124.0,0.0,0.0,,4.955459876772326,0.002546625720919781,0.0,87.16529411764706,0.8879095198861509,0.0,0.0,0.0,0.0,124.0,0.0025273173269902624,241.92816326530615,0.0,3.8461538461538463,1.0160887089681307,-1.0,-0.5694985120762784,0.0,3.857142857142857,0.18791946308724833,1.0828239619114461,0.0,-0.4271747577897411,Specialty Business Services,Industrials,WHLM
2007Q2,2007,Q2,2007-08-14,2007-06-30,7000.0,0.0,-149000.0,0.0026,0.0,0.0,13421000.0,13317000.0,12616000.0,104000.0,104000.0,0.0,-62579000.0,14009840.0,1656840.0,4.942840175191152,121.3076923076923,0.0,0.0,,4.942840175191152,0.0005256439137943981,0.0,500.3514285714286,1.0520267327476158,0.0,0.0,0.0,0.0,121.3076923076923,0.000521570672826168,-7004.92,0.0,1.5416666666666667,1.0389931197230697,-1.0,-0.5979889115927676,0.0,1.5384615384615385,0.11834319526627218,-0.9989897383461007,0.0,-0.4406131920610745,Specialty Business Services,Industrials,WHLM
2007Q1,2007,Q1,2007-05-15,2007-03-31,-13000.0,0.0,-169000.0,-0.0048,0.0,0.0,13458000.0,13303000.0,12653000.0,155000.0,155000.0,0.0,-62576000.0,15626360.0,3271360.0,4.937643827481256,81.63225806451612,0.0,0.0,,4.937643827481256,-0.0009772231827407352,0.0,-300.5069230769231,1.174649327219424,0.0,0.0,0.0,0.0,81.63225806451612,-0.0009659681973547332,434.06555555555553,0.0,0.8949671772428884,0.9994188245121497,-1.0,-0.6006228228996603,0.0,0.8943089430894309,0.38545454545454544,0.997262492418043,0.0,-0.13452619345620648,Specialty Business Services,Industrials,WHLM
