Quarters,Year,Quarter,FillingDate,Date,NetIncome,Revenue,OperatingIncome,EPSDiluted,GrossProfit,GrossProfitRatio,TotalAssets,CommonStockEquity,CurrentAssets,CurrentLiability,TotalLiability,Inventory,RetainedEarnings,MarketCap,EnterpriseValue,bookValuePerShare,currentRatio,debtToAssets,debtToEquity,roic,shareholdersEquityPerShare,roe,priceToSalesRatio,peRatio,pbRatio,payoutRatio,inventoryTurnover,dividendYield,assetTurnover,quickRatio,returnOnAssets,priceToFreeCashFlowsRatio,grossProfitMargin,epsdilutedGrowth,fiveYNetIncomeGrowthPerShare,fiveYRevenueGrowthPerShare,fiveYShareholdersEquityGrowthPerShare,grossProfitGrowth,netIncomeGrowth,operatingIncomeGrowth,threeYNetIncomeGrowthPerShare,threeYRevenueGrowthPerShare,threeYShareholdersEquityGrowthPerShare,Industry,Sector,Symbol
2023Q1,2023,Q1,2023-05-04,2023-03-31,23111000.0,63049000.0,17467000.0,0.68,46769000.0,0.741788133,1868005000.0,396406000.0,64426000.0,270386000.0,1352170000.0,0.0,-277020000.0,1299597000.0,2538733000.0,11.895867718992887,0.2382741709999778,0.6696705843935107,3.1557241817732327,0.013873487720655981,11.895867718992887,0.05830133751759559,20.61249187140161,14.058208212539483,3.2784493675675948,0.7342391069187832,0.0,0.013057124631712753,0.033752050984874236,0.2382741709999778,0.012372022558826128,36.00191146323896,0.7417881330393821,-0.3061224489795918,0.22191301133666014,-0.2572566218977332,-0.21039564752166326,0.024759525844124542,-0.022294610373128014,0.13488402313040088,0.21804363318249892,-0.22597234002980307,-0.2671262072518267,REIT—Retail,Real Estate,BFS
2022Q4,2022,Q4,2023-03-02,2022-12-31,23638000.0,62336000.0,15391000.0,0.98,45639000.0,0.7321451489,1833302000.0,400484000.0,69602000.0,227372000.0,1311500000.0,0.0,-273559000.0,976767480.0,2186388480.0,16.679188705176795,0.30611508892915573,0.667047764089059,3.053555198210166,0.014560941835080301,16.679188705176795,0.059023581466425626,15.669396175564682,10.33047931297064,2.4389675492653886,0.7174041797106354,0.0,0.017361347861417336,0.034002035671155104,0.30611508892915573,0.012893674910080281,28.56629953499254,0.7321451488706365,1.5789473684210527,-0.052371500829237264,0.011064453126973541,0.1008897985994893,0.01388456924512374,0.9780753138075314,-0.42540879563951317,-0.029508684422741963,0.06429859497859162,0.03176017239615065,REIT—Retail,Real Estate,BFS
2022Q3,2022,Q3,2022-11-08,2022-09-30,11950000.0,61087000.0,26786000.0,0.38,45014000.0,0.7368834613,1810018000.0,404958000.0,68973000.0,213248000.0,1281701000.0,0.0,-268451000.0,899887500.0,2083796500.0,16.87535941992749,0.32344031362545017,0.6597724442519356,2.9489477921167135,0.012203263809905756,16.87535941992749,0.029509233056267563,14.731243963527428,18.826098326359833,2.222174892211044,1.418744769874477,0.0,0.018840132794377074,0.03374938812763188,0.32344031362545017,0.006602144288067853,22.793503039513677,0.7368834612929102,-0.11627906976744183,-0.5217048224265065,-0.006778958310984219,0.12391073889092633,-0.010594337963777036,-0.08189920098340504,-0.007595124300692824,-0.059884564473443674,0.029853841425427012,-0.18163464831033063,REIT—Retail,Real Estate,BFS
2022Q2,2022,Q2,2022-08-04,2022-06-30,13016000.0,60293000.0,26991000.0,0.43,45496000.0,0.7545817922,1782486000.0,405942000.0,66710000.0,264744000.0,1252455000.0,0.0,-263444000.0,1128896930.0,2282994930.0,16.94036639819722,0.2519792705405977,0.6537302396764968,2.870520911854403,0.013154999484728327,16.94036639819722,0.03206369382818235,18.723515665168428,21.682869737246467,2.7809315862857256,1.2617547633681623,0.0,0.014547829446218796,0.033825230604896755,0.2519792705405977,0.007302161138993518,42.64172131147541,0.7545817922478563,-0.23214285714285723,-0.48852984558090273,-0.016823596629387448,0.13582212640226038,0.006815968841285297,-0.026112981668537222,-0.022667197740522144,-0.05835904011832836,-0.007300758440450715,0.05946569318248899,REIT—Retail,Real Estate,BFS
2022Q1,2022,Q1,2022-05-05,2022-03-31,13365000.0,62144000.0,27617000.0,0.56,45188000.0,0.7271498455,1755552000.0,405534000.0,68670000.0,196731000.0,1225093000.0,0.0,-259506000.0,1258686800.0,2386228800.0,16.979316697370624,0.3490553090260305,0.6492858086801189,2.810750763191249,0.013655040941632236,16.979316697370624,0.03295654618355058,20.25435762100927,23.544459408903855,3.103776255505087,1.2257388701833147,0.0,0.013015151982208758,0.03539855270592953,0.3490553090260305,0.007612990102258435,31.459305173706575,0.7271498455200824,0.09803921568627459,-0.5141715578956894,-0.03228344402820445,0.14590165138444225,0.0007529786951322142,0.09164420485175202,0.0337638031068688,-0.05037500792264128,-0.006266634619629467,0.07374986361280192,REIT—Retail,Real Estate,BFS
2021Q4,2021,Q4,2022-02-24,2021-12-31,12243000.0,60240000.0,26715000.0,0.51,45154000.0,0.7495683931,1746761000.0,405049000.0,73253000.0,150397000.0,1216274000.0,0.0,-256448000.0,1260020300.0,2389282300.0,17.04393014937934,0.48706423665365667,0.65484402273694,2.823994134043042,0.013322599723624842,17.04393014937934,0.030225972660097914,20.916671646746348,25.729402515723276,3.1107848680036247,1.2933921424487462,0.0,0.012567257844972814,0.034486687073961464,0.48706423665365667,0.007008972607013782,42.976237252293735,0.7495683930942895,0.15909090909090912,-0.523176288414513,0.01362873641512805,0.15982525253182142,0.005836229172235588,-0.06812300197899224,-0.02410958904109589,-0.5169900911245625,-0.0141544590226742,0.08533466954059803,REIT—Retail,Real Estate,BFS
2021Q3,2021,Q3,2021-11-04,2021-09-30,13138000.0,60256000.0,27375000.0,0.44,44892000.0,0.7450212427,1739500000.0,442765000.0,73772000.0,142770000.0,1209893000.0,0.0,-252309000.0,1043869520.0,2167887520.0,18.688375823062636,0.5167191987112139,0.6530238574302961,2.5655483156979435,0.013492198172146563,18.688375823062636,0.029672625433356296,17.323909984067978,19.86355457451667,2.3576152586586567,1.2025422438727356,0.0,0.015135033351677898,0.034639839034205235,0.5167191987112139,0.007552745041678644,46.507886834484296,0.7450212426978227,0.047619047619047665,-0.4508573067636221,0.0318369139186044,0.2755242175991573,-0.009924573243350537,0.0307547465871646,0.00010960105217010084,-0.05440606624492333,0.0007092446353474396,0.2073093469311415,REIT—Retail,Real Estate,BFS
2021Q2,2021,Q2,2021-08-05,2021-06-30,12746000.0,60004000.0,27372000.0,0.42,45342000.0,0.7556496234,1736980000.0,442271000.0,74600000.0,158871000.0,1207527000.0,0.0,-249612000.0,1073710800.0000001,2191412800.0,18.721258042668474,0.46956335643383623,0.6520276571981255,2.5607806073651673,0.013743858360310062,18.721258042668474,0.028819434238283766,17.893987067528833,21.059759924682254,2.4277214648936964,1.1992782049270359,0.0,0.01423660821889842,0.03454501491093737,0.46956335643383623,0.0073380234660157286,33.72313200791483,0.7556496233584428,0.31249999999999994,-0.46041360747192855,0.033283032223740676,0.2795673242648641,0.07422587599800991,0.24205807834730073,0.10446677157729088,-0.04248801663759887,0.005611401330000055,0.23679749049494492,REIT—Retail,Real Estate,BFS
2021Q1,2021,Q1,2021-05-10,2021-03-31,10262000.0,58724000.0,24783000.0,0.32,42209000.0,0.7187691574,1734256000.0,441764000.0,77199000.0,150522000.0,1230394000.0,0.0,-246559000.0,944269620.0,2088323620.0,18.764930762042308,0.5128751943237534,0.6680720724045355,2.622685415742342,0.012271142705338972,18.764930762042308,0.023229597703751326,16.07979054560316,23.004034788540245,2.1374978948035603,1.4847008380432665,0.0,0.016135222056598623,0.0338612061887057,0.5128751943237534,0.0059172348257696674,27.15134912875956,0.7187691574143451,-0.20000000000000004,-0.6126408244962318,-0.06639422630461055,0.3056582568043938,-0.012793526054822715,0.0890374615302982,0.04174022698612863,-0.23201223745042188,-0.02078748921436919,0.2455477274689841,REIT—Retail,Real Estate,BFS
2020Q4,2020,Q4,2021-02-25,2020-12-31,9423000.0,58284000.0,23790000.0,0.4,42756000.0,0.7335803994,1645572000.0,364325000.0,97416000.0,147745000.0,1218039000.0,0.0,-241535000.0,738936000.0,1862994000.0,15.619506966773848,0.6593522623439033,0.6994005731745557,3.159031084883003,0.012670927527612697,15.619506966773848,0.02586426953955946,12.678196417541692,19.60458452722063,2.028233033692445,1.6099968163005411,0.0,0.020530871415115788,0.035418687240667684,0.6211580764154455,0.005726276334308071,34.189423032434185,0.7335803994235125,0.4285714285714285,-0.6111218598354107,0.00296878983051953,0.0934190412110846,0.022357188972047536,0.005978434931141241,0.006898886866720278,-0.611129345148032,-0.026854327361542737,0.030946779416074433,REIT—Retail,Real Estate,BFS
2020Q3,2020,Q3,2020-11-05,2020-09-30,9367000.0,56760000.0,23627000.0,0.28,41821000.0,0.7368040874,1681374000.0,367018000.0,128393000.0,171025000.0,1249757000.0,0.0,-235720000.0,620722740.0,1742200740.0,15.716096433006467,0.7507265019733957,0.6992989067274741,3.203611267022326,0.012363143142044217,15.716096433006467,0.02552190900718766,10.935918604651162,16.566743354329027,1.6912596657384649,1.6196220775061385,0.0,0.024440863887151935,0.033758104978428356,0.7016868878818886,0.005571038924118013,41.32366287197923,0.7368040873854828,-0.6744186046511628,-0.6075753721876203,-0.018157126257106432,0.11185806682610923,0.05985960110494437,0.12475984630163305,1.314557210031348,-0.614749785465973,-0.051682481895161676,0.04670301324919836,REIT—Retail,Real Estate,BFS
2020Q2,2020,Q2,2020-08-06,2020-06-30,8328000.0,53220000.0,10208000.0,0.86,39459000.0,0.7414317926,1686636000.0,372108000.0,125962000.0,223311000.0,1248350000.0,0.0,-229918000.0,753117260.0000001,1861227260.0,15.94429685491473,0.5640653617600566,0.6963962585881008,3.1565217624990596,0.012949068162348263,15.94429685491473,0.02238059918088297,14.151019541525745,22.607986911623442,2.02392117342277,1.8206051873198847,0.0,0.020132323086049043,0.03155393339167432,0.5569945054206913,0.004937639182372486,47.97230779030512,0.7414317925591882,-0.180952380952381,-0.6451752349124859,-0.0696002471490387,0.12941468285727573,-0.07706881227487486,-0.3721351025331725,-0.3102236637610649,-0.663983173808588,-0.1089194266454248,0.06903739459055389,REIT—Retail,Real Estate,BFS
2020Q1,2020,Q1,2020-05-06,2020-03-31,13264000.0,56943000.0,14799000.0,1.05,42754000.0,0.7508209964,1644840000.0,378120000.0,85540000.0,177979000.0,1198234000.0,0.0,-223075000.0,762678300.0,1849819300.0,16.231809401159047,0.48061849993538563,0.6803555361007757,2.959578969639268,0.014416453584115408,16.231809401159047,0.035078810959483765,13.393714767398977,14.374967958383596,2.0170271342430977,1.1363841978287093,0.0,0.019763247492422427,0.03461917268548917,0.4603295894459459,0.008064006225529535,29.27747792706334,0.7508209964350315,0.03960396039603964,-0.4196172109549241,-0.013649351441807034,0.15324606354262596,0.00903920134053952,-0.4362940926476838,-0.016089355760920153,-0.5056519399882667,-0.09085394433678266,0.0954538117912617,REIT—Retail,Real Estate,BFS
2019Q4,2019,Q4,2020-02-27,2019-12-31,23530000.0,56582000.0,15041000.0,1.01,42371000.0,0.748842388,1618340000.0,374981000.0,71579000.0,140861000.0,1174984000.0,0.0,-221177000.0,1224284880.0,2301567880.0,16.16576133816175,0.5081534278473104,0.6742637517456159,2.909982105760025,0.016048627409255004,16.16576133816175,0.06274984599219693,21.63735604962709,13.007701657458563,3.2649251028718793,0.6703357416064598,0.0,0.012883439351141867,0.034962986764215186,0.4700804339029256,0.014539589950195879,36.78188012618296,0.7488423880385988,-0.038095238095238126,0.02804565809630085,0.00010153056545330373,0.16147062859095526,-0.0009902624195411785,0.9245869458531,-0.018723903966597077,-0.06110583465983477,-0.02456807838007907,0.10006659626479267,REIT—Retail,Real Estate,BFS
2019Q3,2019,Q3,2019-11-07,2019-09-30,12226000.0,57052000.0,15328000.0,1.05,42413000.0,0.7434095211,1646764000.0,475949000.0,116833000.0,59375000.0,1101327000.0,0.0,-215334000.0,1258145310.0,2295270310.0,20.62081365625406,1.9677136842105263,0.6615362006942099,2.288888095153052,0.015487979311882446,20.62081365625406,0.025687626195243608,22.05260656944542,25.72683849991821,2.6434456422852026,1.2378537542941273,0.0,0.012028817243693417,0.03464491572562917,1.810122105263158,0.007424257513523492,68.87908190079929,0.7434095211386104,-0.0277777777777778,-0.4481897043753158,0.018088488591411864,0.47467934049656774,-0.04058180831090099,-0.07602781136638452,-0.0848955223880597,-0.4754493297958067,0.002833281944333912,0.4074175013482297,REIT—Retail,Real Estate,BFS
2019Q2,2019,Q2,2019-08-07,2019-06-30,13232000.0,58141000.0,16750000.0,1.08,44207000.0,0.7603412394,1569162000.0,366784000.0,62670000.0,108200000.0,1132553000.0,0.0,-212109000.0,1268297310.0,2304339310.0,15.98953746893936,0.5792051756007394,0.666154291271392,2.849917117431513,0.01753148528986862,15.98953746893936,0.0360757284941546,21.81416401506682,23.96269101420798,3.457886140071541,1.140643893591294,0.0,0.011900206584842478,0.037052261015752354,0.5625138632162662,0.008432526405814059,39.399127395855984,0.7603412394007671,-0.018181818181818195,-0.62900020552367,0.004267627019558846,0.1487718228301708,-0.008833882648371113,-0.015988696363501153,-0.019148562393863092,-0.4231119808714587,0.031099426142940905,0.09285869724849216,REIT—Retail,Real Estate,BFS
2019Q1,2019,Q1,2019-05-02,2019-03-31,13447000.0,59750000.0,17077000.0,1.1,44601000.0,0.746460251,1545828000.0,360855000.0,67123000.0,105360000.0,1115497000.0,0.0,-210207000.0,1188693800.0,2200358800.0,15.81310254163015,0.63708238420653,0.6618595341784468,2.835269013869837,0.018128927091221235,15.81310254163015,0.03726427512435743,19.89445690376569,22.099609578344612,3.2941037258732733,1.112367070722094,0.0,0.012583560207010418,0.038652424461194906,0.5985098709187547,0.008698897936898542,37.56814892070415,0.7464602510460251,0.028037383177570117,-0.386212060037735,0.019841671248083975,0.172020793303978,0.01317552986074828,-0.4437181979894924,0.10103159252095423,-0.47635741569790646,-0.02002832343836886,0.10027093416926937,REIT—Retail,Real Estate,BFS
2018Q4,2018,Q4,2019-02-26,2018-12-31,24173000.0,58274000.0,15510000.0,1.07,44021000.0,0.7554140783,1527489000.0,355912000.0,73629000.0,96901000.0,1102269000.0,0.0,-208848000.0,1070194080.0,2077462080.0,15.703847511471938,0.7598373597795688,0.6689711022468902,2.8710636337072084,0.01754630250259361,15.703847511471938,0.06791847422958484,18.364863918728766,11.068072643031481,3.0069064263076264,0.6058825962851115,0.0,0.013685368171724516,0.038150192898279464,0.706432338159565,0.01582531854566547,30.17521231602098,0.7554140783196622,-0.018348623853211024,0.13019795373025986,0.0539486524269712,0.16667239751012258,0.019854508386618477,0.8375522614975295,-0.07081236520488857,0.026691538673832355,0.03204346919744498,0.0993231685126171,REIT—Retail,Real Estate,BFS
2018Q3,2018,Q3,2018-11-01,2018-09-30,13155000.0,57011000.0,16692000.0,1.09,43164000.0,0.7571170476,1506138000.0,347233000.0,74327000.0,125880000.0,1089339000.0,0.0,-205872000.0,1220076480.0,2223217480.0,15.479359843081312,0.5904591674610741,0.672522703762869,2.917096013339746,0.017943953326885496,15.479359843081312,0.037885224042645715,21.400720562698428,23.186554161915623,3.513711196804451,1.1028506271379703,0.0,0.011891057845816353,0.037852441144171384,0.5188433428662218,0.008734259410492266,57.5996827495043,0.7571170475873077,0.0,-0.3779123055534181,0.04467448437963561,0.15450545376892297,0.01053518752633797,0.048792154986845256,0.08354430379746836,-0.426251886895008,0.026674906652696884,0.09510979295649959,REIT—Retail,Real Estate,BFS
2018Q2,2018,Q2,2018-08-03,2018-06-30,12543000.0,56224000.0,15405000.0,1.09,42714000.0,0.7597111554,1446482000.0,336947000.0,58728000.0,70742000.0,1040151000.0,0.0,-204404000.0,1192690800.0,2153145800.0,15.136882300089848,0.8301716095106161,0.6684355560594601,2.8695314099843596,0.018122561801133204,15.136882300089848,0.03722543901563154,21.21319721115538,23.772040181774695,3.5396985282551854,1.1331419915490712,0.0,0.011916751600666325,0.038869477808918466,0.8065788357694156,0.008671383397788565,42.74264621559633,0.7597111553784861,0.009259259259259267,-0.3603696945454415,0.05054364780389632,0.14636218598121323,0.004373589164785553,-0.003574833174451859,0.030641600321134676,-0.4397096982448153,0.030516456421020965,0.07222145184371719,REIT—Retail,Real Estate,BFS
2018Q1,2018,Q1,2018-05-03,2018-03-31,12588000.0,56496000.0,14947000.0,1.08,42528000.0,0.7527612574,1429147000.0,334125000.0,63885000.0,57123000.0,1035790000.0,0.0,-202405000.0,1130412660.0,2085425660.0,15.065605555054558,1.1183761357071582,0.6745226348304268,2.8851238309016085,0.01843978624422914,15.065605555054558,0.03767452300785634,20.008720263381477,22.450203765490944,3.3832028731762063,1.2187003495392437,0.0,0.013571150202794084,0.039531272850168664,1.046863785165345,0.008808051236156952,43.8365323612673,0.7527612574341547,0.04854368932038839,-0.398080848045583,0.043380330435821415,0.14995733580919823,-0.003000750187546887,-0.4510248582642826,0.03683407325194229,-0.4214550835891844,0.02789564595547906,0.07038900419887609,REIT—Retail,Real Estate,BFS
2017Q4,2017,Q4,2018-02-27,2017-12-31,22930000.0,56675000.0,14416000.0,1.03,42656000.0,0.7526422585,1422452000.0,334405000.0,70213000.0,102377000.0,1029349000.0,0.0,-198406000.0,1362946000.0,2310660000.0,15.150643349039507,0.685827871494574,0.6739222131924311,2.866649721146514,0.017645452402164606,15.150643349039507,0.06856954890028558,24.048451698279663,14.8598560837331,4.075734513538972,0.6245093763628434,0.0,0.010506652501272978,0.03984317221248942,0.6345663576779941,0.016120051854122318,46.98679629055056,0.7526422584913983,-0.009615384615384623,0.15138649492295447,0.058956498797028266,0.12703223965653254,0.015981898297010837,0.0037207266360253883,0.0020853607674127623,0.05284864698816927,0.052758457212893906,0.08853687036847557,REIT—Retail,Real Estate,BFS
2017Q3,2017,Q3,2017-11-02,2017-09-30,22845000.0,56237000.0,14386000.0,1.04,41985000.0,0.7465725412,1423728000.0,329456000.0,73905000.0,131018000.0,1035596000.0,0.0,-194659000.0,1358429220.0,2311190220.0,15.014857351198614,0.5640827977835107,0.6757934099771866,2.9204081880433197,0.01768856668897796,15.014857351198614,0.06934158127337187,24.155435389512242,14.86571700590939,4.123249295808848,0.623856423725104,0.0,0.01049152932679113,0.039499820190373444,0.49614556778457924,0.01604590202622973,267.45997637330186,0.746572541209524,-0.018867924528301903,1.583366516621094,0.06333597051805132,0.14371572739663147,-0.017527027659474892,-0.015301724137931034,-0.0024961863819165163,0.08461343689697925,0.0556384700669274,0.07377430907534363,REIT—Retail,Real Estate,BFS
2017Q2,2017,Q2,2017-08-03,2017-06-30,23200000.0,55907000.0,14422000.0,1.06,42734000.0,0.7643765539,1420878000.0,325825000.0,65317000.0,126611000.0,1036417000.0,0.0,-191837000.0,1266631080.0,2217899080.0,14.914629680490707,0.5158872451840677,0.6782165675026287,2.9576091460139646,0.01799288459062472,14.914629680490707,0.07120386710657561,22.65603734773821,13.649041810344826,3.8874582367835493,0.6125862068965517,0.0,0.011220315231803722,0.039346798247280906,0.5022707347702806,0.01632793244740224,48.4408398347866,0.7643765539199027,-0.0701754385964911,1.5710178634342544,0.05333004913334265,0.14112182382468147,-0.05505926056960906,-0.07370438393356224,-0.16990905951421664,-0.31697167553526695,0.01399475032897551,0.07154483725230609,REIT—Retail,Real Estate,BFS
2017Q1,2017,Q1,2017-05-04,2017-03-31,25046000.0,58466000.0,17374000.0,1.14,45224000.0,0.7735093901,1419782000.0,322205000.0,65334000.0,122131000.0,1040471000.0,0.0,-189078000.0,1339926900.0,2299893900.0,14.817429294090596,0.5349501764498776,0.6829485089964515,3.0093822256017133,0.019387804864832645,14.817429294090596,0.07773312021849443,22.918053227516847,13.37465962628763,4.1586160984466405,0.5656392238281562,0.0,0.010572964838604256,0.04117956136928064,0.5051297377406228,0.01764073639474229,42.46725722616633,0.7735093900728629,0.06542056074766339,1.8418708876375507,0.10752889493274304,0.1359024143862817,0.10302439024390243,0.06956484605201349,0.30044910179640716,0.19974113721958348,0.04725985090414982,0.09822441170329582,REIT—Retail,Real Estate,BFS
2016Q4,2016,Q4,2017-03-07,2016-12-31,23417000.0,54201000.0,13360000.0,1.07,41000000.0,0.7564436081,1343025000.0,318505000.0,66412000.0,87008000.0,969776000.0,0.0,-189883000.0,1443705140.0,2335672140.0,14.695256989941866,0.7632861346083119,0.6703441857001917,2.8266086874617353,0.01785539007634602,14.695256989941866,0.07352160876595344,26.6361347576613,15.41300273305718,4.532755027393605,0.5662552846222829,0.0,0.00918470097017179,0.040357402133243986,0.7051650422949614,0.01743601198786322,77.04280591280218,0.756443608051512,0.07000000000000006,1.7869407868014582,0.03303861020374113,0.14131350919769609,0.01603350432433772,0.07373102847448301,0.050149347586857414,0.14486087285235197,0.0250603027385558,0.09174205187349575,REIT—Retail,Real Estate,BFS
2016Q3,2016,Q3,2016-08-02,2016-09-30,21809000.0,53233000.0,12722000.0,1.0,40353000.0,0.7580448218,1311004000.0,316429000.0,71301000.0,63847000.0,940993000.0,0.0,-185886000.0,1438360199.9999998,2295831200.0,14.651525674862249,1.1167478503296944,0.6615593850209458,2.7409213441245903,0.018422423462877778,14.651525674862249,0.06892225428137118,27.020085285443237,16.48814938786739,4.545601698959324,0.6064927323582008,0.0,0.009195888484678595,0.04060475788022005,0.9822857769354864,0.016635342073708394,85.5708370515795,0.7580448218210508,0.0,98.36696382406508,0.08606024896872126,0.11946970750666265,-0.0039493495914891515,0.017163378573760553,-0.03984905660377359,0.07120126950166174,0.01315954105886247,0.09276265098419753,REIT—Retail,Real Estate,BFS
2016Q2,2016,Q2,2016-06-30,2016-06-30,21441000.0,52710000.0,13250000.0,1.0,40513000.0,0.7686017833,1295455000.0,313731000.0,61381000.0,53505000.0,929025000.0,0.0,-185262000.0,1323247530.0,2169084530.0,14.630928508137854,1.1472011961498925,0.6614031363497768,2.7310594107690984,0.018321194298943216,14.630928508137854,0.06834198724384903,25.10429766647695,15.428939065342101,4.217777427158936,0.6119583974628049,0.0,0.009915756275774042,0.040688406775997624,1.1118400149518737,0.016550941561073135,59.48516655428186,0.7686017833428191,-0.10714285714285723,1.9334556599140091,0.07855206569256813,0.1257420765808596,-0.057771472428308955,-0.10573073073073073,-0.19113607227885965,0.13504286037500565,0.022409772424920222,0.10804476476798701,REIT—Retail,Real Estate,BFS
2016Q1,2016,Q1,2016-05-05,2016-03-31,23976000.0,56926000.0,16381000.0,1.12,42997000.0,0.7553139163,1301635000.0,306210000.0,67346000.0,69288000.0,943613000.0,0.0,-180264000.0,1129644120.0,1979483120.0,14.372007885102787,0.9719720586537351,0.6646955559738329,2.8254825120015674,0.020476548943010424,14.372007885102787,0.07829920642696189,19.844080385061307,11.778905155155154,3.6891157049083967,0.5104688021354689,0.0,0.010834385611638468,0.0437342265688922,0.9228870800138552,0.018419910343529484,36.0943259737355,0.7553139163124056,0.0873786407766991,0.19785991204276868,0.1921010815372619,0.10416436485567486,0.06154947659490421,0.08690330477356181,0.16317545977419584,0.19337961245922616,0.09434956579837116,0.0970150411402922,REIT—Retail,Real Estate,BFS
2015Q4,2015,Q4,2016-03-04,2015-12-31,22059000.0,52902000.0,14083000.0,1.03,40504000.0,0.7656421307,1304145000.0,303328000.0,65742000.0,71067000.0,950418000.0,0.0,-181893000.0,1088667180.0,1953906180.0,14.285014599227654,0.9250707079235088,0.6711232263283607,2.8854639202447516,0.018714092274221633,14.285014599227654,0.07272325667264479,20.57894181694454,12.33812933496532,3.589075785947885,0.5531075751393989,0.0,0.01120728191695831,0.04056450778095994,0.8594565691530528,0.016914530209447567,45.042084402151424,0.7656421307322975,0.00980392156862746,0.27149584014918443,0.15365906448419886,0.11080401159791298,0.009193970350068519,0.020022195505410154,0.06383139447046382,0.15136433248446216,0.027468595997723506,0.06263949499639339,REIT—Retail,Real Estate,BFS
2015Q3,2015,Q3,2015-11-02,2015-09-30,21626000.0,52376000.0,13238000.0,1.02,40135000.0,0.7662860852,1296950000.0,299068000.0,67880000.0,77030000.0,948953000.0,0.0,-181374000.0,1094926500.0,1955407500.0,14.13498440306267,0.8812151109957159,0.6703442692470797,2.9070412080195807,0.018516339923992712,14.13498440306267,0.07231131381491834,20.90511875668245,12.657524507537223,3.6611289071381763,0.5629797466013132,0.0,0.01111946783642555,0.04038397779405528,0.7758665455017526,0.016674505570762173,67.30140143831828,0.7662860852298763,0.020000000000000018,0.45897551634127315,0.14632343098066605,0.10833789004094065,0.012512929185902773,0.01922895654632859,0.024454418820616004,1.5361367106249229,0.027028005641291097,0.07669381001467339,REIT—Retail,Real Estate,BFS
2015Q2,2015,Q2,2015-08-03,2015-06-30,21218000.0,51711000.0,12922000.0,1.0,39639000.0,0.7665487034,1278043000.0,297847000.0,60461000.0,69014000.0,932222000.0,0.0,-179373000.0,1037810620.0,1879488620.0,14.117309697601668,0.8760686237574985,0.6677334017713019,2.865202604021528,0.01841490194283325,14.117309697601668,0.07123791745426343,20.06943629015103,12.227950560844565,3.4843749307530376,0.5736167405033462,0.0,0.011727573186714933,0.04046107994801427,0.8519720636392616,0.016601945317958784,41.078634420519315,0.7665487033706562,0.02040816326530614,2.2269582203884912,0.11202069163096544,0.12261810774344024,0.027689196546628297,0.029000969932104752,0.018522897454086862,1.4347377848317022,0.008815771110479253,0.08011868445499717,REIT—Retail,Real Estate,BFS
2015Q1,2015,Q1,2015-05-07,2015-03-31,20620000.0,52088000.0,12687000.0,0.98,38571000.0,0.7404968515,1270611000.0,295826000.0,63308000.0,68726000.0,927624000.0,0.0,-177949000.0,1202229600.0,2042960600.0,14.074888191074317,0.9211652067630882,0.6712132981691485,2.8829480843468795,0.017959579871770107,14.074888191074317,0.06970313630309709,23.080740285670405,14.576013579049468,4.063975445025116,0.5564015518913676,0.0,0.009543102249354033,0.04099445070127679,0.8701510345429677,0.016228412944638445,51.83588151597465,0.7404968514821072,0.0,-0.07325748725437302,0.02677773889661396,0.11234569098118606,-0.013554640546277589,-0.0057379815805969426,0.030290726002923502,1.4205978995671684,0.020839321019354023,0.07897929938726997,REIT—Retail,Real Estate,BFS
2014Q4,2014,Q4,2015-03-06,2014-12-31,20739000.0,51264000.0,12314000.0,0.98,39101000.0,0.7627379838,1266987000.0,292536000.0,63005000.0,80889000.0,927730000.0,0.0,-173774000.0,1202019420.0,2047279420.0,13.91835569511847,0.7789068971059105,0.6767141257171542,2.9308803019115595,0.018040965238967185,13.91835569511847,0.07089383870703093,23.447632256554307,14.489843049327353,4.108962384116826,0.12435507980134047,0.0,0.002145556017722243,0.04046134648579662,0.7283066918864123,0.016368755164812267,58.81008953471305,0.7627379837702871,0.020833333333333353,-0.01924002953419446,0.05685445609423212,0.12013824582794431,0.010753522036965233,0.03674265146970606,-0.01322221331837487,1.5452589807361534,0.007556538873489668,0.08097513310110818,REIT—Retail,Real Estate,BFS
2014Q3,2014,Q3,2014-11-03,2014-09-30,20004000.0,50595000.0,12479000.0,0.96,38685000.0,0.7646012452,1258528000.0,291397000.0,66888000.0,69360000.0,919242000.0,0.0,-172268000.0,974014860.0,1807457860.0,13.983252555304958,0.9643598615916955,0.6725833672353734,2.9048514569470516,0.017578930586823895,13.983252555304958,0.06864861340370697,19.251207826860362,12.172751199760048,3.342569964687351,0.5759348130373925,0.0,0.011828361633004242,0.04020172773271632,0.865484429065744,0.01589475959215846,41.65304738282586,0.7646012451823303,-0.3806451612903226,-0.07406956486874865,0.07863779319847101,0.12819424025755916,-0.046321861749334385,-0.37896991710906214,-0.13478471885183388,93.4582003694995,0.06978654219877464,0.06840939267754506,REIT—Retail,Real Estate,BFS
2014Q2,2014,Q2,2014-08-04,2014-06-30,32211000.0,52286000.0,14423000.0,1.55,40564000.0,0.7758099683,1227428000.0,288356000.0,67577000.0,39053000.0,890773000.0,0.0,-171095000.0,1006846200.0,1805162200.0,13.918810638605976,1.7303920313420225,0.6681817589300554,2.8442099349415306,0.02045716060186822,13.918810638605976,0.11170566938090416,19.256516084611558,7.814459346186085,3.4916776484623173,0.3564310328769675,0.0,0.011402933238462835,0.04259801796928211,1.6885514557140298,0.026242679815027845,53.498735387885226,0.7758099682515396,0.6145833333333335,0.8733989274093196,0.14499105485240674,0.12138628652582097,0.01641233806910722,0.6269003485024496,0.1345079839534335,3.5613918121918764,0.10736857992857679,0.07094985688193456,REIT—Retail,Real Estate,BFS
2014Q1,2014,Q1,2014-05-07,2014-03-31,19799000.0,52947000.0,12713000.0,0.96,39909000.0,0.7537537538,1204597000.0,278249000.0,62489000.0,37563000.0,884188000.0,0.0,-175308000.0,976705280.0,1775989280.0,13.492168937593949,1.6635785214173522,0.6762718153872208,2.9277194167813723,0.018119137305060713,13.492168937593949,0.07115569148496491,18.446848357791755,12.332760240416183,3.510184331300382,0.53608768119602,0.0,0.010867147150059433,0.04395411909543192,1.573330138700317,0.01643620231496509,40.82362716823406,0.7537537537537538,0.02127659574468087,-0.043541440173603604,0.15596294282162038,0.07485515355619289,0.04819561905762462,0.020672234250953707,0.04111047416264024,0.021933503634034415,0.14549672605094494,0.03656860367756064,REIT—Retail,Real Estate,BFS
2013Q4,2013,Q4,2014-03-10,2013-12-31,19398000.0,50146000.0,12211000.0,0.94,38074000.0,0.7592629522,1198675000.0,276678000.0,65228000.0,33276000.0,883549000.0,0.0,-173956000.0,981090149.9999999,1783861150.0,13.460374604719046,1.9602115638898907,0.6841454105574906,2.963979788779737,0.01774062147769308,13.460374604719046,0.0701103810205365,19.564674151477682,12.64421783173523,3.545963719558476,0.23203423033302403,0.0,0.00458775373496513,0.041834525622041006,1.8385923788916938,0.01618286858406157,60.32651724774026,0.7592629521796355,0.0,-0.12234539157428953,0.07455254063855109,0.06943310593246206,0.0008937960042060989,0.006120331950207469,0.012688671421462929,0.15504900378868183,0.12968150814524693,0.046679931943575836,REIT—Retail,Real Estate,BFS
2013Q3,2013,Q3,2013-11-01,2013-09-30,19280000.0,49756000.0,12058000.0,0.94,38040000.0,0.7645309108,1199172000.0,274216000.0,63663000.0,35081000.0,890573000.0,0.0,-173716000.0,945905000.0,1759629000.0,13.407784079796597,1.8147430232889599,0.6883249442115059,3.0101088193249117,0.018371030005058974,13.407784079796597,0.07030953700732269,19.010873060535413,12.265365663900415,3.4494887242174053,0.546265560165975,0.0,0.011134310528012855,0.041491962787656815,1.602690915310282,0.016077760321288357,65.68328588292479,0.7645309108449232,0.06818181818181812,0.7657834525687325,0.05958633536434638,0.06558653314925122,0.01888308557653676,0.07805859986580184,0.5637401115289846,0.34560522100002183,0.1265724578261907,0.05131740463091256,REIT—Retail,Real Estate,BFS
2013Q2,2013,Q2,2013-08-01,2013-06-30,17884000.0,48809000.0,7711000.0,0.88,37335000.0,0.764920404,1191610000.0,268060000.0,56315000.0,35598000.0,888783000.0,0.0,-172515000.0,911717909.9999999,1724996910.0,13.204275651445741,1.5819708972414182,0.6933677965106033,3.0822353204506454,0.01623572462650831,13.204275651445741,0.06671640677460271,18.679299104673316,12.744882436815029,3.401171043796165,0.523093267725341,0.0,0.010260849213766132,0.04096054917296767,1.535086240800045,0.015008266127340322,49.64972553504329,0.7649204040238481,-0.06382978723404249,0.5332297702450348,0.06727699868629047,0.042459764802322546,-0.0037092384052943373,-0.05858819813654788,5.997277676950998,1.82668500794056,0.09082152369580508,0.050013016889972985,REIT—Retail,Real Estate,BFS
2013Q1,2013,Q1,2013-05-03,2013-03-31,18997000.0,49186000.0,1102000.0,0.94,37474000.0,0.7618834628,1194332000.0,263933000.0,53597000.0,62340000.0,894760000.0,0.0,-164672000.0,885819620.0,1705323620.0,13.101012607961879,0.8597529675970484,0.693262844837114,3.1371067657322125,0.005642256424101458,13.101012607961879,0.07197660012200066,18.00958850079291,11.65736195188714,3.356229118753623,0.6992156656314155,0.0,0.014995152173305893,0.04118285367887656,0.7945460378569137,0.015905962496190338,56.49359821428571,0.76188346277396,0.04444444444444436,0.8350145743302805,0.12023463928445527,0.033104568458408756,0.02404765808602503,0.05726847729296527,-0.8795496775603892,-0.10924553932224555,0.011539451520032655,0.03537980011791914,REIT—Retail,Real Estate,BFS
2012Q4,2012,Q4,2013-03-13,2012-12-31,17968000.0,48287000.0,9149000.0,0.9,36594000.0,0.7578437261,1207309000.0,267703000.0,57434000.0,78924000.0,900020000.0,0.0,-158383000.0,852120060.0,1667763060.0,13.4429547052325,0.7277127363032792,0.6856372312307786,3.0921431586496975,0.018622674257422422,13.4429547052325,0.0671191581715558,17.646986973719635,11.856078305877116,3.183079980426069,0.6069679430097952,0.0,0.012798665953246073,0.03999556037435321,0.6783614616593179,0.014882685377148683,43.77254122360918,0.7578437260546317,3.285714285714286,0.7097030540949965,0.09852186289734345,0.5886701154380015,0.02095248723600145,1.260694514343231,-0.552243919150394,-0.10317533471314812,0.05066871770489222,0.08187835058309835,REIT—Retail,Real Estate,BFS
2012Q3,2012,Q3,2012-11-02,2012-09-30,7948000.0,47534000.0,20433000.0,0.21,35843000.0,0.7540497328,1200447000.0,258900000.0,107177000.0,73566000.0,901529000.0,0.0,-153312000.0,882711960.0,1677176960.0,13.12813751838142,1.456882255389718,0.6897122488539685,3.1980030899961376,0.018474116603592317,13.12813751838142,0.030699111626110467,18.57011738965793,27.765222697533968,3.4094706836616453,1.3651233014594866,0.0,0.012291665335541619,0.039596916815153024,1.025120300138651,0.0066208670603533516,111.17279093198992,0.7540497328228215,-0.0454545454545455,-0.25986973812531866,0.12064151972683751,0.5621537904791841,0.0031064591962386657,-0.01621487807897017,-0.07934576912679102,-0.611252764517223,0.07082952268948084,0.05920200432395554,REIT—Retail,Real Estate,BFS
2012Q2,2012,Q2,2012-08-06,2012-06-30,8079000.0,47520000.0,22194000.0,0.22,35732000.0,0.7519360269,1201070000.0,255639000.0,103433000.0,40047000.0,904298000.0,0.0,-150351000.0,838494330.0,1634338330.0,13.070146735518176,2.5827902214897493,0.6936273489471888,3.2588728636866833,0.01709632709134506,13.070146735518176,0.03160315914238438,17.6450827020202,25.94672391385072,3.2799937802917394,1.3354375541527417,0.0,0.01286711145679423,0.03956472145670111,1.895822408669813,0.006726502202203035,32.700036268621794,0.7519360269360269,-0.7924528301886793,-0.5802377529742107,0.14876683265055884,0.604571025352725,0.01745493892195108,0.027339776195320447,0.004389736163280083,-0.5023043018716323,0.1022327899495838,0.053012623897456326,REIT—Retail,Real Estate,BFS
2012Q1,2012,Q1,2012-05-03,2012-03-31,7864000.0,47104000.0,22097000.0,1.06,35119000.0,0.7455630095,1185476000.0,253105000.0,77625000.0,40823000.0,889880000.0,0.0,-147585000.0,783105080.0,1590406080.0,13.04463227335979,1.9015016044876663,0.6902670319770287,3.233025819323996,0.0192596616432387,13.04463227335979,0.031070109243199463,16.625022927989132,24.895253051881994,3.093992927836273,1.3644455747711088,0.0,0.013701864888936745,0.039734250208355124,1.1943512235749454,0.006633622274934288,46.162761141240274,0.7455630095108695,1.717948717948718,-0.1949921471915956,0.16642586133383877,0.6778563067550172,-0.009448863315845884,0.04546663121510237,0.027385159010600707,-0.5962157586886554,0.09305823503919343,0.03920209494253339,REIT—Retail,Real Estate,BFS
2011Q4,2011,Q4,2012-03-12,2011-12-31,7522000.0,46970000.0,21508000.0,0.39,35454000.0,0.754822227,1192569000.0,249828000.0,81161000.0,67492000.0,899363000.0,0.0,-144659000.0,687254260.0,1506802260.0,12.87574086481472,1.202527706987495,0.6975453831182934,3.329774885120963,0.01712036655354331,12.87574086481472,0.030108714795779496,14.631770491803278,22.841473677213507,2.750909665850105,1.416112735974475,0.0,0.015499358272439081,0.03938556175785217,0.7618236235405678,0.006307391857410347,-4.347894297318842,0.7548222269533745,37.613861386138616,-0.6016459123828379,0.18840879598981458,0.7180821258999763,0.11803475134811264,38.177083333333336,-0.04671571669178264,-0.6394640224063255,0.0662536150494876,0.022983679771647933,REIT—Retail,Real Estate,BFS
2011Q3,2011,Q3,2011-11-08,2011-09-30,192000.0,42878000.0,22562000.0,0.0101,31711000.0,0.7395634125,1196525000.0,247270000.0,79707000.0,46263000.0,904581000.0,0.0,-141472000.0,638772330.0,1461343330.0,13.087916159424125,1.7229103171000584,0.6970334928229666,3.37290411291301,0.0006677074008034869,13.087916159424125,0.000776479152343592,14.897437613694668,831.7348046875002,2.5832989444736523,54.984375,0.0,0.016527015188651017,0.03583544012870604,1.056005879428485,0.00016046467896617286,52.00458601318896,0.7395634124725967,-0.9278571428571428,-0.9791354580972079,0.11221893472066719,0.8770873155387297,-0.002108376864497451,-0.9699906220693967,0.16521200227237515,-0.9809644030242718,-0.011537337574629358,0.0401649611499702,REIT—Retail,Real Estate,BFS
2011Q2,2011,Q2,2011-08-08,2011-06-30,6398000.0,42779000.0,19363000.0,0.14,31778000.0,0.7428411136,1031961000.0,243948000.0,77062000.0,57298000.0,790160000.0,0.0,-136302000.0,738974900.0,1450733900.0,12.996696856686201,1.3449335055324794,0.7101644345086684,3.0041730204797745,0.01484413417016075,12.996696856686201,0.026226900814927772,17.274244372238716,28.875230540793993,3.0292312296063093,1.6434823382306971,0.0,0.014229170706609928,0.041454085958674794,1.0091800760934064,0.006199846699633029,72.63366424218596,0.7428411136305196,-0.8494623655913979,-0.25462158478094477,0.15144367520364208,0.9554684204597576,0.05260019874130507,-0.6350048491071938,0.03137317566847768,-0.4067469545177815,0.011721610899253134,0.026071698748938804,REIT—Retail,Real Estate,BFS
2011Q1,2011,Q1,2011-05-03,2011-03-31,17529000.0,41820000.0,18774000.0,0.93,30190000.0,0.7219033955,1043333000.0,242869000.0,90819000.0,774668000.0,801405000.0,0.0,-132144000.0,831258450.0,1520284450.0,13.016185218929204,0.11723602885365085,1.3842790365108744,5.946679073904039,0.010430929924467534,13.016185218929204,0.07217471146996941,19.87705523672884,11.855474499400993,3.422661805335386,0.597752296194877,0.0,0.012604984647073363,0.04008307989874757,0.09020251256021934,0.01680096383417375,87.00632719279882,0.7219033955045433,0.14814814814814814,1.046031755020776,0.12410746665451369,0.9373647328962955,0.010713090056913292,0.14981961298786486,-0.056962025316455694,0.8281511548681949,0.028376125212767292,0.026415347879627182,REIT—Retail,Real Estate,BFS
2010Q4,2010,Q4,2011-03-04,2010-12-31,15245000.0,40295000.0,19908000.0,0.81,29870000.0,0.7412830376,1013888000.0,239956000.0,68803000.0,35959000.0,774075000.0,0.0,-128926000.0,883503650.0,1581924650.0,12.860067527734605,1.9133735643371617,0.7016445603459159,2.964664355131774,0.01701618019489712,12.860067527734605,0.06353248095484172,21.925887827273854,14.488416693998033,3.6819402307089635,0.6817317153164972,0.0,0.011763392262159868,0.039743048541850776,1.3733696710142107,0.015036177565963893,-28.99299872017852,0.7412830375977169,-0.352,-0.06362677534857203,0.10601826358934889,0.9374586166269814,0.00775978407557355,0.18813810303172004,0.12716566640244592,0.548169528729067,-0.021637543628560945,0.5197853010599189,REIT—Retail,Real Estate,BFS
2010Q3,2010,Q3,2010-11-05,2010-09-30,12831000.0,39551000.0,17662000.0,1.25,29640000.0,0.7494121514,970464000.0,233577000.0,55161000.0,130845000.0,736869000.0,0.0,-126166000.0,768314250.0,1335336250.0,12.753316953316954,0.4215751461653101,0.5974018613776503,2.48208085556369,0.02618494144839225,12.753316953316954,0.05493263463440322,19.425912113473743,14.969882511105917,3.2893403460100954,0.806796040838594,0.0,0.013473653521329326,0.04075473175718007,0.38447781726470254,0.013221510535166682,-81.79647077610987,0.7494121513994589,1.2727272727272725,0.4920560638795619,0.08888250837179176,0.9629745004178258,-0.031688990525971905,1.2617662612374405,-0.26661960719179506,0.28656821636871516,0.0040187559101643585,0.5175528434183252,REIT—Retail,Real Estate,BFS
2010Q2,2010,Q2,2010-08-06,2010-06-30,5673000.0,40121000.0,24083000.0,0.55,30610000.0,0.7629421001,962090000.0,228909000.0,97017000.0,65894000.0,733135000.0,0.0,-128604000.0,739587890.0,1377999890.0,12.575344723397242,1.4723191792879473,0.6935328295689592,2.914874469767462,0.013819387585627667,12.575344723397242,0.024782773940736275,18.433934597841528,32.59245064339856,3.230925345879804,1.8175568482284505,0.0,0.013941547907173005,0.04170191977881487,0.9708774698758612,0.005896537745948924,-130.39278737658674,0.7629421001470552,-0.47619047619047616,-0.23814906524889623,0.20385880306233056,0.987433374085825,-0.29870784457478006,-0.7036669452569996,0.13786912355303568,-0.6832896698127969,0.04215155961423993,0.5438261088646852,REIT—Retail,Real Estate,BFS
2010Q1,2010,Q1,2010-05-05,2010-03-31,19144000.0,43648000.0,21165000.0,1.05,43648000.0,1.0,940385000.0,228823000.0,91499000.0,66135000.0,710131000.0,0.0,-123925000.0,748677600.0,1373241600.0,12.6533399690334,1.383518560520148,0.6848216421997373,2.8143849176000666,,12.6533399690334,0.08366291850032558,17.152620967741935,9.776922273297115,3.271863405339498,0.5364605098203092,0.0,0.013717520064711435,0.04641503214109115,0.8774627655553036,0.020357619485636202,3145.704201680672,1.0,0.050000000000000044,1.6368148102936007,0.31120260349543855,1.0311426492477798,0.4038789360265028,0.05221501593932065,0.0260325770796975,1.1026340011855627,0.15967978190004942,0.6275266196591587,REIT—Retail,Real Estate,BFS
2009Q4,2009,Q4,2010-03-16,2009-12-31,18194000.0,41735000.0,20628000.0,1.0,31091000.0,0.7449622619,925574000.0,224704000.0,90660000.0,123442000.0,699511000.0,0.0,-124167000.0,592431840.0,1147893840.0,12.425569564255696,0.7344339851914259,0.6223910784010787,2.5636793292509257,0.02296660109287057,12.425569564255696,0.08096874109940189,14.195084221876122,8.140483675937121,2.6364988607234405,0.56238320325382,0.0,0.017271185154396834,0.04509093816377729,0.47074739553798545,0.019656991229226404,-167.49557251908396,0.7449622618904996,-0.029126213592233035,1.6596714394766907,0.28502679569623757,1.0262482767996628,0.014918064895214467,-0.019138498032238934,0.01660834852890444,0.03380475300086549,0.13297440943707967,0.6580132511684923,REIT—Retail,Real Estate,BFS
2009Q3,2009,Q3,2009-11-09,2009-09-30,18549000.0,40273000.0,20291000.0,1.03,30634000.0,0.7606585057,904715000.0,221760000.0,87902000.0,63489000.0,681417000.0,0.0,-123541000.0,574333200.0,1129670200.0,12.394366197183098,1.3845233032493818,0.6296281149312214,2.5686958874458874,,12.394366197183098,0.08364448051948052,14.260998683981825,7.74075691411936,2.589886363636364,0.5800312685319964,0.0,0.018733028144637988,0.0445145708869644,0.8050528437997133,0.02050258921317763,-94.94680112415276,0.760658505698607,0.24096385542168683,1.2873070956671364,0.25760486023033496,1.0341107026271221,0.030788384535145867,0.2498483929654336,-0.03449752569470879,1.128482880457846,0.10309211845305276,0.7776174059704611,REIT—Retail,Real Estate,BFS
2009Q2,2009,Q2,2009-08-10,2009-06-30,14841000.0,39416000.0,21016000.0,0.83,29719000.0,0.753983154,905451000.0,221954000.0,73924000.0,36964000.0,681750000.0,0.0,-122920000.0,528770740.0,1111813740.0,12.412146292361033,1.9998917866031816,0.6861287910665513,2.7990304297286825,0.019110051746060924,12.412146292361033,0.06686520630400894,13.415129389080576,8.907262650764775,2.3823438189895203,0.7246816252274105,0.0,0.02033962771843238,0.04353189736385514,1.9591223893518017,0.016390726831159278,-104.8316296590008,0.7539831540491171,-0.17000000000000004,1.0958543501121272,0.2546641516454878,1.0478446872987783,0.0048350013524479304,-0.1726041144004014,0.0643168236604882,0.8148633216452655,0.11360917805804148,0.8675175987006319,REIT—Retail,Real Estate,BFS
2009Q1,2009,Q1,2009-05-11,2009-03-31,17937000.0,39689000.0,19746000.0,1.0,29576000.0,0.7451938824,872200000.0,224314000.0,57256000.0,60785000.0,645222000.0,0.0,-119879000.0,410473900.0,974649900.0,12.552546166759933,0.9419429135477503,0.6700722311396469,2.605441479354833,,12.552546166759933,0.07996380074360049,10.342258560306382,5.721050064113285,1.82990762948367,0.5994313430339522,0.0,0.026194113681771238,0.04550447145150195,0.8995640371802254,0.02056523733088741,139.90248807089299,0.7451938824359394,-0.0654205607476636,0.2954690393329624,0.34438211219997067,1.1239877895926818,-0.27100638387025217,-0.06651053864168618,-0.025081465389552682,1.186094084760335,0.11392967290030989,0.8683554238431392,REIT—Retail,Real Estate,BFS
2008Q4,2008,Q4,2009-03-16,2008-12-31,19215000.0,40571000.0,20254000.0,1.07,40571000.0,1.0,853873000.0,224920000.0,53482000.0,58491000.0,625986000.0,0.0,-118865000.0,705865000.0,1260354000.0,12.586457750419697,0.914362893436597,0.6646128873966035,2.5230971011915346,,12.586457750419697,0.08543037524453138,17.398264770402506,9.183775696070779,3.1382936155077363,0.6328389279208951,0.0,0.01722709016596658,0.04751409167405457,0.8633977876938332,0.02250334651640232,384.2487751769189,1.0,2.34375,0.4333680687752822,0.38540818949535016,1.166208680201773,-0.009182601900017096,1.0181703602562755,6.293482175009003,0.23232641853048092,0.16276155217623908,0.8962374006801052,REIT—Retail,Real Estate,BFS
2008Q3,2008,Q3,2008-11-10,2008-09-30,9521000.0,40947000.0,2777000.0,0.32,40947000.0,1.0,855640000.0,224397000.0,60958000.0,613577000.0,628299000.0,0.0,-118925000.0,901330360.0,1443873360.0,12.582538970505775,0.09934857401760497,0.6634565938946286,2.529802091828322,,12.582538970505775,0.04242926598840448,22.012122011380566,23.666903686587542,4.016677406560694,1.2875748345762,0.0,0.013601006405686811,0.04785540647936048,0.09934857401760497,0.0111273432752092,-1054.1875555555555,1.0,-0.11111111111111106,0.6683371649657958,0.4583405426170872,36.1666696333952,0.020994888417903004,-0.06921497702610226,-0.7719096509240246,0.13701282377541754,0.1577207092978844,0.9366885681604965,REIT—Retail,Real Estate,BFS
2008Q2,2008,Q2,2008-08-08,2008-06-30,10229000.0,40105000.0,12175000.0,0.36,40105000.0,1.0,852039000.0,225501000.0,70051000.0,607988000.0,622791000.0,0.0,-116270000.0,836562970.0,1364792970.0,12.666460708869291,0.11521773456055054,0.6633428751500812,2.5063924328495215,,12.666460708869291,0.04536121791034186,20.859318538835556,20.44586396519699,3.709797162762028,1.0124156809072244,0.0,0.012379223526950995,0.04706944165701335,0.11521773456055054,0.012005319005350694,4892.181111111111,1.0,-0.07692307692307698,1.2098695884420063,0.49067526508910275,25.016007967806054,0.03571613036516709,0.1203723986856517,0.07953537861322929,0.40455961483338576,0.2304163731509901,1.0018335320475344,REIT—Retail,Real Estate,BFS
2008Q1,2008,Q1,2008-05-09,2008-03-31,9130000.0,38722000.0,11278000.0,0.39,38722000.0,1.0,839756000.0,225307000.0,66998000.0,18059000.0,610102000.0,0.0,-114339000.0,892614080.0,1417984080.0,12.681206731581021,3.7099507170939696,0.6601643810821238,2.4605405069527357,0.012567624405978741,12.681206731581021,0.04052248709538541,23.05185889158618,24.44178751369113,3.9617680764468037,1.1328587075575027,0.0,0.011587314419239275,0.04611101319907211,3.7099507170939696,0.010872205735951872,-20.3065286530018,1.0,-0.23529411764705882,0.7719794780791652,0.42277299443485145,20.61566292708008,-0.0022674568410203555,-0.016057764845349716,-0.017510236083282515,0.2799650679109234,0.18397799519804528,1.0356158847765378,REIT—Retail,Real Estate,BFS
2007Q4,2007,Q4,2008-02-28,2007-12-31,9279000.0,38810000.0,11479000.0,0.51,38810000.0,1.0,727443000.0,148779000.0,39732000.0,272000.0,573919000.0,0.0,-113017000.0,939432975.0,1458393975.0,8.46176596047206,146.0735294117647,0.7213293687615387,3.5268821540674424,,8.46176596047206,0.06236767285705644,24.205951430043804,25.31072785321694,6.314284778093683,1.1135898264899236,0.0,0.010999188100673173,0.05335125913645468,146.0735294117647,0.012755638586116025,81.71113986257285,1.0,0.186046511627907,0.5625413988974483,0.4034582538923095,10.938769855765406,0.020939653811753566,-0.03584788029925187,-0.039896286383405824,0.3951305419784026,0.229049235387646,0.37986742639234483,REIT—Retail,Real Estate,BFS
2007Q3,2007,Q3,2007-11-09,2007-09-30,9624000.0,38014000.0,11956000.0,0.43,38014000.0,1.0,725023000.0,148530000.0,39995000.0,2233000.0,571402000.0,0.0,-111952000.0,931066320.0,1452627320.0,8.403870091660066,17.910882221227048,0.7290858358976198,3.5589039251329697,,8.403870091660066,0.06479499091092708,24.49272162887357,24.1860536159601,6.268540496869319,1.0112219451371571,0.0,0.010452531458768694,0.052431440106038014,17.910882221227048,0.013274061650457986,-314.0189949409781,1.0,-0.5567010309278351,1.2688695258571914,0.33104662124561607,7.921815315075841,0.025271731801386303,-0.44211929743203293,0.07935361559989167,0.20138893914230438,0.20170490607976188,0.3792074419116974,REIT—Retail,Real Estate,BFS
2007Q2,2007,Q2,2007-08-09,2007-06-30,17251000.0,37077000.0,11077000.0,0.97,37077000.0,1.0,706867000.0,142800000.0,41993000.0,2914000.0,558762000.0,0.0,-111246000.0,795030850.0,1303840850.0,8.145570703325538,14.410775566231983,0.7361285786435072,3.643872549019608,,8.145570703325538,0.12080532212885155,21.44269628071311,11.52151831777868,5.567442927170869,0.5610109558866153,0.0,0.012173112527645939,0.05245258301773884,14.410775566231983,0.024404873901313826,58.600342743421535,1.0,1.487179487179487,0.38105990544991514,0.3862673804251608,7.582012348298098,0.010713117435394177,0.9439936894297949,0.00617676446543737,1.4849726275892206,0.20384043916647887,0.3439145250880498,REIT—Retail,Real Estate,BFS
2007Q1,2007,Q1,2007-05-10,2007-03-31,8874000.0,36684000.0,11009000.0,0.39,36684000.0,1.0,701575000.0,137032000.0,40043000.0,7017000.0,559006000.0,0.0,-110440000.0,1002898972.9,1478363972.9,7.77458249603518,5.706569759156334,0.6897224102911307,3.5312335804775525,,7.77458249603518,0.06475859653219686,27.33886634227456,28.25385882634663,7.318720976852122,1.0460897002479153,0.0,0.00925616662379972,0.052288066136906244,5.706569759156334,0.012648683319673592,55.556114164635495,1.0,-0.5979381443298969,0.1708628983687239,0.3221795882605747,6.708137523603262,0.02175305684761719,-0.48265609514370666,0.001911175828176192,-0.35020511742275573,0.2598211232209517,0.31551942302253144,REIT—Retail,Real Estate,BFS
