Quarters,Year,Quarter,FillingDate,Date,NetIncome,Revenue,OperatingIncome,EPSDiluted,GrossProfit,GrossProfitRatio,TotalAssets,CommonStockEquity,CurrentAssets,CurrentLiability,TotalLiability,Inventory,RetainedEarnings,MarketCap,EnterpriseValue,bookValuePerShare,currentRatio,debtToAssets,debtToEquity,roic,shareholdersEquityPerShare,roe,priceToSalesRatio,peRatio,pbRatio,payoutRatio,inventoryTurnover,dividendYield,assetTurnover,quickRatio,returnOnAssets,priceToFreeCashFlowsRatio,grossProfitMargin,epsdilutedGrowth,fiveYNetIncomeGrowthPerShare,fiveYRevenueGrowthPerShare,fiveYShareholdersEquityGrowthPerShare,grossProfitGrowth,netIncomeGrowth,operatingIncomeGrowth,threeYNetIncomeGrowthPerShare,threeYRevenueGrowthPerShare,threeYShareholdersEquityGrowthPerShare,Industry,Sector,Symbol
2023Q1,2023,Q1,2023-05-03,2023-03-31,302529000.0,1094232000.0,583376000.0,1.72,805941000.0,0.7365357621,17507778000.0,10045711000.0,695424000.0,470395000.0,7369730000.0,0.0,-168952000.0,53010765140.0,59214676140.0,57.256504665120175,1.4783830610444413,0.39407256591898754,0.6867940955100141,0.020013498465112252,57.256504665120175,0.030115240225405647,48.44563597116517,43.806350085446354,5.276955024885744,1.9047793765225813,0.0,0.010870452416186348,0.062499764390432644,1.4783830610444413,0.017279691346326186,88.31433040511386,0.7365357620687386,-0.16504854368932043,-0.12582084799237517,0.6188538007199907,0.11983407375153037,-0.027680558822997157,-0.2663473663788922,-0.01127906838793216,-0.17850291913670516,0.5193289806559119,0.10818615048172821,REIT—Industrial,Real Estate,PSA
2022Q4,2022,Q4,2023-02-21,2022-12-31,412360000.0,1088542000.0,590031000.0,2.06,828885000.0,0.7614634989,17552307000.0,10073402000.0,775253000.0,514680000.0,7385506000.0,0.0,-110231000.0,49129915550.0,55225488550.0,57.44904046308706,1.506281573016243,0.39144859989060127,0.682076025557205,0.03604325823778753,57.44904046308706,0.040935525058962204,45.13368850260257,29.78581551920652,4.877191990352415,0.9698224852071006,0.0,0.008139969212709139,0.062017032860694606,1.506281573016243,0.02349320804382011,79.95442532963152,0.7614634988819907,-0.9273624823695346,0.049459330290367164,0.6045779699864029,0.11666299332708734,0.021940872086787022,-0.9175258721675019,0.014866147908109558,0.062387881861219366,0.5088103296078202,0.1053993604344687,REIT—Industrial,Real Estate,PSA
2022Q3,2022,Q3,2022-11-01,2022-09-30,4999871000.0,1088131000.0,581388000.0,28.36,811089000.0,0.7453964642,17450920000.0,10027172000.0,883787000.0,589712000.0,7330163000.0,0.0,-122631000.0,51324615230.0,57181279230.0,57.205616060884395,1.4986756247117237,0.3862518996133155,0.6722185477620211,0.06240183469681885,57.205616060884395,0.4986322165412142,47.16768038958544,2.5662969719618767,5.118553389729428,0.5418297792083036,0.0,0.0527832305777619,0.062353789943452836,1.4986756247117237,0.2865104533170744,64.02819286322003,0.7453964642124892,7.292397660818713,12.892642819505346,0.571180599374507,0.11204815408093755,0.04407952155253422,6.646816548137952,-0.01143151547922076,11.496296419038057,0.4838699145939981,0.13662302555844194,REIT—Industrial,Real Estate,PSA
2022Q2,2022,Q2,2022-08-04,2022-06-30,653850000.0,1032045000.0,588111000.0,3.42,776846000.0,0.7527249296,17862851000.0,9954726000.0,1013886000.0,473599000.0,7814503000.0,0.0,-182213000.0,54788851430.0,61115869430.0,56.80980887866735,2.1408111081315626,0.4109592584072946,0.737429036218576,0.0391115216610197,56.80980887866735,0.0656823703635841,53.08765744710744,20.948555261145522,5.503803060978273,0.6116356962606102,0.0,0.007299258691541437,0.05777605153846942,2.1408111081315626,0.03660389934395131,80.02952263192951,0.7527249296300065,0.09615384615384609,0.8314259107107812,0.5391299112848504,0.07913366411266341,0.09040812086980445,0.19028981285953542,0.14409133884001696,0.7570533939801443,0.4435567335450598,0.12890342503825686,REIT—Industrial,Real Estate,PSA
2022Q1,2022,Q1,2022-05-03,2022-03-31,549320000.0,973445000.0,514042000.0,3.12,712436000.0,0.7318708299,17698781000.0,9698712000.0,940524000.0,453971000.0,7895694000.0,0.0,-436101000.0,68365347599.99999,74866546600.0,55.36742592909745,2.0717711043216416,0.4204652851515593,0.7672898215763083,0.03190834340111337,55.36742592909745,0.05663844848676814,70.23031357703825,31.1136257554795,7.048909958353232,0.7274157139736401,0.0,0.0058448324191655255,0.05500068055534446,2.0717711043216416,0.031037165779948347,122.80641288180895,0.731870829887667,-0.07142857142857137,0.587587151304448,0.4923914092301415,0.025119247834952837,0.03632933359128736,-0.07244712735868969,-0.2085622259447209,0.49024483283189546,0.4047509070954085,0.06327700911102954,REIT—Industrial,Real Estate,PSA
2021Q4,2021,Q4,2022-02-22,2021-12-31,592225000.0,924316000.0,649504000.0,3.36,687461000.0,0.7437510548,17380908000.0,9335177000.0,734599000.0,482091000.0,7957370000.0,0.0,-550416000.0,65574593760.0,72315273760.0,53.3222349789514,1.5237766313828718,0.43008564339676614,0.8007645703986116,0.03678624184120962,53.3222349789514,0.0634401468767009,70.94391286096962,27.681452893748155,7.024461749359439,0.6737506859723923,0.0,0.006084856605598894,0.053179960448556544,1.5237766313828718,0.03407330618170236,104.46804804843077,0.7437510548340611,0.33333333333333326,0.4160183324321053,0.4036644975096566,-0.018809372804819362,0.044460852905740984,0.20839803220218286,0.4830111219440912,0.004521900466247693,0.32723544316698433,0.01782887726259821,REIT—Industrial,Real Estate,PSA
2021Q3,2021,Q3,2021-11-01,2021-09-30,490091000.0,894931000.0,437963000.0,2.52,658197000.0,0.7354723436778925,15284686000.0,9017354000.0,958247000.0,474198000.0,6247388000.0,0.0,-771114000.0,51970514600.00001,56785457600.00001,51.54953523204098,2.0207740226656377,0.3777107360923214,0.640231047821789,0.02961101363141207,51.54953523204098,0.05434975714605415,58.072091144456955,26.510645267919635,5.7633885283864865,0.8109983656096521,0.0,0.007647855770895137,0.05855082662476677,2.0207740226656377,0.0320641850280732,85.78738837185503,0.7354723436778925,0.27918781725888325,0.3204217225942705,0.3354937546276431,-0.01501371079120993,0.07772350748040456,0.19410320008966295,0.06752286958789648,0.28939620400254046,0.2600593909913433,0.008233686647424873,REIT—Industrial,Real Estate,PSA
2021Q2,2021,Q2,2021-08-03,2021-06-30,410426000.0,829315000.0,410261000.0,1.97,610729000.0,0.7364258454266472,14490365000.0,8743584000.0,480810000.0,406642000.0,5727262000.0,0.0,-863742000.0,52567828560.0,57082638560.0,50.01363657163776,1.1823913909532218,0.34475460072951924,0.5713469442279047,0.029860609100789245,50.01363657163776,0.04694024784344726,63.38704661075707,32.02028414379206,6.012160294908815,0.9654286034510484,0.0,0.007537633013464538,0.057232167719722726,1.1823913909532218,0.02832406223031649,92.67952849083215,0.7364258454266472,-0.1085972850678733,0.13931830576000476,0.29468733142496845,-0.009275003164421635,0.13341647505098925,-0.052212749055505776,0.1016498123016278,0.011218106828018435,0.20357389836657527,-0.022126625043520663,REIT—Industrial,Real Estate,PSA
2021Q1,2021,Q1,2021-04-28,2021-03-31,433036000.0,767262000.0,372406000.0,2.21,538839000.0,0.7022881362559334,11981735000.0,8597947000.0,159622000.0,368309000.0,3364420000.0,0.0,-877931000.0,43087010360.0,45923499360.0,49.240580490347114,0.4333915272230654,0.2500565235335283,0.34846818664967344,0.032120418924935515,49.240580490347114,0.05036504644655288,56.15684128759146,24.874958640852032,5.011313789210377,0.9148800561616124,0.0,0.00919478972177173,0.06403596807974805,0.4333915272230654,0.036141343469873105,91.16802266557485,0.7022881362559334,0.3233532934131737,0.3580890841011423,0.24239849390793186,-0.05871276906942093,-0.026522980199450787,0.2327830396820652,-0.04891958085713337,0.2573080144585472,0.14058106058667838,-0.03694296103291828,REIT—Industrial,Real Estate,PSA
2020Q4,2020,Q4,2021-02-24,2020-12-31,351267000.0,759044000.0,391561000.0,1.67,553520000.0,0.7292330879369312,11816546000.0,8558867000.0,257560000.0,394655000.0,3239647000.0,0.0,-914791000.0,40304674760.0,42592106760.0,49.038955606994705,0.6526206433467205,0.2153752881764265,0.29735150692258683,0.035263506137821095,49.038955606994705,0.041041296704341826,53.099260069245,28.68521292919631,4.709113339417472,1.1333487062547862,0.0,0.009877464645741258,0.06423569120790458,0.6526206433467205,0.02972670694126693,84.75684076604568,0.7292330879369312,0.1843971631205674,-0.042790420510641025,0.23389027935897172,-0.07555998228799675,0.07857426792102823,0.08126402497021858,0.1074340663225624,-0.10185851938744532,0.12408954245892535,-0.046807631314121,REIT—Industrial,Real Estate,PSA
2020Q3,2020,Q3,2020-11-04,2020-09-30,324867000.0,730657000.0,353575000.0,1.41,513196000.0,0.7023760807054473,11385148000.0,8434127000.0,293955000.0,433524000.0,2933094000.0,0.0,-867950000.0,38865308160.0,41070923160.0,48.33227508982654,0.6780593461953663,0.21954655310585333,0.2963638086075773,0.03233810119303654,48.33227508982654,0.038518153686801254,53.19227511677846,29.908630424142803,4.6081008929554885,1.2427485709536519,0.0,0.010387875951939964,0.06417632866959656,0.6780593461953663,0.02853427992328251,78.4872332485157,0.7023760807054473,0.0,-0.05278887421635948,0.16890889808578322,-0.08759748294936526,0.06102820471470689,0.03157597253931913,0.08536495521325123,-0.0932896593526718,0.05973035410169687,-0.06044509268164423,REIT—Industrial,Real Estate,PSA
2020Q2,2020,Q2,2020-08-05,2020-06-30,314923000.0,709285000.0,325766000.0,1.41,483678000.0,0.6819233453407304,12358055000.0,8992691000.0,1268475000.0,394986000.0,3347857000.0,0.0,-789089000.0,33483461769.999996,34672857770.0,51.53611319651791,3.211442937218028,0.19888817455497648,0.27331874296581526,0.02844978263948966,51.53611319651791,0.0350198844817419,47.20734510105246,26.580673505904617,3.723408462494708,1.2789983583288613,0.0,0.012029401343468077,0.057394549546834026,3.211442937218028,0.02548321722148024,67.40573487402993,0.6819233453407304,-0.21229050279329614,-0.045483758503007,0.1840557619659422,-0.0412464807680684,-0.027219777479224154,-0.13992123575743673,-0.04256307164186123,-0.11418388009998529,0.06224670532854853,-0.0210430950988975,REIT—Industrial,Real Estate,PSA
2020Q1,2020,Q1,2020-04-30,2020-03-31,366156000.0,716082000.0,340248000.0,1.79,497212000.0,0.6943506469929421,11825921000.0,9013078000.0,718427000.0,357045000.0,2795713000.0,0.0,-701226000.0,34646720060.0,36366961060.0,51.66686539100925,2.0121469282583426,0.2062137908751462,0.27056994292072034,0.02971145186070316,51.66686539100925,0.04062496740847023,48.38373267307375,23.655709629229076,3.8440497308466655,1.0973656037317427,0.0,0.011597259403030486,0.0605519012007606,2.0121469282583426,0.030962155082889527,85.45335275227774,0.6943506469929421,-0.042780748663101636,0.2850880433537315,0.2437362843579989,-0.03926832355217255,-0.08754209372103906,-0.05144618732432678,-0.12694690061120492,0.06261767005839994,0.10238372541880457,-0.043396052844377836,REIT—Industrial,Real Estate,PSA
2019Q4,2019,Q4,2020-02-25,2019-12-31,386015000.0,717499000.0,389722000.0,1.87,544915000.0,0.7594644731212169,11365444000.0,9062911000.0,409743000.0,383284000.0,2285777000.0,0.0,-665575000.0,37136603680.0,38629353680.0,51.97129880779663,1.0690323624257732,0.16739275649943813,0.2099207418013925,0.03554105256860577,51.97129880779663,0.042592826962551,51.7584047922018,24.051269821120943,4.097646294882517,1.0397730658135047,0.0,0.010807881179941007,0.06312986980535032,1.0690323624257732,0.033963917291748566,83.86407015055813,0.7594644731212169,-0.031088082901554317,0.10090617584216173,0.25317247616367444,-0.05476091473504927,0.053843357043672664,-0.029971704419236973,0.050653352492229055,-0.07339126892269636,0.09389141146706387,-0.04366815656733885,REIT—Industrial,Real Estate,PSA
2019Q3,2019,Q3,2019-10-30,2019-09-30,397942000.0,729336000.0,370933000.0,1.93,517074000.0,0.7089654151173121,11413861000.0,8774135000.0,541357000.0,444962000.0,2624897000.0,0.0,-650222000.0,42758900180.0,44109978180.0,50.32945380706001,1.21663647682274,0.16580147594227757,0.21568336935777715,0.034775283901010354,50.32945380706001,0.04535398646134348,58.627162487522895,26.86252027933719,4.873289524266495,1.0046011730352664,0.0,0.009349468726208945,0.0638991485878442,1.21663647682274,0.034864801665273476,86.67245074887653,0.7089654151173121,0.09659090909090905,0.34082496528300293,0.2616480259555887,-0.06375048553181856,0.027542953892379783,0.07535616231056921,0.02725628719630232,0.07579118630179954,0.09207440979631568,-0.03832650051695729,REIT—Industrial,Real Estate,PSA
2019Q2,2019,Q2,2019-07-30,2019-06-30,370056000.0,710950000.0,361091000.0,1.76,503214000.0,0.7078050495815458,11113291000.0,8768934000.0,360331000.0,410671000.0,2318781000.0,0.0,-648391000.0,41202121850.0,42749900850.0,50.32300161259777,0.8774201246253084,0.17169621491959491,0.21759885523143407,0.03381937922143994,50.32300161259777,0.042200796584852845,57.95361396722695,27.835058646529173,4.698646591478508,1.0893432345374754,0.0,0.009783913592304471,0.06397294914710683,0.8774201246253084,0.03329850716587913,81.7194348360737,0.7078050495815458,0.01734104046242776,0.3216232288761432,0.30643124048523157,-0.06628700698662018,0.03790346033821676,0.009644740683344201,0.05153861610457988,0.030619723321562417,0.11353846964745566,-0.003146760944179739,REIT—Industrial,Real Estate,PSA
2019Q1,2019,Q1,2019-05-01,2019-03-31,366521000.0,689038000.0,343393000.0,1.73,484837000.0,0.7036433404253466,10875016000.0,9069821000.0,217973000.0,374245000.0,1780395000.0,0.0,-615329000.0,38024580870.0,39212757870.0,52.07243780751764,0.582433967053668,0.12930095918939338,0.1550361357737931,0.0327791094496157,52.07243780751764,0.04041105111115203,55.18502734246878,25.936154319943466,4.192429031399848,1.1035929728446665,0.0,0.010637592597874702,0.0633597228730514,0.582433967053668,0.0337030308737017,86.4228410415857,0.7036433404253466,-0.430921052631579,0.5922399491586495,0.30877293745527434,-0.0024102585529881884,-0.08879955495916074,-0.3747562712702894,-0.10170036884924268,0.15234868971116164,0.11851340631829357,-0.004578737627762953,REIT—Industrial,Real Estate,PSA
2018Q4,2018,Q4,2019-02-27,2018-12-31,586205000.0,692460000.0,382270000.0,3.04,532086000.0,0.7683996187505415,10928270000.0,9119478000.0,361218000.0,371259000.0,1783542000.0,0.0,-577360000.0,35234520750.0,36285585750.0,52.388211977595866,0.9729541910095109,0.1292320742441393,0.15486445605768226,0.03629687380866315,52.388211977595866,0.06428054325039219,50.88311346503769,15.026535405702782,3.8636554361993087,0.6879521669040694,0.0,0.011445621833809106,0.06336410063074942,0.9729541910095109,0.05364115271676121,99.6958880368966,0.7683996187505415,0.6432432432432432,0.9504266424727301,0.33061003789130156,0.023532159764652356,0.04162294645513915,0.5506961142987141,0.06517795691584072,0.6016140301368618,0.12860753159969537,-0.012422695201912273,REIT—Industrial,Real Estate,PSA
2018Q3,2018,Q3,2018-10-30,2018-09-30,378027000.0,706368000.0,358879000.0,1.85,510824000.0,0.7231697925160823,10747940000.0,8895091000.0,432525000.0,409973000.0,1827918000.0,0.0,-760284000.0,34654080250.0,35639500250.0,51.128558700962785,1.055008500559793,0.13192714138709372,0.1594075878481738,0.03479857919627159,51.128558700962785,0.0424983847832473,49.05952739931594,22.917728264118697,3.895865736505675,1.0667121660622125,0.0,0.011636320949536672,0.06572124518744987,1.055008500559793,0.03517204227042577,73.1120333722937,0.7231697925160823,-0.07499999999999996,0.31292030859791886,0.36186511328374876,0.0001028858013025857,0.03290459426833633,-0.06383078835666986,0.04493878204661591,0.10555426625021215,0.13348084231348395,-0.03481006087071412,REIT—Industrial,Real Estate,PSA
2018Q2,2018,Q2,2018-08-01,2018-06-30,403802000.0,685528000.0,343445000.0,2.0,494551000.0,0.7214161930657829,10692962000.0,8895806000.0,338419000.0,351336000.0,1772170000.0,0.0,-735065000.0,39458213520.0,40540628520.0,51.14530966124693,0.9632346244051279,0.13287562417223592,0.15971953525065632,0.033290392996169295,51.14530966124693,0.04539240176775438,57.5588648749577,24.42918405555198,4.435597350032139,0.9981649422241594,0.0,0.010214882125763304,0.06411020632075565,0.9632346244051279,0.037763343776962825,99.75985133946179,0.7214161930657829,0.21212121212121218,0.5297606543659726,0.39362577373367247,0.004774183212921611,0.03658375550464581,0.1772756029936122,0.04837331119237602,0.22785173081473192,0.1480877858583576,-0.04851680523628327,REIT—Industrial,Real Estate,PSA
2018Q1,2018,Q1,2018-05-03,2018-03-31,342997000.0,669924000.0,327598000.0,1.65,477097000.0,0.7121658576196703,10685520000.0,8891003000.0,363030000.0,326819000.0,1769730000.0,0.0,-735806000.0,34846217880.0,35926098880.0,51.129453913923584,1.1107983317983348,0.13503423324274344,0.1622888891163348,0.031701250852290815,51.129453913923584,0.03857798720796742,52.01518064735701,25.39834013125479,3.919267362748612,1.1752056140432716,0.0,0.011567740332340481,0.06269456236102688,1.1107983317983348,0.03209923335504496,96.87685679017838,0.7121658576196703,-0.14062500000000003,0.601020414012792,0.40263477104343975,0.004627478562305169,-0.0832620780164057,-0.11916312060380227,-0.137396057696865,0.20764270555173986,0.167273153559626,-0.04926134761925023,REIT—Industrial,Real Estate,PSA
2017Q4,2017,Q4,2018-03-01,2017-12-31,389399000.0,672308000.0,379778000.0,1.92,520429000.0,0.7740931239848403,10732892000.0,8940009000.0,433376000.0,337201000.0,1768523000.0,0.0,-675711000.0,36318139000.0,37316085000.0,51.447071145357974,1.2852156428954837,0.13335846480147195,0.16010297081356406,0.036618057990821046,51.447071145357974,0.0435568912738231,54.02009049423776,23.316790104751167,4.062427565788804,1.0342861691992018,0.0,0.011089499932802173,0.06263996693528641,1.2852156428954837,0.03628090173645649,107.52614718691619,0.7740931239848403,0.19254658385093157,0.41096042455629317,0.4202923475382557,0.086103677015347,0.04979808045313893,0.09175044999074786,0.05461371632635493,0.11446851395116403,0.1783781232095467,-0.06429541719085013,REIT—Industrial,Real Estate,PSA
2017Q3,2017,Q3,2017-11-01,2017-09-30,356674000.0,686361000.0,360111000.0,1.61,495742000.0,0.7222758868875125,10765694000.0,8936190000.0,694233000.0,380420000.0,1806274000.0,0.0,-662360000.0,37173272850.0,37904893850.0,51.44167170365253,1.824911939435361,0.13244422514702722,0.15955949907063302,0.034752892383008605,51.44167170365253,0.03991343066787971,54.15994330971603,26.055496651003438,4.159857036387991,1.1484156400522607,0.0,0.011018938301527571,0.06375445930378479,1.824911939435361,0.0331306091367635,86.74156893445836,0.7222758868875125,0.012578616352201269,0.3271677903046269,0.42506745267238744,0.057114799838257235,0.029078288017868784,0.0084025535620381,0.00994489083336839,0.2060589500435597,0.19153810151914077,-0.04306054381976492,REIT—Industrial,Real Estate,PSA
2017Q2,2017,Q2,2017-07-31,2017-06-30,353702000.0,664312000.0,356565000.0,1.59,481734000.0,0.7251622731487615,10365727000.0,9139087000.0,358266000.0,322923000.0,1203701000.0,0.0,-609424000.0,36201225060.0,36263737060.0,52.64390387207521,1.109447143746342,0.0405931971775834,0.046041579426916494,0.0372981208416646,52.64390387207521,0.03870211543012995,54.49431149821169,25.58737656275622,3.961142405143971,1.1581868352454892,0.0,0.011315998265833273,0.06408735248381517,1.109447143746342,0.0341222569338359,94.04332356562807,0.7251622731487615,-0.018518518518518535,0.7531466720492258,0.425324175026106,0.1029746130033954,0.04126057776480887,0.032881480659498544,0.0914542315603879,0.267953328758239,0.22530762367014506,-0.023224063089297198,REIT—Industrial,Real Estate,PSA
2017Q1,2017,Q1,2017-05-04,2017-03-31,342442000.0,645547000.0,326688000.0,1.62,462645000.0,0.7166712880704271,10083911000.0,9363514000.0,120859000.0,294542000.0,690404000.0,0.0,-553473000.0,37951113240.0,38226116240.0,54.01071733462541,0.41032857792776584,0.03925679232988074,0.042277076747041765,0.03347427130587038,54.01071733462541,0.03657195364902536,58.78907847143585,27.706234369615878,4.0530844766185,1.1924179861115167,0.0,0.010759473573745423,0.06401752256639313,0.41032857792776584,0.03395924458278142,104.33410467743975,0.7166712880704271,-0.20197044334975356,0.63422034951063,0.43277004999393576,0.10536085340731788,-0.08615318975785217,-0.17232361464594828,-0.12737063669291507,0.49461234610808813,0.2319154075140512,0.03472277868730648,REIT—Industrial,Real Estate,PSA
2016Q4,2016,Q4,2017-03-01,2016-12-31,413739000.0,651427000.0,374372000.0,2.03,506261000.0,0.777156918580286,10130338000.0,9411910000.0,183688000.0,297935000.0,688684000.0,0.0,-487581000.0,38707965000.0,38915026000.0,54.34441942375426,0.616537164146542,0.03857215820439555,0.04151644033995225,0.03819086229562815,54.34441942375426,0.04395909013154609,59.420265048884986,23.38912031498118,4.112657792095335,0.9836998687578401,0.0,0.01051450263531033,0.06430456713290317,0.616537164146542,0.04084157902727431,105.64718100161303,0.777156918580286,0.14044943820224706,0.845702782099806,0.43859963481251235,0.11525207674979747,0.04486905624317625,0.12641809939968146,0.060697154546407554,0.383630587784534,0.2581587740206772,0.06175146820698795,REIT—Industrial,Real Estate,PSA
2016Q3,2016,Q3,2016-11-03,2016-09-30,367305000.0,663148000.0,352949000.0,1.78,484521000.0,0.7306378063418724,9865769000.0,9059656000.0,57213000.0,345734000.0,776626000.0,0.0,-494325000.0,38627319120.0,39000998120.0,52.33528202047277,0.16548271214286128,0.043675460068039296,0.04756162927157499,0.03718952793874495,52.33528202047277,0.040542930106838494,58.24841380807904,26.291038183525952,4.263662894043659,1.0065694722369694,0.0,0.00957141236883229,0.06721706133601953,0.16548271214286128,0.0372302453057638,88.57120380816113,0.7306378063418724,0.10559006211180119,0.8841431063150761,0.4353512910124074,0.059267213494826415,0.048329236840738754,0.02984923975001332,0.04779278610657563,0.2820710482844538,0.2849411832218818,0.0237070613319329,REIT—Industrial,Real Estate,PSA
2016Q2,2016,Q2,2016-08-05,2016-06-30,356659000.0,634188000.0,336850000.0,1.61,462184000.0,0.7287807400959968,9997137000.0,8737753000.0,260124000.0,305769000.0,1230104000.0,0.0,-491912000.0,44239306330.0,44416017330.0,50.481855945276074,0.8507206420533148,0.04369601016771102,0.04999397442340153,0.03671554515581517,50.481855945276074,0.040818160000631744,69.75740053422645,31.00952613701042,5.063007197617053,1.0421999725227737,0.0,0.00840225651883543,0.06343696200222124,0.8507206420533148,0.03567611407145866,102.88402186552308,0.7287807400959968,0.15827338129496418,0.6917480167948417,0.42813509555401097,0.0003597168352234035,0.05401140250855188,0.12912151402620672,0.08547490534117458,0.3577607460419456,0.29554956215618,-0.008259683821601279,REIT—Industrial,Real Estate,PSA
2016Q1,2016,Q1,2016-05-06,2016-03-31,315873000.0,611786000.0,310325000.0,1.39,438500000.0,0.716753897604718,10064347000.0,9048766000.0,305705000.0,275170000.0,986834000.0,0.0,-476861000.0,47712245910.0,47743204910.0,52.311960549668456,1.1109677653814005,0.03345115187304253,0.03720551509454438,0.033064547921618934,52.311960549668456,0.03490785373386824,77.98845660083755,37.76220657511088,5.272790335168353,1.131261614636262,0.0,0.007489377060011887,0.060787450989120306,1.1109677653814005,0.031385344722315314,131.9884640983933,0.716753897604718,-0.20114942528735638,0.5001156099946741,0.42641387068751513,0.016017615064196807,-0.07022800087358282,-0.13099947728960906,-0.10273869622793169,0.4822118971542447,0.28768560378747055,0.027862200799932166,REIT—Industrial,Real Estate,PSA
2015Q4,2015,Q4,2016-02-29,2015-12-31,363490000.0,609330000.0,345858000.0,1.74,471621000.0,0.77399931071833,9778232000.0,9170641000.0,104285000.0,261578000.0,580594000.0,0.0,-434610000.0,42821632900.0,43036363900.0,53.04720118928487,0.3986764942005826,0.0326251207784802,0.03478666322234182,0.03644578513217074,53.04720118928487,0.03963626970023142,70.27658723515992,29.451726938842885,4.669426368342191,0.9730804148669839,0.0,0.00825996058641659,0.062314946096594964,0.3986764942005826,0.03717338676357853,121.33317720995336,0.77399931071833,0.10126582278481007,0.9346581515747179,0.4243428324642049,0.033322007289699584,0.03838735672169552,0.07044833435423832,0.06571637224178892,0.32389197930169217,0.2939041678257,0.11988416413970569,REIT—Industrial,Real Estate,PSA
2015Q3,2015,Q3,2015-11-05,2015-09-30,339568000.0,618872000.0,324531000.0,1.58,454186000.0,0.7338932768003723,9654815000.0,9152118000.0,35668000.0,295482000.0,476207000.0,0.0,-444395000.0,36563526730.0,36583583730.0,52.972535900122125,0.12071124467818682,0.005771731514275519,0.006088754537474276,0.03524506228005842,52.972535900122125,0.03710266847520978,59.080919366201734,26.9191492793785,3.9950890853898517,1.0474868067662442,0.0,0.009728082376368732,0.06409982998120627,0.12071124467818682,0.035170844806451496,93.2469472731214,0.7338932768003723,0.03947368421052635,0.3878352060179078,0.4320350300555919,0.03240564112021624,0.05526732171775492,0.04032720087008471,0.07127861146505225,0.2704208454558817,0.29196316215267915,0.088573715247408,REIT—Industrial,Real Estate,PSA
2015Q2,2015,Q2,2015-08-05,2015-06-30,326405000.0,592631000.0,302938000.0,1.52,430399000.0,0.7262512423413557,9634758000.0,9279369000.0,20256000.0,281414000.0,329097000.0,0.0,-428270000.0,31827608730.0,31866035730.0,53.753245399092854,0.071979361367949,0.006090760141562455,0.006324029144654125,0.032441241492336945,53.753245399092854,0.03517534435800538,53.70560893709577,24.377390611357058,3.4299324372163666,1.0899649208805011,0.0,0.011178031093006966,0.06150969230363648,0.071979361367949,0.033877861799953876,80.60642653449901,0.7262512423413557,0.23577235772357727,1.5526058669478802,0.4215797361418497,0.05528626130571773,0.08622978457065558,0.15836411965320585,0.14348157598725683,0.626966116589815,0.27869476892944006,0.12621710551352872,REIT—Industrial,Real Estate,PSA
2015Q1,2015,Q1,2015-05-06,2015-03-31,281781000.0,569394000.0,264926000.0,1.23,396232000.0,0.6958836938921028,9772017000.0,9277895000.0,152797000.0,264439000.0,468096000.0,0.0,-398905000.0,34010592799.999996,33916452799.999996,53.77866334338048,0.5778156777177346,0.006002547887503675,0.006322231497554133,0.028375143200616244,53.77866334338048,0.030371221058224953,59.731210374538534,30.17466827074927,3.6657660816381297,1.0854635337371932,0.0,0.00899316874006383,0.058267806943029264,0.5778156777177346,0.028835500388507306,113.8864463761904,0.6958836938921028,-0.24999999999999997,1.219871349792328,0.3969146855537995,0.044311185447838665,-0.08384181940516956,-0.1872835037422667,-0.12479311267554452,0.3513092967755588,0.26993351021844675,0.10061173303904179,REIT—Industrial,Real Estate,PSA
2014Q4,2014,Q4,2015-02-25,2014-12-31,346715000.0,566147000.0,302701000.0,1.64,432493000.0,0.7639235039662844,9818676000.0,9480796000.0,187712000.0,247141000.0,311505000.0,0.0,-374823000.0,31874424900.0,31751076900.0,54.98217288933737,0.7595340311805812,0.006555262644372826,0.006788881439912851,0.031712511890843106,54.98217288933737,0.03657024157043354,56.30061609440658,22.983159727730268,3.3619988131798215,0.8764403039960774,0.0,0.009533505340201448,0.057660218139390686,0.7595340311805812,0.035311787454846255,86.83898984340094,0.7639235039662844,0.22388059701492521,0.8701686847006009,0.3730055657192078,0.03750103930935184,0.05075278848793619,0.18147679914400308,0.07093174645854267,0.5534877997746378,0.2557503575872724,0.1283400052710294,REIT—Industrial,Real Estate,PSA
2014Q3,2014,Q3,2014-11-04,2014-09-30,293459000.0,571596000.0,282652000.0,1.34,411603000.0,0.7200942623811223,9624468000.0,9266430000.0,98252000.0,260461000.0,332093000.0,0.0,-417663000.0,28587167520.0,28560547520.0,53.75645383981715,0.377223461477918,0.007442697092452279,0.007730269370188951,0.030268807382088488,53.75645383981715,0.03166904622384241,50.01288938341066,24.353629910822296,3.0850249254567292,1.0316500771828432,0.0,0.010590311187290372,0.05938988004323979,0.377223461477918,0.030490932070219363,78.3474089076593,0.7200942623811223,0.06349206349206354,0.20788012859166957,0.35229915786593863,0.016512539537549633,0.06224789216559178,0.06005403960496182,0.06394943970368475,0.5117145041204045,0.24243083786819355,0.08803176113565893,REIT—Industrial,Real Estate,PSA
2014Q2,2014,Q2,2014-08-05,2014-06-30,276834000.0,538037000.0,265663000.0,1.26,387483000.0,0.7201790954897154,9946457000.0,9285238000.0,595911000.0,237985000.0,634972000.0,0.0,-408375000.0,29520520700.0,29529524700.0,53.895578179960765,2.5039855453074775,0.03991240297927191,0.04275463913795209,0.027438217971592273,53.895578179960765,0.029814421558176537,54.86708293295814,26.659045402660077,3.1792960718939027,1.0825873989466612,0.0,0.010152158325581296,0.05409333192713747,2.5039855453074775,0.027832423143235828,83.72478147423352,0.7201790954897154,0.24752475247524752,0.35818584525079117,0.2909724466176186,0.02952683559830757,0.12279740948407007,0.2184809591718164,0.22371772726225847,0.319248054138355,0.21727291836834597,0.06800679803099396,REIT—Industrial,Real Estate,PSA
2014Q1,2014,Q1,2014-05-05,2014-03-31,227196000.0,519624000.0,217095000.0,1.01,345105000.0,0.6641436885132327,9682582000.0,8973401000.0,310669000.0,222608000.0,682758000.0,0.0,-385512000.0,28965115900.0,29324153900.0,52.19824908382293,1.395587759649249,0.04752348082360676,0.051279330991671944,0.023013073231914472,52.19824908382293,0.02531882839070716,55.74245204224593,31.87238760805648,3.227886049001934,1.2950316026690611,0.0,0.010157943127719367,0.05366585069974104,1.395587759649249,0.023464402367054573,99.17658223080505,0.6641436885132327,-0.2836879432624113,0.025063771568770564,0.25596446087378555,0.004906921094372801,-0.11309825166468353,-0.23391858218492156,-0.17609442304408054,0.08567572274898419,0.21905258862129964,0.013809078983349087,REIT—Industrial,Real Estate,PSA
2013Q4,2013,Q4,2014-02-26,2013-12-31,296569000.0,513511000.0,263495000.0,1.41,389113000.0,0.7577500774082736,9876266000.0,8791730000.0,447308000.0,268458000.0,1057411000.0,0.0,-318482000.0,25854519360.0,26674403360.0,51.18374784593172,1.6662122194160724,0.08495650076658527,0.09543662055135906,0.027359665356388986,51.18374784593172,0.03373272382113646,50.34852098591851,21.794691420883506,2.9407772258702214,0.9885085764189784,0.0,0.011338868687443276,0.05199444810417216,1.6662122194160724,0.030028454073634712,73.34802692834711,0.7577500774082736,0.052238805970149134,0.9157623024086512,0.1928904269658685,-0.011545573770431583,0.0685396837601674,0.0435295111154899,0.05411914372697196,0.5886655625009173,0.20811056772627812,-0.0029767475187506046,REIT—Industrial,Real Estate,PSA
2013Q3,2013,Q3,2013-11-06,2013-09-30,284198000.0,511957000.0,249967000.0,1.34,364154000.0,0.7112980191695787,9149940000.0,8778944000.0,477406000.0,243033000.0,343151000.0,0.0,-321890000.0,27569806550.000004,27612959550.000004,51.12329883939646,1.964366978969934,0.010941929673855785,0.011404332912933492,0.0281524106938323,51.12329883939646,0.032372686282085866,53.851801127829106,24.25228762165814,3.1404467951954134,0.9405520095144935,0.0,0.009695497845268703,0.055951951597496816,1.964366978969934,0.031060094383132567,85.22772857390166,0.7112980191695787,0.11666666666666678,1.0282953963029249,0.14852420234451394,-0.03639506844950855,0.062271190494943215,0.09112618682883941,0.05123115419391467,0.16863691026598848,0.19188329024449585,-0.003634973904546831,REIT—Industrial,Real Estate,PSA
2013Q2,2013,Q2,2013-08-05,2013-06-30,260463000.0,485378000.0,237785000.0,1.2,342807000.0,0.7062681044464314,9094598000.0,8736106000.0,815436000.0,218703000.0,330391000.0,0.0,-338785000.0,26047526250.0,25748304250.0,50.90229278951202,3.7285085252602843,0.012280696738877299,0.012784643409775477,0.026875060608327905,50.90229278951202,0.029814542085455465,53.66441464178434,25.001176990589837,2.981594574287446,1.0261111942963108,0.0,0.010260628876417774,0.0533699235524209,3.7285085252602843,0.028639308741298955,84.57648079720498,0.7062681044464314,0.2765957446808511,0.9056750099274596,0.1204023512019342,-0.047106881339814784,0.0695639151230379,0.2331185524303698,0.12557217038962024,1.048831314150127,0.17111663866235657,-0.0006837754462420614,REIT—Industrial,Real Estate,PSA
2013Q1,2013,Q1,2013-05-10,2013-03-31,211223000.0,470900000.0,211257000.0,0.94,320511000.0,0.6806349543427479,9101551000.0,8725563000.0,796817000.0,205129000.0,347548000.0,0.0,-331984000.0,26126655939.999996,25870822939.999996,50.89394328243295,3.884467822687187,0.015647772560962413,0.016322041339911247,0.02382244348263224,50.89394328243295,0.02420737779327248,55.48238679125079,30.92307175354956,2.994265921866589,1.248599821042216,0.0,0.01009440322579607,0.05173843447122364,3.884467822687187,0.02320736322853105,95.44262824119059,0.6806349543427479,-0.2295081967213115,-0.5946077922355416,0.0006063932456759004,-0.046192345708970226,-0.08388522233242535,-0.221644906788124,-0.1361504459156093,0.6744392634699911,0.16251289638793476,-0.011706298796757848,REIT—Industrial,Real Estate,PSA
2012Q4,2012,Q4,2013-02-26,2012-12-31,271371000.0,465451000.0,244553000.0,1.22,349859000.0,0.7516559208165844,8793403000.0,8093756000.0,428234000.0,334711000.0,670539000.0,0.0,-279474000.0,24769025280.0,25220614280.0,47.3684715686963,1.2794141811891453,0.053315877823409207,0.05792465204041239,0.028560654120298266,47.3684715686963,0.03352843846540469,53.215108099456224,22.818415821882223,3.0602634030479794,0.0,0.0,0.0,0.052931839925908095,1.2794141811891453,0.03086074867716173,79.73520971153197,0.7516559208165844,0.0338983050847458,0.5948033403555691,-0.01066440259350076,-0.08872034773421295,0.04215580848775867,0.028341139557091537,0.06091223016589158,0.477181130386217,0.139145560062157,-0.10616776492388322,REIT—Industrial,Real Estate,PSA
2012Q3,2012,Q3,2012-11-09,2012-09-30,263892000.0,472931000.0,230512000.0,1.18,335707000.0,0.7098435078267231,9288120000.0,8300626000.0,535752000.0,242706000.0,957974000.0,0.0,-312690000.0,23703240960.0,23515431960.0,48.6623323328018,2.207411436058441,0.03746107931422075,0.041917681871222724,0.026653195459271934,48.6623323328018,0.0317918190748505,50.11987152459873,22.45543722431904,2.855596789928856,0.0,0.0,0.0,0.05091783913213869,2.207411436058441,0.028411777625612072,71.47409783074112,0.7098435078267231,0.5324675324675323,0.7152535838702841,0.0013612915765112402,-0.058887015919192515,0.053684365809487045,0.3318260044513306,0.05906568162605212,0.0976567170405583,0.13069452833819165,-0.07981521313079176,REIT—Industrial,Real Estate,PSA
2012Q2,2012,Q2,2012-08-06,2012-06-30,198143000.0,457739000.0,217656000.0,0.77,318603000.0,0.6960363875483627,9178947000.0,8137608000.0,438475000.0,226825000.0,1011178000.0,0.0,-339020000.0,24621327360.0,24920308360.0,47.7290259009009,1.9330982034608177,0.0803421133164839,0.09062319050020595,0.024524442865989475,47.7290259009009,0.024349047041833424,53.789009369968475,31.065098640880574,3.025622192663987,0.0,0.0,0.0,0.04986835635939504,3.6575377493662513,0.02158668091230944,81.99811287953722,0.6960363875483627,0.05479452054794526,1.5524813272792566,0.01225328492462082,-0.05560601687186138,0.0832157537390311,-0.03744923537298642,0.14085038577658504,-0.017699835949773507,0.1098095496483772,-0.08826819079910023,REIT—Industrial,Real Estate,PSA
2012Q1,2012,Q1,2012-05-07,2012-03-31,205852000.0,442619000.0,190784000.0,0.73,294127000.0,0.6645150795605249,9406312000.0,8321727000.0,620079000.0,212766000.0,1062379000.0,0.0,-296969000.0,23531594529.999996,23657473529.999996,48.86252047748504,2.9143707171258564,0.07930398226212357,0.08963980673723135,0.021039989809968036,48.86252047748504,0.024736692275533673,53.16444736895614,28.57829232895478,2.8277296924063955,0.0,0.0,0.0,0.04705553037152074,2.9143707171258564,0.021884453758284864,88.72748793418094,0.6645150795605249,-0.23958333333333331,2.421770669753301,0.012535872561393633,-0.04064596026887161,-0.0922566508240232,-0.06495087462696059,-0.14340618882563172,-0.06250526803586355,0.07989552869774459,-0.05931164604603916,REIT—Industrial,Real Estate,PSA
2011Q4,2011,Q4,2012-02-27,2011-12-31,220151000.0,444715000.0,222724000.0,0.96,324020000.0,0.7286014638588759,8932562000.0,8288209000.0,139008000.0,210966000.0,609280000.0,0.0,-259578000.0,22870301400.0,23527921400.0,48.72837321418073,0.6589118625750121,0.0891824764272557,0.09611581947318172,0.024516014981886852,48.72837321418073,0.02656195083883623,51.42687204164465,25.971153208479635,2.75937797900608,0.0,0.0,0.0,0.04978582852265677,0.6589118625750121,0.024645896664361244,81.12682648239851,0.7286014638588759,0.39130434782608703,22.40492425653305,0.0204753869209986,0.004655051313996185,0.031185057650507126,0.15178482674911975,0.0647989673471339,0.4361506880980568,0.04326841242941038,-0.05896347544718373,REIT—Industrial,Real Estate,PSA
2011Q3,2011,Q3,2011-11-07,2011-09-30,191139000.0,452990000.0,209170000.0,0.69,314221000.0,0.6936599041921455,9085543000.0,8385762000.0,160733000.0,244462000.0,663313000.0,0.0,-265226000.0,18899212800.0,19576181800.0,49.407063065610856,0.6574968706792875,0.09220164386432379,0.09989575187084966,0.022678030726850564,49.407063065610856,0.022793277462441697,41.721037550497805,24.719200163231992,2.2537263518807236,0.0,0.0,0.0,0.04985832987637613,0.6574968706792875,0.021037707927858577,60.2663078174078,0.6936599041921455,-0.10389610389610399,1.0168193259098948,0.04488078477845904,-0.14521856487432355,0.06350839546871456,-0.07413632752707756,0.0799884344117556,0.3801599232313128,0.02817063443653588,-0.06874378797401541,REIT—Industrial,Real Estate,PSA
2011Q2,2011,Q2,2011-08-08,2011-06-30,206444000.0,434844000.0,193678000.0,0.77,295457000.0,0.6794551609312766,9272336000.0,8553194000.0,144487000.0,227869000.0,677388000.0,0.0,-237689000.0,19323782920.0,20078333920.0,50.46370330163076,0.6340792297328728,0.09695916972810303,0.1051113771066107,,50.46370330163076,0.0241364804773515,44.438426010247355,23.400756282575422,2.2592475886785683,0.0,0.0,0.0,0.046896920042586894,0.6340792297328728,0.022264508102381106,67.74878577413779,0.6794551609312766,-0.11494252873563215,0.21156985905167944,0.10344053503138113,0.1913937183470937,0.07236913740663042,0.0016302132862382828,0.12120457795196277,0.5294539715759453,0.016386180871307117,-0.05531729548848467,REIT—Industrial,Real Estate,PSA
2011Q1,2011,Q1,2011-05-09,2011-03-31,206108000.0,419818000.0,172741000.0,0.87,275518000.0,0.6562796259331425,9435521000.0,8717565000.0,145105000.0,210769000.0,672651000.0,0.0,-223960000.0,18778726650.0,19557385650.0,51.48725747866403,0.6884551333450365,0.09790280791066015,0.10596582876066883,0.017916720817223435,51.48725747866403,0.02364284063267667,44.730637204693465,22.777775062103366,2.154125223041067,0.0,0.0,0.0,0.04449335654067221,0.6884551333450365,0.021843838829885494,74.2403552155607,0.6562796259331425,-0.19948727440999536,0.36551406265390607,0.13993175723593002,0.34140531959986953,-0.0858513635021384,0.12207311429893568,-0.1377048525660545,-0.5994461031145201,-0.09670925520435712,-0.03507299465722994,REIT—Industrial,Real Estate,PSA
2010Q4,2010,Q4,2010-12-31,2010-12-31,183685000.0,418238000.0,200327000.0,1.0868034600683967,301393000.0,0.7206255768246788,9495333000.0,8676598000.0,558531000.0,205769000.0,774186000.0,0.0,-236410000.0,17141399880.0,17253564880.0,51.336563834948585,2.7143593058235207,0.059862776797822675,0.0655115057768033,,51.336563834948585,0.02117016369779953,40.98479784237683,23.329885238315594,1.9755899581840717,0.0,0.0,0.0,0.044046691148167214,2.7143593058235207,0.019344766528988505,46.56040646033997,0.7206255768246788,0.015704168288221132,0.12864696131118178,0.06344718218826224,0.3654413416419365,0.04649620488746606,-0.23258019502494215,0.07446203685825234,0.09132838229934852,-0.10126591457764894,-0.012381770178364162,REIT—Industrial,Real Estate,PSA
2010Q3,2010,Q3,2010-09-30,2010-09-30,239354000.0,422765000.0,186444000.0,1.07,288002000.0,0.681234255437418,9651410000.0,8672076000.0,615610000.0,833147000.0,846274000.0,0.0,-226343000.0,16401118560.000002,16477157560.000002,51.30980865490433,0.7388972174178147,0.061081023394509194,0.06797887841388844,,51.30980865490433,0.02760054224617035,38.79488264165672,17.13060838757656,1.8912563220156282,0.8337901184020321,0.0,0.012168133488573476,0.04380344426358428,0.7388972174178147,0.024799899703773852,70.1784231470309,0.681234255437418,1.9722222222222225,0.41244896818972343,0.20858948438354638,0.35786083764844884,0.06504888836294247,0.9142500679793343,0.06264961356952328,0.5701388023180036,-0.09658501812469078,-0.007685722797085096,REIT—Industrial,Real Estate,PSA
2010Q2,2010,Q2,2010-06-30,2010-06-30,125038000.0,407645000.0,175452000.0,0.36,270412000.0,0.6633516908094053,9569513000.0,8598390000.0,569224000.0,231759000.0,838185000.0,0.0,-272485000.0,14839559640.0,14958498640.0,50.93712234307244,2.4561031071069515,0.061996362824315095,0.06899838225528268,,50.93712234307244,0.014542024727885104,36.403144010106836,29.6700995697308,1.725853286487354,1.602808746141173,0.0,0.01350525250491867,0.042598301501863264,2.4561031071069515,0.013066286654294738,77.93681699535202,0.6633516908094053,0.7142857142857143,-0.12435179965476877,0.21540865175119797,0.4089658604006619,0.052424282522904,0.008688216455175419,0.08278973320908188,0.6268867381696501,-0.08948970827507696,0.007871226170394003,REIT—Industrial,Real Estate,PSA
2010Q1,2010,Q1,2010-03-31,2010-03-31,123961000.0,398056000.0,162037000.0,0.21,256942000.0,0.645492091565006,9744471000.0,8676023000.0,815173000.0,717548000.0,936020000.0,0.0,-202998000.0,15498199230.0,15294349230.0,51.49677997590175,1.1360536159253458,0.052966651550402276,0.05948946884995579,,51.49677997590175,0.014287767563548414,38.93472081817634,31.256199994353064,1.7863252817563993,1.4473423092746913,0.0,0.011576441710254102,0.04084942117432542,1.1360536159253458,0.012721162595691443,69.35682742911357,0.645492091565006,-0.804678366770087,-0.018677967599292175,0.24638615520675955,0.4756919919543413,-0.10371049941919888,-0.3156543629718778,-0.15564830881624953,1.0829452652308589,-0.07950482004259359,0.011074406728378347,REIT—Industrial,Real Estate,PSA
2009Q4,2009,Q4,2009-12-31,2009-12-31,181138000.0,402879000.0,191907000.0,1.075149723701158,286673000.0,0.7115610394187833,9805645000.0,8928407000.0,856689000.0,731142000.0,731142000.0,0.0,-153759000.0,13722451650.0,13477551650.0,52.99481234827306,1.1717135659010152,0.05291737565453369,0.05811663827601049,,52.99481234827306,0.020287829620670293,34.06097525559783,18.93922265068622,1.5369428891402466,0.8990659055526725,0.0,0.011867777285992477,0.041086435415518305,1.0446520648519713,0.018472828661449604,54.61454927167078,0.7115610394187833,0.04383468320500776,0.28878450253877663,0.2796949566025976,0.5382486913819087,0.009021153778466087,-0.2366998301792178,0.012445396416738768,18.780368669229286,-0.06667360713589057,0.09261816898980217,REIT—Industrial,Real Estate,PSA
2009Q3,2009,Q3,2009-09-30,2009-09-30,237309000.0,412864000.0,189548000.0,1.03,284110000.0,0.6881442799565959,9809375000.0,8904106000.0,670928000.0,758123000.0,758123000.0,0.0,-177603000.0,12668384520.0,12519118520.0,52.88321761802664,0.8849856817429361,0.0531799426568971,0.058586678999553686,,52.88321761802664,0.02665163689650595,30.684158754456675,13.345874492749958,1.4227576041884495,0.7435832606432963,0.0,0.013929084621754125,0.04208871615164065,0.8849856817429361,0.024192061165976424,45.02873576455534,0.6881442799565959,0.2875,0.8512650694008309,0.32424271191949017,0.5128550871099973,0.04298825256975037,0.19147771775149117,0.05068041351403786,1.5241370852943363,-0.04001115333581098,-0.08507833000371878,REIT—Industrial,Real Estate,PSA
2009Q2,2009,Q2,2009-06-30,2009-06-30,199172000.0,407252000.0,180405000.0,0.8,272400000.0,0.6688733265889425,9703836000.0,8812993000.0,584860000.0,744137000.0,757009000.0,0.0,-258732000.0,11023427040.0,10963007040.0,52.349852686102594,0.7859574245065089,0.05404460668956071,0.05950759293692846,,52.349852686102594,0.022599813706875745,27.067827880526064,13.836567188158979,1.25081536318025,0.7435332275621072,0.0,0.013434206936067315,0.04196814538085763,0.7859574245065089,0.020525078948160295,43.222006728303576,0.6688733265889425,-0.15789473684210517,0.6349179934492558,0.3329977209724809,0.5037290764726214,0.040600216982717784,-0.0821651413351029,0.08074835555875058,0.17683539744994856,0.04044690019741835,0.23592367515768245,REIT—Industrial,Real Estate,PSA
2009Q1,2009,Q1,2009-03-31,2009-03-31,217002000.0,405066000.0,166926000.0,0.95,261772000.0,0.6462453032345347,9626497000.0,8742692000.0,493400000.0,737808000.0,750606000.0,0.0,-301582000.0,9299238000.0,9333073000.0,51.94336708018442,0.6687376661678919,0.05476914395755798,0.060305795972224574,,51.94336708018442,0.024820959036415787,22.957340285286843,10.713309093925401,1.0636584246591323,0.7568455590271057,0.0,0.017661339563521224,0.042078234689108616,0.6687376661678919,0.022542156300469424,37.39168791063861,0.6462453032345347,0.05409980882062097,1.3741257244242868,0.37461935146768155,0.5179692351084206,-0.10887037749401708,0.4305623310699453,-0.09093582538230296,0.44625681641917364,0.1064300008483559,0.3532884121505569,REIT—Industrial,Real Estate,PSA
2008Q4,2008,Q4,2008-12-31,2008-12-31,151690000.0,421815000.0,183624000.0,0.9012429297970436,293753000.0,0.696402451311594,9936045000.0,8715464000.0,680701000.0,212353000.0,856164000.0,0.0,4896003000.0,13380804000.0,13343914000.0,51.781596083464045,3.2055162865605853,0.06479549961780567,0.0738699626319379,,51.781596083464045,0.017404695837192376,31.721972902812844,22.05287757927352,1.5352945064083794,1.737161315841519,0.0,0.019693136526026386,0.04245300821403285,3.2055162865605853,0.01526663778193436,55.20133663366337,0.696402451311594,1.1458164995167706,0.3332776351918995,0.4394094886597989,0.560663660303992,-0.03757277513670423,0.10455760170682511,-0.10125250231265082,-0.06405791710066454,0.0770157509673203,0.3772782349805825,REIT—Industrial,Real Estate,PSA
2008Q3,2008,Q3,2008-09-30,2008-09-30,137331000.0,436890000.0,204311000.0,0.42,305221000.0,0.6986220787841333,10195243000.0,8929395000.0,807908000.0,901396000.0,901396000.0,0.0,4744313000.0,16664076070.0,16520841070.0,53.05421046064632,0.8962853174409472,0.06336867105570707,0.07235193425758409,,53.05421046064632,0.015379653380772157,38.142498271876214,30.335605344022838,1.866204381147883,1.1941367935862988,0.0,0.009841049651425408,0.04285233809532544,0.8756351259601773,0.013470105616903883,74.26919371228395,0.6986220787841333,0.049999999999999906,0.1412665085555054,0.4252361068054376,0.6323176116975714,0.09920230485279553,0.026290420213282716,0.37012050778237515,-0.18619348981300973,0.2542161569268046,0.4040246211283523,REIT—Industrial,Real Estate,PSA
2008Q2,2008,Q2,2008-08-11,2008-06-30,133813000.0,424138000.0,149119000.0,0.4,277675000.0,0.6546807878567824,10252746000.0,8975834000.0,775002000.0,913536000.0,913536000.0,0.0,4606982000.0,13574982120.000002,13490319120.000002,53.41868021996334,0.8483540878520387,0.06733210790553087,0.07691084750453273,,53.41868021996334,0.014908141126495878,32.00605020064225,25.361852211668523,1.5123922880035439,1.2249258293289889,0.0,0.012074491041760576,0.041368234422270875,0.8483540878520387,0.013051430319253009,64.37973479782603,0.6546807878567824,-0.8484848484848485,0.17711552340140524,0.43692467572890936,0.6371678639497953,-0.03712449849331267,-0.7388209438226809,-0.01231959411573795,-0.05857218901411459,0.2704233379312748,0.47760794633552145,REIT—Industrial,Real Estate,PSA
2008Q1,2008,Q1,2008-03-31,2008-03-31,512342000.0,462764000.0,150979000.0,2.64,288381000.0,0.6231707738717791,10247765000.0,8995531000.0,0.0,0.0,889523000.0,0.0,-131484000.0,14940091320.0,14896075320.0,53.358707128705824,0.0,0.0666404820953642,0.07591725268914086,,53.358707128705824,0.05695517029511654,32.28447182581186,7.290096907924785,1.6608348434350346,0.3198547064265666,0.0,0.010968808455716988,0.0451575538666236,0.0,0.04999548682078483,75.04076647596851,0.6231707738717791,1.6509916789268975,3.9202073798678265,0.6310879954941849,0.6214460925382651,-0.06792266221929179,2.051707398428705,-0.3130948697883492,3.053270165751755,0.4480618843612346,0.529047386025215,REIT—Industrial,Real Estate,PSA
2007Q4,2007,Q4,2007-12-31,2007-12-31,167887000.0,464185000.0,219796000.0,0.995853748235322,309396000.0,0.6665359716492347,10643102000.0,8763129000.0,0.0,0.0,1373285000.0,0.0,-485354000.0,12375898260.0,13200382260.0,51.98017035815548,0.0,0.10052783483612203,0.12209428846705327,,51.98017035815548,0.019158339447017156,26.66156437627239,18.428910904358286,1.4122693229781278,0.8008958406547261,0.0,0.010864665915571286,0.043613694578892505,0.0,0.01577425453594262,62.326999153925186,0.6665359716492347,0.952654408304553,0.8383601834966269,0.6918565423227622,0.550767889277178,0.021439277390046946,0.09898144875168559,0.7109806791113326,0.1937322302447737,0.4734725323431562,0.5087972857752171,REIT—Industrial,Real Estate,PSA
2007Q3,2007,Q3,2007-11-09,2007-09-30,152766000.0,468960000.0,128462000.0,0.51,302902000.0,0.6459015694302286,10629623000.0,8757858000.0,0.0,0.0,1364993000.0,0.0,-502572000.0,13702356600.000002,14575672600.000002,51.707215983563,0.0,0.09801871618588918,0.11896767451584622,,51.707215983563,0.017443306342715306,29.21860414534289,22.423766741290603,1.5645785305036917,1.0217980440673973,0.0,0.011391909038478826,0.04411821566954915,0.0,0.014371723249262933,78.71524687634641,0.6459015694302286,5.375,0.3346783437382599,0.5517151420568306,0.5228401986516745,0.08942270688644399,0.9812979871342602,0.4438312746563564,0.1846956960528649,0.4952784785616911,0.4792126550628685,REIT—Industrial,Real Estate,PSA
2007Q2,2007,Q2,2007-08-09,2007-06-30,77104000.0,449148000.0,88973000.0,0.08,278039000.0,0.6190364868595652,10477108000.0,8558631000.0,0.0,0.0,1415353000.0,0.0,-504645000.0,13009159719.999998,14050784719.999998,50.539315956680404,0.0,0.10388057467766869,0.12716613206013905,,50.539315956680404,0.009008917430836778,28.9640824850606,42.18056041191118,1.5200047437493216,1.9856168292176801,0.0,0.01176855410304702,0.04286946359625194,0.0,0.00735928273336497,58.290511251108974,0.6190364868595652,3.666666666666667,-0.30720586487178103,0.5326551070455249,0.47499465351014153,0.05140179847681568,0.28983907123021846,0.2935130262851826,-0.37081607766912866,0.4614658430127459,0.4517221159109816,REIT—Industrial,Real Estate,PSA
2007Q1,2007,Q1,2007-03-31,2007-03-31,59778000.0,434367000.0,68784000.0,-0.03,264446000.0,0.6088077593371504,10619147000.0,8619295000.0,0.0,0.0,1497743000.0,0.0,-434053000.0,16020909430.0,17131569430.0,50.93273020581579,0.0,0.11313149728504558,0.13938030894638134,,50.93273020581579,0.0069353700041592725,36.88334848181377,67.00169556525813,1.8587261986044104,2.5850312824115895,0.0,0.009645395018003045,0.04090413288374292,0.0,0.005629265702791382,106.1240390424207,0.6088077593371504,0.5038727645851657,-0.5074509249472443,0.4425799693159944,0.47965076519845584,-0.02302005711604606,6.841688654353562,5.721125659566152,-0.3495384189996647,0.4660668639385273,0.4884348446868385,REIT—Industrial,Real Estate,PSA
