Year,Date,FillingDate,NetIncome,Revenue,OperatingIncome,EPSDiluted,GrossProfit,GrossProfitRatio,TotalAssets,CommonStockEquity,CurrentAssets,CurrentLiability,TotalLiability,Inventory,RetainedEarnings,EnterpriseValue,bookValuePerShare,currentRatio,debtToAssets,debtToEquity,roic,shareholdersEquityPerShare,roe,priceToSalesRatio,peRatio,pbRatio,payoutRatio,inventoryTurnover,dividendYield,assetTurnover,quickRatio,returnOnAssets,priceToFreeCashFlowsRatio,grossProfitMargin,epsdilutedGrowth,fiveYNetIncomeGrowthPerShare,fiveYRevenueGrowthPerShare,fiveYShareholdersEquityGrowthPerShare,grossProfitGrowth,netIncomeGrowth,operatingIncomeGrowth,threeYNetIncomeGrowthPerShare,threeYRevenueGrowthPerShare,threeYShareholdersEquityGrowthPerShare,Industry,Sector,Price,MarketCap,AvgVolume,Symbol
2022,2022-12-31,2023-02-27,-325991000.0,108463000.0,-340744000.0,-2.6,108463000.0,1.0,1460242000.0,1042430000.0,1372319000.0,363922000.0,417812000.0,0.0,-970987000.0,3333314850.43,8.304183558981583,3.770915196113453,0.04132876605384587,0.057893575587809255,-0.2929732289485907,8.304183558981583,-0.312722197173911,32.186172708020244,-10.708911750416421,3.348914411931736,0.0,0.0,0.0,0.07427741429160373,3.6717071240540555,-0.22324450330835574,-13.296599303101516,1.0,-0.08786610878661086,0.5593306867670456,0.0,-0.7332201251641645,1.2289513162491523,-0.12185930945244183,-0.1521313537401395,-0.25641501655474946,2.0965176622553225,1.0105551140248967,Biotechnology,Healthcare,29.02,3972518548,770685,DNLI
2021,2021-12-31,2022-02-28,-290581000.0,48661000.0,-295751000.0,-2.39,48661000.0,1.0,1404162000.0,962291000.0,897234000.0,378245000.0,441871000.0,0.0,-644996000.0,5185082857.0,7.918474579611511,2.372097450065434,0.04558377167306906,0.06651522252624206,-0.27208036248021067,7.918474579611511,-0.30196790783661076,111.38295261092046,-18.65230643779187,5.632397951347357,0.0,0.0,0.0,0.03465483327422334,2.2911948604740315,-0.20694264621888359,-24.648826712568614,1.0,-4.7936507936507935,-0.35004377071808573,0.0,0.5221079072317233,-0.855028466389997,-5.084865609536662,-5.715568098472528,-5.111224529396307,-0.7128543718511495,0.3411933568863318,Biotechnology,Healthcare,29.02,3972518548,770685,DNLI
2020,2020-12-31,2021-02-26,71136000.0,335659000.0,62718000.0,0.63,335659000.0,1.0,1604280000.0,1150531000.0,1495655000.0,71699000.0,453749000.0,0.0,-354415000.0,8684704715.12,10.557835388042577,20.8601933081354,0.042925798489041815,0.0598549713132458,0.04830328041724444,10.557835388042577,0.06182884250837222,27.19329353635684,128.31300206815115,7.933444396648158,0.0,0.0,0.0,0.20922719226070263,20.57728838616996,0.04434138679033585,22.09785505419349,1.0,1.3043478260869565,1.1168989933226967,0.0,3.0302452728711815,11.581865207286903,1.359974495734108,1.2941965625938157,1.1107702566989408,0.0,-0.6608193950249358,Biotechnology,Healthcare,29.02,3972518548,770685,DNLI
2019,2019-12-31,2020-02-27,-197614000.0,26678000.0,-213184000.0,-2.07,26678000.0,1.0,553231000.0,394890000.0,430031000.0,45344000.0,158341000.0,0.0,-425551000.0,1654910983.3600001,4.130293917861111,9.48374647141849,0.13110255932874332,0.18367140216262756,-0.3968151562951676,4.130293917861111,-0.5004279672820279,62.42952932603644,-8.428021209833313,4.2176175222467025,0.0,0.0,0.0,0.048222171208771744,9.160109386026818,-0.3571997953838451,-9.826218964335231,1.0,-4.307692307692307,0.6298589101176622,0.0,1.7942451642884336,0.0,-4.452924944812362,-3.5972569654101614,-0.16699249536521044,0.0,-0.20606513686933806,Biotechnology,Healthcare,29.02,3972518548,770685,DNLI
2018,2018-12-31,2019-03-12,-36240000.0,129160000.0,-46372000.0,-0.39,0.0,0.0,661984000.0,546845000.0,480836000.0,32786000.0,115139000.0,0.0,-227937000.0,1836447334.06,5.904051447134191,14.665893979137437,0.0,0.0,-0.08479916612568461,5.904051447134191,-0.06627106401265441,14.81550274125116,-52.802713412251656,3.499292000585175,0.0,0.0,0.0,0.19511045584183304,14.422100896724212,-0.05474452554744526,40.95563927958393,0.0,0.933786078098472,0.9299321413345971,0.0,2.1353342897264835,0.0,0.5890457560809661,0.48555580208564453,0.9299321413345971,0.0,2.1353342897264835,Biotechnology,Healthcare,29.02,3972518548,770685,DNLI
2017,2017-12-31,2018-03-19,-88185000.0,0.0,-90140000.0,-5.89,0.0,0.0,486721000.0,465796000.0,409607000.0,14164000.0,20925000.0,0.0,-191697000.0,15664212.159999996,31.127473779990357,28.918878847783112,0.0,0.0,-0.19351819251346083,31.127473779990357,-0.1893210761792716,0.0,-2.653957160061235,0.5024500256764763,0.0,0.0,0.0,0.0,28.712934199378708,-0.18118182696041468,-2.9435192071437553,0.0,-2.3276836158192085,-0.05532835985397298,0.0,6.985735160241373,0.0,-0.017691455477080738,-0.030960850022302793,-0.05532835985397298,0.0,6.985735160241373,Biotechnology,Healthcare,29.02,3972518548,770685,DNLI
2016,2016-12-31,2016-12-31,-86652000.0,0.0,-87433000.0,-1.77,0.0,0.0,271067000.0,254519000.0,181955000.0,9106000.0,16548000.0,0.0,-103512000.0,1009572033.8,5.202308287073378,19.981880079068745,0.0,0.0,-0.34352248751566683,5.202308287073378,-0.3404539543216813,0.0,-12.110799909984767,4.123169719352975,0.0,0.0,0.0,0.0,19.63200087854162,-0.3196700446753017,-13.369663967487545,0.0,0.6827956989247311,0.682824789917349,0.0,2.0003908395665455,0.0,-4.161543959971408,-4.242100845374423,0.682824789917349,0.0,2.0003908395665455,Biotechnology,Healthcare,29.02,3972518548,770685,DNLI
2015,2015-12-31,2015-12-31,-16788000.0,0.0,-16679000.0,-5.58,0.0,0.0,36683000.0,-15634000.0,33431000.0,3481000.0,52317000.0,0.0,-16860000.0,33746829.55,-5.200275813528501,9.603849468543523,0.0,0.0,1.0668414992964053,-5.200275813528501,1.0738134834335422,0.0,-3.84124550571837,-4.124781217218882,0.0,0.0,0.0,0.0,8.830795748348176,-0.4576506828776272,-3.5600546290162303,0.0,0.0,0.0,0.0,0.0,0.0,0.0,0.0,0.0,0.0,0.0,Biotechnology,Healthcare,29.02,3972518548,770685,DNLI
TTM,,,,,,,,,,,,,,,,3961472548.0,7.080822868693602,3.388467832668508,0.040504660324235955,0.05905104550918273,-0.3405965076781755,7.080822868693602,-0.3727876180838984,39.15238607177,-11.474443653803826,4.09839372317954,0.0,0.0,0.0,0.07199306911584397,3.2946021274419555,-0.24499625357613186,-16.019059660385423,1.0,,,,,,,,,,,Biotechnology,Healthcare,29.02,3972518548,770685,DNLI
