Quarters,Year,Quarter,FillingDate,Date,NetIncome,Revenue,OperatingIncome,EPSDiluted,GrossProfit,GrossProfitRatio,TotalAssets,CommonStockEquity,CurrentAssets,CurrentLiability,TotalLiability,Inventory,RetainedEarnings,MarketCap,EnterpriseValue,bookValuePerShare,currentRatio,debtToAssets,debtToEquity,roic,shareholdersEquityPerShare,roe,priceToSalesRatio,peRatio,pbRatio,payoutRatio,inventoryTurnover,dividendYield,assetTurnover,quickRatio,returnOnAssets,priceToFreeCashFlowsRatio,grossProfitMargin,epsdilutedGrowth,fiveYNetIncomeGrowthPerShare,fiveYRevenueGrowthPerShare,fiveYShareholdersEquityGrowthPerShare,grossProfitGrowth,netIncomeGrowth,operatingIncomeGrowth,threeYNetIncomeGrowthPerShare,threeYRevenueGrowthPerShare,threeYShareholdersEquityGrowthPerShare,Industry,Sector,Symbol
2023Q3,2023,Q3,2023-06-12,2023-03-31,-227000000.0,1037000000.0,-25000000.0,-1.25,180000000.0,0.1735776278,10830000000.0,4703000000.0,2738000000.0,1487000000.0,6127000000.0,744000000.0,372000000.0,11893509999.999998,16490509999.999998,25.983425414364643,1.8412911903160727,0.44773776546629734,1.031044014458856,-0.002104372422375542,25.983425414364643,-0.04826706357644057,11.469151398264222,-13.098579295154183,2.5289198384010203,0.0,1.1518817204301075,0.0,0.09575253924284395,0.874915938130464,-0.02096029547553093,-58.87876237623762,0.17357762777242045,-3.840909090909091,-9.787169273916835,0.21468875135833834,2.2375600750489713,-0.5348837209302325,-3.802469135802469,-1.181159420289855,-10.077107368685402,0.13943704966128803,0.4065975267429771,Drug Manufacturers—Specialty & Generic,Healthcare,CTLT
2023Q2,2023,Q2,2023-02-07,2022-12-31,81000000.0,1149000000.0,138000000.0,0.44,387000000.0,0.3368146214,11147000000.0,4912000000.0,2918000000.0,1526000000.0,6235000000.0,841000000.0,619000000.0,8101800000.0,12524800000.0,27.288888888888888,1.9121887287024901,0.4364402978379833,0.9904315960912052,0.01001661370711486,27.288888888888888,0.016490228013029316,7.051174934725848,25.005555555555553,1.6493892508143322,0.0,0.906064209274673,0.0,0.10307706109267067,1.2581913499344692,0.007266529110971562,176.12608695652173,0.3368146214099217,0.0,3.7325327808219178,0.40009317021276597,2.6091153265042264,0.5,0.0,1.3,0.44462881868131865,0.2924880689169208,0.7161209387542274,Drug Manufacturers—Specialty & Generic,Healthcare,CTLT
2023Q1,2023,Q1,2022-11-01,2022-09-30,0.0,1022000000.0,60000000.0,0.0,258000000.0,0.252446184,10205000000.0,4700000000.0,2698000000.0,943000000.0,5505000000.0,753000000.0,538000000.0,13024800000.0,16960800000.0,26.11111111111111,2.8610816542948037,0.41322880940715334,0.8972340425531915,0.0,26.11111111111111,0.0,12.744422700587084,0.0,2.7712340425531914,0.0,1.0146082337317397,0.0,0.10014698677119059,1.8939554612937435,0.0,-54.0448132780083,0.25244618395303325,-1.0,-1.0,0.3123218873158874,2.159908100158302,-0.4713114754098361,-1.0,-0.5804195804195804,-1.0,0.24423468841415508,0.6859904164881224,Drug Manufacturers—Specialty & Generic,Healthcare,CTLT
2022Q4,2022,Q4,2022-08-29,2022-06-30,188000000.0,1313000000.0,143000000.0,1.04,488000000.0,0.371667936,10507000000.0,4795000000.0,2916000000.0,1072000000.0,5712000000.0,702000000.0,538000000.0,19312200000.0,23065200000.0,26.63888888888889,2.720149253731343,0.3999238602836204,0.8763295099061522,0.014139642911428421,26.63888888888889,0.039207507820646505,14.708453922315309,25.681117021276595,4.027570385818561,0.0,1.1752136752136753,0.0,0.12496430950794708,1.482276119402985,0.017892833349195773,-116.33855421686746,0.37166793602437165,0.3333333333333333,1.1142394822006474,0.4792267790565732,3.60611610228058,0.1536643026004728,0.3333333333333333,-0.3222748815165877,1.3098596313208188,0.46049714451946766,1.3017546120097263,Drug Manufacturers—Specialty & Generic,Healthcare,CTLT
2022Q3,2022,Q3,2022-05-03,2022-03-31,141000000.0,1273000000.0,211000000.0,0.78,423000000.0,0.3322859387,10322000000.0,4632000000.0,3025000000.0,1046000000.0,5690000000.0,697000000.0,350000000.0,19962000000.0,23376000000.0,25.733333333333334,2.8919694072657744,0.40689788800620036,0.9067357512953368,0.019109176207017037,25.733333333333334,0.03044041450777202,15.681068342498037,35.3936170212766,4.3095854922279795,0.0,1.2195121951219512,0.0,0.12332881224568883,2.081261950286807,0.013660143383065298,-1996.2,0.3322859387274156,0.4181818181818181,2.764577317948718,0.6591960231151164,4.003002355479488,0.044444444444444446,0.4536082474226804,0.43537414965986393,2.5866611829652997,0.6623479948717949,1.3046045807367188,Drug Manufacturers—Specialty & Generic,Healthcare,CTLT
2022Q2,2022,Q2,2022-02-01,2021-12-31,97000000.0,1217000000.0,147000000.0,0.55,405000000.0,0.3327855382,10203000000.0,4481000000.0,2974000000.0,1045000000.0,5722000000.0,709000000.0,209000000.0,22405250000.0,25790250000.0,25.605714285714285,2.845933014354067,0.4149759874546702,0.9448783753626423,0.014204525644154668,25.605714285714285,0.021646953804954253,18.41023007395234,57.745489690721655,5.000055791118054,0.0,1.1452750352609309,0.0,0.11927864353621484,2.0373205741626794,0.009507007742820739,-414.912037037037,0.33278553820870993,0.12244897959183684,2.9784233356321836,0.795572719536903,4.438587566190476,0.25,0.043010752688172046,0.06521739130434782,0.6408919311953353,0.61922371850493,1.3764040896810164,Drug Manufacturers—Specialty & Generic,Healthcare,CTLT
2022Q1,2022,Q1,2021-11-02,2021-09-30,93000000.0,1025000000.0,138000000.0,0.49,324000000.0,0.31609756097560976,10183000000.0,4380000000.0,3931000000.0,1096000000.0,5803000000.0,653000000.0,114000000.0,22754970000.0,25103970000.0,25.614035087719298,3.5866788321167884,0.4240400667779633,0.9858447488584475,0.01430233491133756,25.614035087719298,0.021232876712328767,22.199970731707317,61.16927419354838,5.195198630136986,0.043010752688172046,1.0735068912710566,0.00017578577339368058,0.10065795934400472,2.863138686131387,0.009132868506334086,2528.33,0.31609756097560976,-0.4948453608247423,13.757450213577421,0.6919648521084105,4.202815592765478,-0.2624630093330298,-0.4901315789473684,-0.45085555113410264,6.368699762426901,0.5441547797320412,1.3806836289428948,Drug Manufacturers—Specialty & Generic,Healthcare,CTLT
2021Q4,2021,Q4,2021-08-30,2021-06-30,182400000.0,1188200000.0,251300000.0,0.97,439300000.0,0.3697189025416597,9112000000.0,4274000000.0,2918000000.0,1196000000.0,4838000000.0,593000000.0,25000000.0,18488520000.0,20849520000.0,24.994152046783626,2.439799331103679,0.35744073748902544,0.7620496022461395,0.027420113115073304,24.994152046783626,0.042676649508656996,15.560107725972058,25.340625000000003,4.325811885821245,0.023574561403508772,1.2629005059021923,0.00023257675573815534,0.13039947322212467,1.8478260869565217,0.020017559262510976,-338.6175824175824,0.3697189025416597,-0.23015873015873017,1.1505654281098545,0.629420413114711,3.905284125552126,0.20158643326039388,-0.21311475409836064,-0.3182311448724905,0.7180169286577992,0.35056947783145304,2.063606379526621,Drug Manufacturers—Specialty & Generic,Healthcare,CTLT
2021Q3,2021,Q3,2021-05-04,2021-03-31,231800000.0,1053300000.0,368600000.0,1.26,365600000.0,0.3470995917592329,8769100000.0,4072200000.0,2774500000.0,1139200000.0,4696900000.0,555100000.0,-150300000.0,17955355000.0,20204955000.0,23.883870967741935,2.435481039325843,0.3692169093749644,0.7950739158194587,0.036787516214169966,23.883870967741935,0.056922548008447524,17.046762555777082,19.36513697152718,4.409251755807672,0.020276100086281276,1.2388758782201406,0.00026176034948905216,0.12011494908257404,1.8566537921348314,0.026433727520498114,-215.80955528846152,0.3470995917592329,1.8,16.314581576635344,0.7603645678624512,3.944341514893071,0.2260228034875922,1.6221719457013575,1.9115323854660347,8.525565300879766,0.30976243103040024,1.9759535492204203,Drug Manufacturers—Specialty & Generic,Healthcare,CTLT
2021Q2,2021,Q2,2021-02-02,2020-12-31,88400000.0,910800000.0,126600000.0,0.45,298200000.0,0.32740447957839264,8198100000.0,3814500000.0,2518900000.0,1024000000.0,4383600000.0,486200000.0,-377400000.0,17387509923.87,19610209923.87,22.831044625603518,2.45986328125,0.37274490430709556,0.8011010617381046,0.014944581964090346,22.831044625603518,0.02317472801153493,19.090371018741763,49.17282218289027,4.558267118592214,0.05542986425339366,1.2599753187988483,0.00028181148545446176,0.11109891316280601,1.71962890625,0.010782986301704054,-150.8023410569818,0.32740447957839264,0.09756097560975618,1.1511966416835946,0.49579923508210555,3.691687241291298,0.1980715146645239,0.07281553398058252,0.5533742331288344,4.21287105216206,0.19569551196918714,2.0195393229043503,Drug Manufacturers—Specialty & Generic,Healthcare,CTLT
2021Q1,2021,Q1,2020-11-03,2020-09-30,82400000.0,845700000.0,81500000.0,0.41,248900000.0,0.294312403925742,7984200000.0,3678700000.0,2356100000.0,919700000.0,4305500000.0,406700000.0,-460900000.0,14055778336.98,16107478336.98,22.419067407383828,2.5618136348809393,0.3830941108689662,0.8314622013211189,0.014788788285665938,22.419067407383828,0.02239921711474162,16.620288916849947,42.64495854666262,3.8208547413434095,0.0983009708737864,1.4674207032210476,0.0005762754509787149,0.10592169534831292,2.008915950853539,0.010320382755942988,140557.7833698,0.294312403925742,-0.5176470588235295,5.884316090413407,0.520025754284291,3.6832738820079167,-0.2561267184698147,-0.4656290531776913,-0.5211515863689776,15.612990848639472,0.19124607452644968,1.713105252286316,Drug Manufacturers—Specialty & Generic,Healthcare,CTLT
2020Q4,2020,Q4,2020-08-31,2020-06-30,154200000.0,947600000.0,170200000.0,0.85,334600000.0,0.3531025749261292,7776500000.0,3505400000.0,2293000000.0,893200000.0,4271100000.0,346900000.0,-535200000.0,11456790000.0,13521590000.0,22.427383237364044,2.5671742051052395,0.3880923294541246,0.8609573800422206,0.022475889547949688,22.427383237364044,0.04398927369201803,12.09032292106374,18.57456225680934,3.268326011296856,0.05252918287937743,1.7670798501008935,0.0007070043179634086,0.12185430463576159,2.095499328257949,0.019828971902526842,1101.614423076923,0.3531025749261292,9.625,-0.197915201110921,0.48518142178035695,3.420364718520357,0.40117252931323283,6.37799043062201,0.6884920634920635,0.9970743342712856,0.2294436083581801,2.8779069011668854,Drug Manufacturers—Specialty & Generic,Healthcare,CTLT
2020Q3,2020,Q3,2020-05-05,2020-03-31,20900000.0,760600000.0,100800000.0,0.08,238800000.0,0.3139626610570602,7079600000.0,2794300000.0,1746100000.0,917100000.0,4285300000.0,320300000.0,-681200000.0,7858361950.25,10448661950.25,18.472537396344013,1.9039363210118854,0.45181931182552687,1.1447231864867766,0.011836030924968018,18.472537396344013,0.007479511863436281,10.331793255653432,93.99954485944977,2.8122828437354617,0.3875598086124402,1.6290977208866688,0.001030749162647352,0.10743544833041414,1.47715625340748,0.002952144188937228,-265.4852010219595,0.3139626610570602,-0.6521739130434784,-0.45508564010129,0.3987178680575623,3.9015579537786382,0.028423772609819122,-0.5406593406593406,0.13258426966292136,-0.33599794497922353,0.17964585029914346,2.5913788123934722,Drug Manufacturers—Specialty & Generic,Healthcare,CTLT
2020Q2,2020,Q2,2020-02-03,2019-12-31,45500000.0,721400000.0,89000000.0,0.23,232200000.0,0.3218741336290546,6195300000.0,2322700000.0,1300500000.0,658100000.0,3872600000.0,258300000.0,-694000000.0,8223629807.5,10931729807.5,15.90149521087863,1.9761434432457072,0.46761254499378563,1.2472553493778793,0.013261724279598871,15.90149521087863,0.01958927110690145,11.399542289298585,45.18477916208791,3.5405475556464454,0.17802197802197803,1.8939217963608208,0.0009849665159553695,0.11644311009959163,1.3757787570278073,0.007344277113295563,195.80070970238094,0.3218741336290546,334.0251645,-0.15811161758144818,0.3617515864905354,3.0511476992457625,0.3066966797974114,454.0,1.5872093023255813,1.2358030667363815,0.2751798741286414,2.377436503927993,Drug Manufacturers—Specialty & Generic,Healthcare,CTLT
2020Q1,2020,Q1,2019-11-05,2019-09-30,100000.0,664700000.0,34400000.0,0.0006865155945621512,177700000.0,0.26733864901459303,6119500000.0,2255900000.0,1266800000.0,615800000.0,3863600000.0,259100000.0,-731400000.0,6942304060.9,9631904060.9,15.487105297727568,2.05716141604417,0.47928752349048126,1.3001462830799237,-9.749317831162187e-05,15.487105297727568,4.432820603750166e-05,10.444266678050248,17355.760152249997,3.0773988478655965,119.0,1.8795831725202625,0.0017141283204552245,0.10861998529291608,1.4935043845404352,1.6341204346760357e-05,-143.73300333126292,0.26733864901459303,-0.998439737285086,1.00381397551361,0.1818172535496709,2.330229724940026,-0.30721247563352827,-0.9984779299847792,-0.6858447488584475,-0.9813716282795827,0.28807060017600106,2.1457969294517922,Drug Manufacturers—Specialty & Generic,Healthcare,CTLT
2019Q4,2019,Q4,2019-08-27,2019-06-30,65700000.0,725700000.0,109500000.0,0.44,256500000.0,0.3534518396031418,6184000000.0,1681600000.0,1395800000.0,670700000.0,4502400000.0,265300000.0,-723400000.0,7949363000.0,10563263000.0,11.573296627666895,2.0811092888027436,0.47854139715394567,1.7598120837297813,0.02102222199900622,11.573296627666895,0.03906993339676498,10.954062284690643,30.24871765601218,4.727261536631779,0.0,1.7685638899359215,0.0,0.11735122897800776,1.6075741762337856,0.010624191461836999,-8832.625555555556,0.3534518396031418,1.0,0.9499969659629164,0.12752310672829506,4.657229390737356,0.29089079013588326,1.0725552050473186,0.6641337386018237,-0.08835933009193843,0.17120043202610796,1.2713436375732483,Drug Manufacturers—Specialty & Generic,Healthcare,CTLT
2019Q3,2019,Q3,2019-05-07,2019-03-31,31700000.0,617500000.0,65800000.0,0.22,198700000.0,0.32178137651821864,4493100000.0,1620700000.0,1143700000.0,525400000.0,2872400000.0,256700000.0,-790700000.0,5911768476.299999,7870468476.299999,11.166051455606798,2.1768176627331557,0.48665731900024484,1.3491701116801382,0.012860517890698977,11.166051455606798,0.019559449620534335,9.573714131659917,46.62277978154574,3.647663649225643,0.0,1.6314764316322556,0.0,0.13743295274977188,1.5719451846212409,0.007055262513632013,216.5482958351648,0.32178137651821864,-0.33333333333333337,2.824357258500608,0.10158216532388795,4.275040214456465,-0.013406156901688183,-0.35306122448979593,-0.1585677749360614,1.781500917379744,0.2122965588870778,1.3115504117383248,Drug Manufacturers—Specialty & Generic,Healthcare,CTLT
2019Q2,2019,Q2,2019-02-05,2018-12-31,49000000.0,623000000.0,78200000.0,0.33,201400000.0,0.3232744783306581,4441600000.0,1563000000.0,1071500000.0,514300000.0,2878600000.0,245800000.0,-822400000.0,4522915611.4,6514915611.4,10.77498326017076,2.0834143496014,0.4952944884726225,1.4074856046065258,0.019850104205535558,10.77498326017076,0.03134996801023673,7.259896647512038,23.076100058163266,2.8937399944977606,0.0,1.7152156224572823,0.0,0.14026476945244956,1.5105969278631148,0.011032060518731988,15076.385371333332,0.3232744783306581,4.3,3.0640940455573147,0.14335113133272986,4.052729877410897,0.35622895622895623,4.402777777777778,2.8333333333333335,0.3733884434554159,0.17844086425689576,1.21421543849022,Drug Manufacturers—Specialty & Generic,Healthcare,CTLT
2019Q1,2019,Q1,2018-11-06,2018-09-30,-14400000.0,551800000.0,20400000.0,-0.1,148500000.0,0.2691192461036607,4499800000.0,1529400000.0,1083400000.0,527500000.0,2970400000.0,246700000.0,-871400000.0,6440785462.650001,8453785462.650001,10.759109180371357,2.0538388625592416,0.5064891772967688,1.4901922322479404,0.00575617383739044,10.759109180371357,-0.009415457041977247,11.672318707230882,-111.81919205989584,4.21131519723421,0.0,1.63477908390758,0.0,0.12262767234099294,1.4908056872037914,-0.003200142228543491,2220.960504362069,0.2691192461036607,-1.1639344262295082,-8.923251935473624,0.09925638074119647,4.2625305607912685,-0.36375321336760924,-1.1741233373639661,-0.7903391572456321,-2.388763012646631,0.14484942481670937,1.2475446503858274,Drug Manufacturers—Specialty & Generic,Healthcare,CTLT
2018Q4,2018,Q4,2018-08-28,2018-06-30,82700000.0,685300000.0,97300000.0,0.61,233400000.0,0.3405807675470597,4531100000.0,1086700000.0,1240300000.0,576900000.0,3444400000.0,220200000.0,-872100000.0,5579748000.0,7890848000.0,8.158408408408409,2.1499393309065695,0.6005826399770475,2.5041869881291987,0.023636539347282538,8.158408408408409,0.07610196006257476,8.14205165620896,16.867436517533253,5.134579920861323,0.0,2.052225249772934,0.0,0.15124362737525104,1.6961345120471485,0.018251638674935445,125.38759550561798,0.3405807675470597,3.3571428571428568,2.7938229518190068,0.19478611993971415,3.3305463410433807,0.21752738654147105,3.3526315789473684,0.33105335157318744,-0.495226932609252,0.26034644556828945,0.6079959175855667,Drug Manufacturers—Specialty & Generic,Healthcare,CTLT
2018Q3,2018,Q3,2018-05-01,2018-03-31,19000000.0,627900000.0,73100000.0,0.14,191700000.0,0.305303392259914,4554100000.0,1068400000.0,1214400000.0,557500000.0,3485700000.0,235000000.0,-954800000.0,5466058259.740001,7851658259.740001,8.025619544363703,2.1782959641255606,0.6098021562987198,2.5993073755147886,0.01104511926048835,8.025619544363703,0.0177836016473231,8.705300620703936,71.92181920710526,5.116115930119806,0.0,1.8561702127659574,0.0,0.13787576030390197,1.6665470852017936,0.004172064732878066,90.49765330695365,0.305303392259914,1.8750000000000002,1.8906712706594238,0.23795441280166948,0.0,0.02294557097118463,1.8675799086757991,0.0625,-0.43710585316466716,0.3120652999427277,1.1295417336365918,Drug Manufacturers—Specialty & Generic,Healthcare,CTLT
2018Q2,2018,Q2,2018-02-05,2017-12-31,-21900000.0,606300000.0,68800000.0,-0.16,187400000.0,0.3090879102754412,4387100000.0,1005500000.0,1075500000.0,484000000.0,3381600000.0,224100000.0,-973800000.0,5462952402.96,7875852402.96,7.5611019377762,2.222107438016529,0.625105422716601,2.727399303828941,-0.01435775462830614,7.5611019377762,-0.02178020885131775,9.010312391489363,-62.362470353424655,5.433070515126802,0.0,1.8692547969656403,0.0,0.13820063367600466,1.6262396694214876,-0.0049919080941852245,104.85513249443378,0.3090879102754412,-6.333333333333334,0.2948628859202503,0.22653939956626054,0.0,0.337615988579586,-6.7631578947368425,1.1567398119122256,-1.4450875129077183,0.2570932533727299,0.9263056909283071,Drug Manufacturers—Specialty & Generic,Healthcare,CTLT
2018Q1,2018,Q1,2017-11-06,2017-09-30,3800000.0,543900000.0,31900000.0,0.03,140100000.0,0.25758411472697185,3784800000.0,1038800000.0,1330100000.0,457100000.0,2746000000.0,205900000.0,-951900000.0,5018472780.320001,6523872780.320001,8.263250159016657,2.9098665499890615,0.5566476432043965,2.0281093569503272,0.020282299084435403,8.263250159016657,0.0036580670003850597,9.226829895789669,330.16268291578945,4.831028860531382,0.0,1.9611461874696454,0.0,0.14370640456563094,2.2942463355939617,0.001004016064257028,122.40177512975612,0.25758411472697185,-0.9387755102040816,1.180016922843467,0.2320201362997336,0.0,-0.3489776951672863,-0.9385113268608414,-0.6707946336429309,1.1679306812756538,0.12050102680250056,0.7768666755439748,Drug Manufacturers—Specialty & Generic,Healthcare,CTLT
2017Q4,2017,Q4,2017-08-28,2017-06-30,61800000.0,616900000.0,96900000.0,0.49,215200000.0,0.34884097908899336,3454300000.0,723500000.0,1059800000.0,469000000.0,2730800000.0,196700000.0,-955700000.0,4391010000.0,6182410000.0,5.783373301358913,2.2597014925373133,0.6020611990851982,2.8744989633724947,0.030871097771003247,5.783373301358913,0.08541810642709054,7.117863511103907,17.762985436893207,6.069122322045612,0.0,2.042196237925775,0.0,0.1785890050082506,1.696588486140725,0.017890744868714357,91.09979253112033,0.34884097908899336,1.3333333333333335,2.0186095401179056,0.14517305862831512,2.652089330619751,0.2855436081242533,1.376923076923077,0.5,1.1304205653124557,0.11324666445442573,2.827579772281313,Drug Manufacturers—Specialty & Generic,Healthcare,CTLT
2017Q3,2017,Q3,2017-05-04,2017-03-31,26000000.0,532600000.0,64600000.0,0.21,167400000.0,0.31430717236199773,3285200000.0,642700000.0,928400000.0,390100000.0,2642500000.0,205600000.0,-1022300000.0,3538638600.96,5346438600.96,5.143578096690113,2.379902589079723,0.6237063192499696,3.18811264975883,0.017982486240389527,5.143578096690113,0.0404543332814688,6.644082990912505,34.025371163076926,5.505894820227167,0.0,1.7762645914396886,0.0,0.16212102763910874,1.7210971545757499,0.007914282235480337,50.84250863448276,0.31430717236199773,0.4999999999999998,2.298522683638306,0.11873617351129971,0.0,0.13184584178498987,0.4942528735632184,0.348643006263048,2.643615888417934,0.10367483901909282,2.508628648168998,Drug Manufacturers—Specialty & Generic,Healthcare,CTLT
2017Q2,2017,Q2,2017-02-06,2016-12-31,17400000.0,483700000.0,47900000.0,0.14,147900000.0,0.3057680380401075,3154300000.0,588000000.0,882600000.0,334800000.0,2566300000.0,180900000.0,-1048300000.0,3367025799.76,5135625799.76,4.708155191780817,2.6362007168458783,0.6417905716006721,3.442857142857143,0.011860221682237245,4.708155191780817,0.02959183673469388,6.96097953227207,48.37680746781609,5.726234353333333,0.0,1.8562741846323936,0.0,0.1533462257870209,1.8581242532855435,0.00551627936467679,158.07632862723005,0.3057680380401075,2.5,1.59655313552783,0.041934570967566566,0.0,0.1917808219178082,2.782608695652174,0.9314516129032258,1.8513310371595073,0.031058920805436208,2.3338977587616925,Drug Manufacturers—Specialty & Generic,Healthcare,CTLT
2017Q1,2017,Q1,2016-11-07,2016-09-30,4600000.0,442200000.0,24800000.0,0.04,124100000.0,0.2806422433288105,3128100000.0,614500000.0,768900000.0,448600000.0,2513600000.0,188600000.0,-1065700000.0,3225335001.44,5030535001.440001,4.9231103103741845,1.7139991083370485,0.6193216329401234,3.1526444263628965,0.009313687070564569,4.9231103103741845,0.0074857607811228645,7.293837633288105,175.28994573043477,5.248714404296176,0.0,1.6866383881230116,0.0,0.14136376714299415,1.1506910387873384,0.0014705412231066782,156.56966026407767,0.2806422433288105,-0.9130434782608696,1.2194756221709109,0.008825858190345754,0.0,-0.3391906283280085,-0.925686591276252,-0.7262693156732892,1.8824465045112972,0.0032253284441767565,2.4928557348451386,Drug Manufacturers—Specialty & Generic,Healthcare,CTLT
2016Q4,2016,Q4,2016-08-29,2016-06-30,61900000.0,532200000.0,90600000.0,0.46,187800000.0,0.3528748590755355,3091100000.0,635900000.0,790200000.0,391200000.0,2455200000.0,165600000.0,-1036100000.0,2869152000.0,4598052000.0,5.095352564102564,2.0199386503067487,0.6018892950729514,2.925774492844787,0.02906197861531213,5.095352564102564,0.09734234942601037,5.391116121758738,11.587851373182552,4.511954709860041,0.0,2.079710144927536,0.0,0.1721717188056032,1.3967280163599183,0.02002523373556339,1366.2628571428572,0.3528748590755355,4.75,2.030762036049346,-0.009683656139609604,2.4555480285047264,0.48811410459587956,5.316326530612245,1.8761904761904762,2.030762036049346,-0.009683656139609604,2.4555480285047264,Drug Manufacturers—Specialty & Generic,Healthcare,CTLT
2016Q3,2016,Q3,2016-05-04,2016-03-31,9800000.0,438000000.0,31500000.0,0.08,126200000.0,0.28812785388127854,3057700000.0,602900000.0,727500000.0,371500000.0,2454800000.0,179100000.0,-1117300000.0,3328679979.6600003,5065579979.66,4.830546372211601,1.958277254374159,0.6118324230630866,3.1030021562448167,0.008913772890811335,4.830546372211601,0.016254768618344666,7.599725980958905,84.91530560357143,5.52111457896832,0.0,1.740926856504746,0.0,0.14324492265428262,1.285598923283984,0.003205023383588972,135.31219429512197,0.28812785388127854,-0.6666666666666666,1.4900001373254426,-0.07892591636017356,0.0,-0.1702827087442472,-0.6807817589576547,-0.46245733788395904,1.4900001373254426,-0.07892591636017356,0.0,Drug Manufacturers—Specialty & Generic,Healthcare,CTLT
2016Q2,2016,Q2,2016-02-09,2015-12-31,30700000.0,454900000.0,58600000.0,0.24,152100000.0,0.3343591998241372,3035200000.0,607400000.0,679500000.0,340200000.0,2427800000.0,170500000.0,-1127100000.0,3124200572.23,4881400572.23,4.86627591555308,1.9973544973544974,0.6169939377965208,3.0831412578202175,0.018166312389332657,4.86627591555308,0.050543299308528154,6.867884309144867,25.441372738029315,5.143563668472177,0.0,1.7759530791788856,0.0,0.14987480231945177,1.3154027042915932,0.01011465471797575,-137.6299811555066,0.3343591998241372,2.428571428571428,2.053141576057343,-0.019542448666743498,0.0,0.2518518518518518,2.3736263736263736,0.5795148247978437,2.053141576057343,-0.019542448666743498,0.0,Drug Manufacturers—Specialty & Generic,Healthcare,CTLT
2016Q1,2016,Q1,2015-11-03,2015-09-30,9100000.0,423000000.0,37100000.0,0.07,121500000.0,0.2872340425531915,3056400000.0,597200000.0,691200000.0,352900000.0,2459200000.0,162100000.0,-1157800000.0,3031503586.2000003,4764003586.200001,4.787050249935805,1.9586285066591103,0.6163787462374035,3.154554588077696,0.009643630484141267,4.787050249935805,0.015237776289350302,7.166675144680852,83.28306555494505,5.076194886470194,0.0,1.8599629858112277,0.0,0.13839811542991756,1.3023519410597904,0.002977358984426122,259.10287061538463,0.2872340425531915,-0.9426229508196721,1.4344105431131016,-0.03446428656359064,0.0,-0.3313153549807375,-0.940793754066363,-0.5840807174887892,1.4344105431131016,-0.03446428656359064,0.0,Drug Manufacturers—Specialty & Generic,Healthcare,CTLT
2015Q4,2015,Q4,2015-09-02,2015-06-30,153700000.0,510100000.0,89200000.0,1.22,181700000.0,0.35620466575181337,3145400000.0,634000000.0,737500000.0,399000000.0,2511400000.0,144400000.0,-1166900000.0,3665057735.5,5401657735.5,5.073649950964054,1.8483709273182958,0.6002098302282699,2.977760252365931,0.08659201218695836,5.073649950964054,0.24242902208201894,7.184978897275044,5.9613821332140535,5.78084816324921,0.0,2.2742382271468142,0.0,0.16217333248553442,1.312531328320802,0.04886500921981306,81.809324453125,0.35620466575181337,3.88,6.515898127112604,-0.05201770184626832,2.449348419082267,0.1938239159001314,3.8793650793650793,0.3556231003039514,6.515898127112604,-0.05201770184626832,2.449348419082267,Drug Manufacturers—Specialty & Generic,Healthcare,CTLT
2015Q3,2015,Q3,2015-05-05,2015-03-31,31500000.0,446600000.0,65800000.0,0.25,152200000.0,0.3407971339005822,2974100000.0,468200000.0,653100000.0,365400000.0,2505900000.0,153600000.0,-1320600000.0,3869875985.85,5635575985.85,3.7687073315339323,1.7873563218390804,0.6327292290104569,4.019222554463904,0.020533333333333334,3.7687073315339323,0.0672789406236651,8.665194773510972,30.713301474999998,8.265433545173003,0.0,1.9166666666666667,0.0,0.1501630745435594,1.2252326217843459,0.010591439427053562,68.0118802434095,0.3407971339005822,-0.32432432432432434,2.582306861186776,-0.05648414537317097,0.0,-0.024983984625240232,-0.3225806451612903,0.05448717948717949,2.582306861186776,-0.05648414537317097,0.0,Drug Manufacturers—Specialty & Generic,Healthcare,CTLT
2015Q2,2015,Q2,2015-02-12,2014-12-31,46500000.0,455800000.0,62400000.0,0.37,156100000.0,0.3424747696358052,3038100000.0,493300000.0,637500000.0,346500000.0,2545700000.0,156300000.0,-1352100000.0,3503837846.8799996,5353937846.879999,3.9251827855694206,1.8398268398268398,0.6366479049405879,3.9209406040948713,0.028208840214192586,3.9251827855694206,0.09426312588688425,7.687226517946467,18.837837886451613,7.102853936509224,0.0,1.9174664107485604,0.0,0.15002797801257364,1.2135642135642135,0.015305618643230967,35038.378468799994,0.3424747696358052,3.055555555555556,2.584266225473615,-0.024305160913476117,0.0,0.24581005586592178,3.3846153846153846,0.4682352941176471,2.584266225473615,-0.024305160913476117,0.0,Drug Manufacturers—Specialty & Generic,Healthcare,CTLT
2015Q1,2015,Q1,2014-11-14,2014-09-30,-19500000.0,418300000.0,42500000.0,-0.18,125300000.0,0.2995457805402821,2951300000.0,503800000.0,619100000.0,377600000.0,2448300000.0,154500000.0,-1398600000.0,2711583324.9900002,4465083324.99,4.6504615527706505,1.6395656779661016,0.6155592450784401,3.6059944422389836,0.010839500635419004,4.6504615527706505,-0.03870583564906709,6.482389015037056,-34.76388878192308,5.382261462862248,0.0,1.896440129449838,0.0,0.14173415105207873,1.0471398305084745,-0.0066072578185884185,-38.191314436478876,0.2995457805402821,-1.7762602369318745,-0.07197161040497312,0.09952611093580851,0.0,-0.3415659485023647,-1.7169117647058822,-0.579624134520277,-0.07197161040497312,0.09952611093580851,0.0,Drug Manufacturers—Specialty & Generic,Healthcare,CTLT
2014Q4,2014,Q4,2014-06-30,2014-06-30,27200000.0,519600000.0,101100000.0,0.231881,190300000.0,0.36624326404926866,3090200000.0,-371200000.0,687500000.0,453000000.0,3462000000.0,147300000.0,-1379100000.0,2344854386.2999997,4981054386.299999,-3.164498419754177,1.5176600441501105,0.8771600543654132,-7.302262931034483,0.02193303854661018,-3.164498419754177,-0.07327586206896551,4.512806748075442,21.551970462316174,-6.316956859644396,0.0,2.2355736591989137,0.0,0.16814445666947123,1.0554083885209713,0.008802019286777554,95.31928399593495,0.36624326404926866,3.0603943405477345,0.41690781119322545,0.028678634478133118,0.09602340993438707,0.2544495715227423,3.0597014925373136,0.6794019933554817,0.41690781119322545,0.028678634478133118,0.09602340993438707,Drug Manufacturers—Specialty & Generic,Healthcare,CTLT
2014Q3,2014,Q3,2014-03-31,2014-03-31,6700000.0,453100000.0,60200000.0,0.057108,151700000.0,0.3348046788788347,3091000000.0,-400000000.0,627400000.0,413300000.0,3491400000.0,167300000.0,-1439800000.0,2345253526.6299996,4990753526.629999,-3.4094394952215725,1.5180256472296152,0.8738919443545778,-6.753,0.014334391347932822,-3.4094394952215725,-0.01675,5.176017494217612,87.50945994888059,-5.863133816574999,0.0,1.8015540944411237,0.0,0.14658686509220317,0.9675780304863295,0.002167583306373342,76.39262301726383,0.3348046788788347,1.3489578559513116,1.3563829787234043,0.01364653243847878,0.0,0.10407569141193596,1.3489583333333333,0.35280898876404493,1.3563829787234043,0.01364653243847878,0.0,Drug Manufacturers—Specialty & Generic,Healthcare,CTLT
2014Q2,2014,Q2,2013-12-31,2013-12-31,-19200000.0,440700000.0,44500000.0,-0.163653,137400000.0,0.3117767188563649,3072900000.0,-414100000.0,612100000.0,406000000.0,3486800000.0,152600000.0,-1446500000.0,2345253526.6299996,5011853526.629999,-3.529622237428133,1.5076354679802955,0.8886719385596668,-6.594542381067375,-0.0825086231591174,-3.529622237428133,0.046365612170973194,5.321655381506693,-30.537155294661456,-5.663495596788215,0.0,1.9875491480996068,0.0,0.14341501513228547,0.9396551724137931,-0.006248169481597188,-404.3540563155172,0.3117767188563649,-13.800391083300742,0.29927007299270075,0.010548039440495392,0.0,0.15268456375838926,-13.8,0.2678062678062678,0.29927007299270075,0.010548039440495392,0.0,Drug Manufacturers—Specialty & Generic,Healthcare,CTLT
2014Q1,2014,Q1,2013-09-30,2013-09-30,1500000.0,414300000.0,35100000.0,0.012785,119200000.0,0.2877142167511465,3041600000.0,-386900000.0,616700000.0,348500000.0,3428600000.0,145200000.0,-1427300000.0,2345253526.6299996,4953153526.629999,-3.297780351753066,1.769583931133429,0.8889071541294056,-6.988110622899974,-0.005681327693370166,-3.297780351753066,-0.003876970793486689,5.660761589741732,390.8755877716667,-6.061652950710777,0.0,2.0323691460055096,0.0,0.13621120462914255,1.121377331420373,0.0004931614939505523,366.44586353593746,0.2877142167511465,-0.9218774326278646,1.0761421319796955,0.005582524271844709,0.0,-0.31375935521013243,-0.921875,-0.5528662420382165,1.0761421319796955,0.005582524271844709,0.0,Drug Manufacturers—Specialty & Generic,Healthcare,CTLT
2013Q4,2013,Q4,2013-06-30,2013-06-30,19200000.0,505200000.0,78500000.0,0.16365309577063547,173700000.0,0.34382422802850354,3056800000.0,-410700000.0,677900000.0,410300000.0,3467100000.0,136700000.0,-1428800000.0,2345253526.6299996,4930453526.629999,-3.5006420017187496,1.652205703144041,0.8805286574195237,-6.553688823959094,0.014340099668259604,-3.5006420017187496,-0.04674945215485756,4.64222788327395,30.537155294661456,-5.710381121572924,0.0,2.4250182882223847,0.0,0.16527087149960742,1.1318547404338288,0.006281078251766554,139.59842420416663,0.34382422802850354,2.021276595744681,0.0,0.0,0.0,0.26419213973799127,2.021276595744681,0.6388308977035491,0.0,0.0,0.0,Drug Manufacturers—Specialty & Generic,Healthcare,CTLT
2013Q3,2013,Q3,2013-03-31,2013-03-31,-18800000.0,447000000.0,47900000.0,-0.1602436562754139,137400000.0,0.3073825503355705,,,,,,,,2345253526.6299996,,,0.0,0.0,0.0,0.0,,0.0,5.246652184854585,-31.18688200305851,0.0,0.0,0.0,0.0,0.0,0.0,0.0,91.9707265345098,0.3073825503355705,0.3138686131386862,0.0,0.0,0.0,-0.018571428571428572,0.31386861313868614,0.05043859649122807,0.0,0.0,0.0,Drug Manufacturers—Specialty & Generic,Healthcare,CTLT
2013Q2,2013,Q2,2012-12-31,2012-12-31,-27400000.0,436100000.0,45600000.0,-0.23354660542267772,140000000.0,0.32102728731942215,,,,,,,,2345253526.6299996,,,0.0,0.0,0.0,0.0,,0.0,5.37778841235955,-21.398298600638686,0.0,0.0,0.0,0.0,0.0,0.0,0.0,-160.6338031938356,0.32102728731942215,-0.3908620755898979,0.0,0.0,0.0,0.19148936170212766,-0.39086294416243655,0.4074074074074074,0.0,0.0,0.0,Drug Manufacturers—Specialty & Generic,Healthcare,CTLT
2013Q1,2013,Q1,2012-09-30,2012-09-30,-19700000.0,412000000.0,32400000.0,-0.167915,117500000.0,0.28519417475728154,,,,,,,,2345253526.6299996,,,0.0,0.0,0.0,0.0,,0.0,5.6923629287135915,-29.762100591751263,0.0,0.0,0.0,0.0,0.0,0.0,0.0,-187.62028213039997,0.28519417475728154,0.0,0.0,0.0,0.0,0.0,0.0,0.0,0.0,0.0,0.0,Drug Manufacturers—Specialty & Generic,Healthcare,CTLT
