Quarters,Year,Quarter,FillingDate,Date,NetIncome,Revenue,OperatingIncome,EPSDiluted,GrossProfit,GrossProfitRatio,TotalAssets,CommonStockEquity,CurrentAssets,CurrentLiability,TotalLiability,Inventory,RetainedEarnings,MarketCap,EnterpriseValue,bookValuePerShare,currentRatio,debtToAssets,debtToEquity,roic,shareholdersEquityPerShare,roe,priceToSalesRatio,peRatio,pbRatio,payoutRatio,inventoryTurnover,dividendYield,assetTurnover,quickRatio,returnOnAssets,priceToFreeCashFlowsRatio,grossProfitMargin,epsdilutedGrowth,fiveYNetIncomeGrowthPerShare,fiveYRevenueGrowthPerShare,fiveYShareholdersEquityGrowthPerShare,grossProfitGrowth,netIncomeGrowth,operatingIncomeGrowth,threeYNetIncomeGrowthPerShare,threeYRevenueGrowthPerShare,threeYShareholdersEquityGrowthPerShare,Industry,Sector,Symbol
2023Q1,2023,Q1,2023-05-10,2023-03-31,552000.0,13800000.0,426000.0,0.05,4982000.0,0.3610144928,64055000.0,60986000.0,51759000.0,1673000.0,3069000.0,24094000.0,62216000.0,50544278.72,38258278.72,5.019396189337886,30.937836222355052,0.02396378112559519,0.02516971108123176,0.005297312903157789,5.019396189337886,0.009051257665693766,3.6626288927536232,22.891430579710146,0.8287849460531925,0.0,0.3659832323400017,0.0,0.21543985637342908,13.719665271966527,0.008617594254937163,-25.45029139979859,0.3610144927536232,0.0,0.2715479099179122,0.41134927949287564,1.2720588490580937,0.03554354604032426,-0.02127659574468085,-0.4394736842105263,-0.8884030943250381,-0.17903675482586998,0.6312623641965168,Building Products & Equipment,Industrials,APT
2022Q4,2022,Q4,2023-03-16,2022-12-31,564000.0,12225000.0,760000.0,0.05,4811000.0,0.3935378323,64803000.0,60758000.0,52562000.0,2406000.0,4045000.0,24397000.0,62124000.0,49665347.279999994,35149347.279999994,4.917858695782384,21.846217788861182,0.027375275835995246,0.029197801112610684,0.007670460249446717,4.917858695782384,0.009282728200401593,4.062605094478527,22.01478159574468,0.8174289357780045,0.0,0.3038898225191622,0.0,0.18864867367251517,9.668744804655029,0.008703300773112356,27.54594968386023,0.39353783231083844,0.25000000000000006,2.7400346893519014,0.4349627339682914,1.2638586824238514,-0.0014528850145288502,0.12127236580516898,0.17465224111282843,0.764023905079598,0.17299564210787668,0.9159426593341687,Building Products & Equipment,Industrials,APT
2022Q3,2022,Q3,2022-11-08,2022-09-30,503000.0,14722000.0,647000.0,0.04,4818000.0,0.3272653172,66505000.0,62685000.0,52509000.0,1914000.0,3820000.0,25124000.0,62559000.0,51091507.349999994,37584507.349999994,4.969010764564964,27.434169278996865,0.03022329148184347,0.03206508734146925,0.0073698031486879945,4.969010764564964,0.00802424822525325,3.470418920662953,25.39339331510934,0.8150515649676956,0.0,0.39420474446744147,0.0,0.22136681452522367,11.920585161964473,0.007563341102172769,40.51665927835051,0.32726531721233526,-0.20000000000000004,-0.4674436221475788,0.4268848489611604,1.2631647258527583,-0.14148253741981467,-0.2741702741702742,-0.6425414364640883,0.1912660130792459,0.26686899024403693,0.9515766982830203,Building Products & Equipment,Industrials,APT
2022Q2,2022,Q2,2022-08-05,2022-06-30,693000.0,17373000.0,1810000.0,0.05,5612000.0,0.3230299891,67981000.0,63236000.0,53666000.0,2602000.0,4745000.0,23157000.0,63108000.0,57241120.72,44142120.72,4.9270971017424205,20.62490392006149,0.03299451317279828,0.035470301726864446,0.020810955827674872,4.9270971017424205,0.010958947435005377,3.2948322523455937,20.64975494949495,0.905198316149029,0.0,0.5078809863108348,0.0,0.2555566996660832,8.989623366641045,0.010194024801047351,28.155986581406786,0.32302998906348934,-0.5833333333333333,0.004242396458722247,0.7941142290732962,1.2611776737079303,-0.1288419745420677,-0.5446780551905388,-0.059251559251559255,-0.29515055901284437,0.5634478609576845,0.9622543358266645,Building Products & Equipment,Industrials,APT
2022Q1,2022,Q1,2022-05-10,2022-03-31,1522000.0,17661000.0,1924000.0,0.12,6442000.0,0.3647585074,67769000.0,63441000.0,53137000.0,1951000.0,4328000.0,23883000.0,63311000.0,54847258.2,43081258.2,4.85807693482844,27.235776524859048,0.03649161120866473,0.038981100550117435,0.02169197120582991,4.85807693482844,0.023990794596554278,3.10555790725327,9.009076576872536,0.8645396226415094,0.0,0.46974835657162,0.0,0.2606058817453408,11.812916453100973,0.022458646283699035,-41.80431265243902,0.3647585074457845,1.6607538802660753,2.2226170238119085,0.9130360878111732,1.3038536054832273,0.30273003033367035,1.5366666666666666,1.4231738035264483,0.2814654855184847,0.47200239800042065,0.9965423018046703,Building Products & Equipment,Industrials,APT
2021Q4,2021,Q4,2022-03-11,2021-12-31,600000.0,13195000.0,794000.0,0.0451,4945000.0,0.3747631679,67889000.0,62620000.0,52999000.0,2661000.0,5269000.0,24969000.0,62488000.0,78434433.11999999,64827433.11999999,4.766291858424538,19.916948515595642,0.03977080233911238,0.04311721494730118,0.008820935019112026,4.766291858424538,0.009581603321622485,5.944254120500188,32.6810138,1.2525460415202812,0.0,0.3304097080379671,0.0,0.1943613840239214,7.92446448703495,0.008837956075358306,-75.85535117988394,0.3747631678666161,-0.2483333333333333,-0.14726424130596785,0.6100744841652698,1.3023090998224423,0.0006070416835289356,-0.21671018276762402,-0.06478209658421673,0.0011772715617327624,0.24048227926016738,1.0057940102985519,Building Products & Equipment,Industrials,APT
2021Q3,2021,Q3,2021-11-05,2021-09-30,766000.0,14475000.0,849000.0,0.06,4942000.0,0.3414162348877375,68014000.0,62728000.0,52775000.0,3029000.0,5286000.0,23190000.0,62596000.0,88684709.60000001,73974709.60000001,4.760228024696604,17.423241994057445,0.04302055459170171,0.04664583599030736,0.009857434660584268,4.760228024696604,0.012211452620839178,6.1267502314335065,28.94409582245431,1.4137978191557201,0.0,0.4110823630875377,0.0,0.21282383038786132,7.600858369098712,0.011262387155585614,35.948402756384276,0.3414162348877375,-0.5,-0.047623085149306105,0.5569132861210726,1.281850457268958,-0.2069961489088575,-0.5415918611609815,-0.5360655737704918,-0.478951210887468,0.2519238079895478,1.0496716062889642,Building Products & Equipment,Industrials,APT
2021Q2,2021,Q2,2021-08-05,2021-06-30,1671000.0,17806000.0,1830000.0,0.12,6232000.0,0.3499943839155341,67606000.0,62262000.0,52971000.0,2861000.0,5344000.0,21997000.0,62130000.0,113524013.32000001,101134013.32000001,4.700197996840868,18.51485494582314,0.04656391444546342,0.050560534515434775,0.02210284804824493,4.700197996840868,0.02683819986508625,6.375604477142537,16.984442447636145,1.8233274440268543,0.0,0.526162658544347,0.0,0.26337899003047066,7.904229290457882,0.02471674111765228,-104.4379147378105,0.3499943839155341,-0.5555555555555556,1.724106494372754,0.8205185813544181,1.2710302174754031,-0.3210589388822312,-0.5506856681903738,-0.5843742902566432,0.8528794003431678,0.5636782671013338,1.102584741920848,Building Products & Equipment,Industrials,APT
2021Q1,2021,Q1,2021-05-07,2021-03-31,3719000.0,23161000.0,4403000.0,0.27,9179000.0,0.3963127671516774,68454000.0,61782000.0,54920000.0,3965000.0,6672000.0,18778000.0,61648000.0,130221804.48,115704804.48,4.630501953247085,13.851197982345523,0.049186314897595465,0.05449807387264899,0.0505695566146184,4.630501953247085,0.06019552620504354,5.622460363542162,8.753818531863404,2.1077628513159175,0.0,0.7445947385238044,0.0,0.3383439974289304,6.533921815889029,0.05432845414438893,-38.872180441791045,0.3963127671516774,-0.49056603773584906,8.714141697128154,1.5890183775766928,1.2815915144469956,-0.35263417730446434,-0.49865192774332706,-0.5140712945590994,6.801257451096282,1.157036566738084,1.096023613518269,Building Products & Equipment,Industrials,APT
2020Q4,2020,Q4,2021-03-10,2020-12-31,7418000.0,29019000.0,9061000.0,0.53,14179000.0,0.4886109100933871,68802000.0,60020000.0,55303000.0,5852000.0,8782000.0,16749000.0,59476000.0,150590885.35,130884885.35,4.443980779079735,9.450273410799726,0.05212057789017761,0.059746751082972345,0.10760916862387723,4.443980779079735,0.12359213595468177,5.18938920534822,5.075184866203829,2.509011751916028,0.0,0.8860230461520091,0.0,0.421775529781111,5.524436090225564,0.1078166332374059,191.10518445431472,0.4886109100933871,-0.08620689655172403,31.96417517991569,2.857075576503061,1.2157516863504503,-0.06322674418604651,-0.08498828173183669,-0.12622950819672132,43.99735225404605,2.1158590356320945,1.0457164578299931,Building Products & Equipment,Industrials,APT
2020Q3,2020,Q3,2020-11-06,2020-09-30,8107000.0,30027000.0,10370000.0,0.58,15136000.0,0.5040796616378592,64686000.0,54733000.0,52740000.0,8072000.0,9953000.0,13155000.0,52058000.0,200838828.12,178805828.12,4.027875224987147,6.533696729435084,0.03942120396994713,0.0465898087077266,0.13259135729043683,4.027875224987147,0.14811905066413317,6.688607856928765,6.193376961884791,3.6694284639979537,0.0,1.1319650323071075,0.0,0.4641962712178833,4.30203171456888,0.1253285100330829,9563.75372,0.5040796616378592,0.2608695652173912,34.63373034345406,2.3168806685066325,1.0118588937991226,0.20003171331166256,0.30337620578778135,0.3156559248921593,6.968530259151038,1.701808136030329,0.8345190946925298,Building Products & Equipment,Industrials,APT
2020Q2,2020,Q2,2020-08-06,2020-06-30,6220000.0,25500000.0,7882000.0,0.46,12613000.0,0.4946274509803922,60549000.0,46781000.0,48708000.0,11657000.0,13768000.0,11980000.0,43951000.0,236324647.5,214365647.5,3.503755146826147,4.1784335592347945,0.045847165105947246,0.05934033047604797,0.1164895895349408,3.503755146826147,0.13295996237788846,9.267633235294118,9.498579079581994,5.051722868258481,0.0,1.0757095158597663,0.0,0.42114650943863646,2.7981470361156386,0.1027267172042478,32.4800230208906,0.4946274509803922,0.1794871794871795,28.454182699299277,1.875301475107355,0.7134793943582353,0.4745148468552724,0.16435791838262823,0.8459016393442623,7.664294774649876,1.531354493340725,0.6079676833121027,Building Products & Equipment,Industrials,APT
2020Q1,2020,Q1,2020-05-07,2020-03-31,5342000.0,18154000.0,4270000.0,0.39,8554000.0,0.4711909221108296,53251000.0,40376000.0,42162000.0,10538000.0,12875000.0,11148000.0,37732000.0,158512153.36,144146153.36,3.077001161496302,4.000948946669197,0.05631819120767685,0.07427679809787993,0.11401895603620552,3.077001161496302,0.13230632058648703,8.731527672138373,7.418202609509547,3.925900370517139,0.0,0.8611410118406889,0.0,0.3409137856566074,2.4550199278800533,0.10031736493211395,17.507416982549152,0.4711909221108296,12.0,49.33800927438475,1.376366967146499,0.5047410570616634,1.2258652094717668,14.946268656716418,9.389294403892944,10.256618004407176,0.9569971965831136,0.45921118893101187,Building Products & Equipment,Industrials,APT
2019Q4,2019,Q4,2020-03-10,2019-12-31,335000.0,10920000.0,411000.0,0.03,3843000.0,0.35192307692307695,38091000.0,33227000.0,26963000.0,2303000.0,4864000.0,11303000.0,32390000.0,44400893.81,41071893.81,2.566808913525338,11.707772470690404,0.08450815153185792,0.09687904415084118,0.008206137751183895,2.566808913525338,0.010082162097089717,4.066015916666667,33.13499538059702,1.3362895780539923,0.0,0.6261169600990888,0.0,0.2866818933606364,4.852366478506296,0.008794728413536006,23.743793481283422,0.35192307692307695,0.0,-0.22322285757083313,0.26727323000791386,0.2439021709030653,-0.08933649289099527,-0.2334096109839817,-0.5463576158940397,-0.5167822598178703,0.3523653958686298,0.23987109783665475,Building Products & Equipment,Industrials,APT
2019Q3,2019,Q3,2019-11-06,2019-09-30,437000.0,12027000.0,906000.0,0.03,4220000.0,0.3508771929824561,37864000.0,33243000.0,26704000.0,2188000.0,4621000.0,11255000.0,32055000.0,47132784.53,44988784.53,2.546151923691575,12.204753199268739,0.07822733995351785,0.08910146497006889,0.018480001422680335,2.546151923691575,0.013145624642781939,3.91891448657188,26.96383554347826,1.4178258439370695,0.0,0.6936472678809418,0.0,0.3176368054088316,5.312157221206581,0.011541305725755334,-11783.196132500001,0.3508771929824561,-0.625,-0.37261133652476663,0.2623745559034704,0.2572500341252735,0.027764247442766683,-0.5673267326732673,0.2869318181818182,-0.45162289423403595,0.3056324977794031,0.22051672760406393,Building Products & Equipment,Industrials,APT
2019Q2,2019,Q2,2019-08-06,2019-06-30,1010000.0,11415000.0,704000.0,0.08,4106000.0,0.35970214629872976,37769000.0,33105000.0,27213000.0,2061000.0,4664000.0,10869000.0,31618000.0,44431161.77,42057161.77,2.510937044084409,13.203784570596797,0.08281924329476555,0.09448723757740522,0.014474825074149279,2.510937044084409,0.030508986557921763,3.8923488190976787,10.99781231930693,1.3421284328651262,0.0,0.6724629680743399,0.0,0.30223198919749,5.948083454633673,0.026741507585586063,29.231027480263162,0.35970214629872976,-0.11111111111111106,0.5681947125261079,0.29470425244126985,0.2804843796997664,-0.14529558701082432,-0.17077175697865354,-0.29740518962075846,0.6543147852943184,0.172610580493874,0.21322844380743333,Building Products & Equipment,Industrials,APT
2019Q1,2019,Q1,2019-05-07,2019-03-31,1218000.0,12304000.0,1002000.0,0.09,4804000.0,0.39044213263979194,37397000.0,32586000.0,26716000.0,2038000.0,4811000.0,10407000.0,30608000.0,48211171.2,47018171.2,2.4332451811500486,13.10893032384691,0.08810867181859508,0.10111704412938072,0.021322823050109463,2.4332451811500486,0.03737801509850856,3.9183331599479847,9.895560591133005,1.4795056527343031,0.0,0.7206687806284232,0.0,0.32901034842367033,6.351324828263003,0.03256945744311041,-30.49409943074004,0.39044213263979194,0.7999999999999998,5.37657824190561,0.7404202157127963,0.28664031731824496,0.21558704453441296,0.970873786407767,0.7609841827768014,2.169671494858655,0.3702911701977742,0.19893515086154967,Building Products & Equipment,Industrials,APT
2018Q4,2018,Q4,2019-03-06,2018-12-31,618000.0,10969000.0,569000.0,0.05,3952000.0,0.36028808460206035,34255000.0,32194000.0,26460000.0,1920000.0,2061000.0,9878000.0,29390000.0,50263710.7,43256710.7,2.3762618862916542,13.78125,0.0,0.0,0.014486199300032677,2.3762618862916542,0.01919612350127353,4.58234211869815,20.333216302588994,1.5612757252904268,0.0,0.7103664709455355,0.0,0.3202160268573931,6.553645833333333,0.01804116187417895,67.46806805369128,0.36028808460206035,-0.5454545454545454,0.2562913093111599,0.45145960764899307,0.2580988694369273,-0.13805888767720828,-0.5984405458089669,-0.6783493499152063,1.7377074719316334,0.45340257187747857,0.18479501678928517,Building Products & Equipment,Industrials,APT
2018Q3,2018,Q3,2018-11-06,2018-09-30,1539000.0,12104000.0,1769000.0,0.11,4585000.0,0.37880039656311965,33756000.0,32038000.0,26221000.0,1718000.0,1718000.0,9352000.0,28772000.0,49662025.2,42839025.2,2.3224344866225874,15.262514551804424,0.0,0.0,0.04477183015874655,2.3224344866225874,0.048036706411136776,4.102943258426967,8.067255555555557,1.5500975466633373,0.0,0.8039991445680068,0.0,0.3585732906742505,7.782305005820722,0.045591894774262356,65.6037321003963,0.37880039656311965,0.5714285714285713,1.3432553547888337,0.3141000417856941,0.26791795991967704,-0.02839584657766476,0.6047966631908238,0.5980126467931346,5.663325906932252,0.3170374903151783,0.1600186739132074,Building Products & Equipment,Industrials,APT
2018Q2,2018,Q2,2018-08-03,2018-06-30,959000.0,12109000.0,1107000.0,0.07,4719000.0,0.3897101329589561,33680000.0,31489000.0,26294000.0,2191000.0,2191000.0,9691000.0,27232000.0,47189027.95,40031027.95,2.235438079202901,12.000912825193975,0.0,0.0,0.02901357406506843,2.235438079202901,0.030455079551589444,3.8970210545874973,12.301623553180397,1.4985876957032613,0.0,0.7625632029718296,0.0,0.35953087885985746,5.894568690095847,0.028473871733966746,18.95141684738956,0.3897101329589561,0.7500000000000001,1.7667098387080324,0.4843049049294635,0.2663827391740785,0.05925925925925926,0.8877952755905512,1.5864485981308412,3.304420855104818,0.29416906345150784,0.09322053784141981,Building Products & Equipment,Industrials,APT
2018Q1,2018,Q1,2018-05-09,2018-03-31,508000.0,11442000.0,428000.0,0.04,4455000.0,0.3893550078657577,34216000.0,31410000.0,26975000.0,2806000.0,2806000.0,10635000.0,26273000.0,47630028.65,41964028.65,2.209184058510954,9.613328581610833,0.0,0.0,0.011536877852064097,2.209184058510954,0.016173193250557147,4.162736291732214,23.439974729330707,1.5163969643425659,0.0,0.656981664315938,0.0,0.3344049567453823,4.591945830363507,0.014846855272387187,-18.333344361046958,0.3893550078657577,3.0,45.96239864638418,0.678989392925659,0.27654677113683473,0.12528416266734024,1.8863636363636365,2.34375,3.4178957230337677,0.3823012952358567,0.08035381885621799,Building Products & Equipment,Industrials,APT
2017Q4,2017,Q4,2018-03-12,2017-12-31,176000.0,9943000.0,128000.0,0.01,3959000.0,0.39816956652921653,34124000.0,31323000.0,26978000.0,2801000.0,2801000.0,10249000.0,26223000.0,57676196.0,48913196.0,2.1723346664540775,9.631560157086755,0.0,0.0,0.0049601097353822845,2.1723346664540775,0.0056188743096127446,5.800683495926783,81.92641477272727,1.8413369089806213,0.0,0.5838618401795297,0.0,0.2913785019341226,5.021063905747948,0.005157660297737662,55.72579323671498,0.39816956652921653,-0.8571428571428571,1.1426913094650586,0.45043525417095964,0.2918182579268053,-0.15980475382003395,-0.8404351767905711,-0.885201793721973,-0.6336254708905075,0.0359195684813536,0.05273586720523088,Building Products & Equipment,Industrials,APT
2017Q3,2017,Q3,2017-11-08,2017-09-30,1103000.0,12049000.0,1115000.0,0.07,4712000.0,0.39106979832351235,34627000.0,32346000.0,27671000.0,2025000.0,2281000.0,9464000.0,26047000.0,56718866.050000004,47750866.050000004,2.1956027803909173,13.664691358024692,0.0,0.0,0.02367468758371405,2.1956027803909173,0.03410004328201323,4.707350489667193,12.855590673164098,1.7535047934829655,0.0,0.7752535925612849,0.0,0.3479654604788171,7.4641975308641975,0.03185375573974066,70.19661639851486,0.39106979832351235,0.4000000000000001,2.7388660853190925,0.5743868803105152,0.28126418112039225,0.050144862937374635,0.3718905472636816,0.09744094488188976,0.40339468809510576,0.12080745696580442,0.08415434479250915,Building Products & Equipment,Industrials,APT
2017Q2,2017,Q2,2017-08-03,2017-06-30,804000.0,11282000.0,1016000.0,0.05,4487000.0,0.3977131714235065,34860000.0,32583000.0,27898000.0,1916000.0,2277000.0,10768000.0,24944000.0,44113485.4717,35277485.4717,2.178995997984915,14.560542797494781,0.0,0.0,0.021876310085576053,2.178995997984915,0.024675444250069054,3.910076712613012,13.71687981085199,1.353880412230304,0.0,0.6310364041604755,0.0,0.3236374067699369,7.633089770354906,0.02306368330464716,32.31757177413919,0.3977131714235065,0.25000000000000006,1.9985105921687165,0.45023196286067485,0.2909086905702152,0.044946436888681884,0.4618181818181818,0.5255255255255256,0.10067168084202036,0.12824621824535185,0.11120680839905257,Building Products & Equipment,Industrials,APT
2017Q1,2017,Q1,2017-05-10,2017-03-31,550000.0,10751000.0,666000.0,0.04,4294000.0,0.3994047065389266,34450000.0,32068000.0,27642000.0,2042000.0,2382000.0,10679000.0,24140000.0,41821062.25,33937062.25,2.1086743199594364,13.536728697355533,0.0,0.0,0.014796116542502622,2.1086743199594364,0.017151054010228265,3.889969514463771,19.00957375,1.3041369043906696,0.0,0.6046446296469707,0.0,0.3120754716981132,6.85945151811949,0.015965166908563134,-99.1020432464455,0.3994047065389266,-0.20000000000000004,9.84364121112545,0.5425151104833577,0.2609561821748957,0.16621401412275938,-0.34911242603550297,-0.10604026845637583,1.5356301640350014,0.3391816011107674,0.11501521390915569,Building Products & Equipment,Industrials,APT
2016Q4,2016,Q4,2017-03-08,2016-12-31,845000.0,9842000.0,745000.0,0.05,3682000.0,0.3741109530583215,35936000.0,32664000.0,29663000.0,2465000.0,3272000.0,10994000.0,22724000.0,55223052.5,45767052.5,2.070222394895682,12.03367139959432,0.0,0.0,0.02373490979659745,2.070222394895682,0.025869458731325005,5.61095839260313,16.33818121301775,1.6906396185402892,0.0,0.5603056212479535,0.0,0.27387577916295636,6.0385395537525355,0.023514024933214604,72.47119750656168,0.3741109530583215,-0.1666666666666666,2.1662765688322074,0.4292505835260765,0.2352174133903495,-0.18467670504871567,-0.17075564278704614,-0.3817427385892116,0.47498248140683536,0.11827740893860018,0.09606793322173111,Building Products & Equipment,Industrials,APT
2016Q3,2016,Q3,2016-11-03,2016-09-30,1019000.0,11779000.0,1205000.0,0.06,4516000.0,0.38339417607606757,38633000.0,34828000.0,32362000.0,2970000.0,3805000.0,11854000.0,21879000.0,60102212.4,48330212.4,2.086126200572277,10.896296296296295,0.0,0.0,0.024348047103778185,2.086126200572277,0.02925806822097163,5.1024885304355205,14.745390677134445,1.7256865855059147,0.0,0.6127045722962713,0.0,0.30489477907488416,5.765319865319865,0.026376413946625942,19.356590144927537,0.38339417607606757,0.1999999999999999,2.487089492374451,0.5374610534665428,0.2975960334731407,-0.0052863436123348016,0.27854454203262236,0.10651974288337925,0.2820033183874363,0.056676144430843754,0.13890699246855717,Building Products & Equipment,Industrials,APT
2016Q2,2016,Q2,2016-08-04,2016-06-30,797000.0,12708000.0,1089000.0,0.05,4540000.0,0.3572552722694366,38493000.0,35621000.0,32359000.0,2052000.0,2872000.0,12656000.0,20860000.0,39069578.36,28481578.36,2.0696325221360796,15.769493177387915,0.0,0.0,0.02059659119561122,2.0696325221360796,0.022374442042615312,3.0744081177211204,12.255200238393977,1.0968130698183656,0.0,0.645385587863464,0.0,0.33013794715922373,7.932261208576998,0.020705063258254747,11.447283433929094,0.3572552722694366,0.6666666666666669,2.4162595413090027,0.6111453146187508,0.29883545445483045,0.06949352179034157,0.571992110453649,0.7176656151419558,0.8818572906230192,0.27489790291696375,0.1724533669038181,Building Products & Equipment,Industrials,APT
2016Q1,2016,Q1,2016-05-05,2016-03-31,507000.0,11847000.0,634000.0,0.03,4245000.0,0.35831856166118004,38806000.0,35860000.0,32755000.0,2130000.0,2946000.0,14755000.0,20063000.0,32158182.42,23911182.42,2.029505248387729,15.37793427230047,0.0,0.0,0.012228775083335298,2.029505248387729,0.014138315672058003,2.71445787287921,15.857091923076924,0.8967702849972115,0.0,0.5152151812944764,0.0,0.3052878420862753,7.03943661971831,0.013064989950007731,-45.03947117647059,0.35831856166118004,0.4999999999999999,6.7476355929338,0.6816179420769954,0.2828956656129161,0.23905429071803852,0.69,0.4574712643678161,36.71468172733874,0.398847357389506,0.17272182996868626,Building Products & Equipment,Industrials,APT
2015Q4,2015,Q4,2016-03-03,2015-12-31,300000.0,10030000.0,435000.0,0.02,3426000.0,0.3415752741774676,39134000.0,36112000.0,33081000.0,2155000.0,3022000.0,16398000.0,19556000.0,31509282.0,21828282.0,2.0056312295532472,15.350812064965197,0.0,0.0,0.00868691634572782,2.0056312295532472,0.008307487815684538,3.1415036889332004,26.257734999999997,0.8725432543198937,0.0,0.402732040492743,0.0,0.2562988705473501,6.082134570765661,0.007665968211785149,8.229115173674588,0.3415752741774676,0.0,6.628587143668605,0.4340109862301813,0.2670546489145333,-0.28714107365792757,-0.0196078431372549,-0.39415041782729804,1.9248550918521432,0.17170423619370634,0.19268503192201095,Building Products & Equipment,Industrials,APT
2015Q3,2015,Q3,2015-11-05,2015-09-30,306000.0,12176000.0,718000.0,0.02,4806000.0,0.3947109067017083,39829000.0,36591000.0,33667000.0,2215000.0,3238000.0,17861000.0,19256000.0,36370465.839999996,29796465.839999996,2.0020664656958376,15.199548532731377,0.0,0.0,0.010857915584435803,2.0020664656958376,0.008362712142330081,2.98706191195795,29.714432875816993,0.9939729944521878,0.0,0.41263087173170593,0.0,0.3057068969846092,5.69255079006772,0.0076828441587787795,11.422884999999999,0.3947109067017083,0.0,0.9352742306930433,0.44689626751054384,0.2738674067391023,0.22727272727272727,0.0625,1.91869918699187,-0.16390264929835446,0.28243723775492596,0.16832428599022684,Building Products & Equipment,Industrials,APT
2015Q2,2015,Q2,2015-08-05,2015-06-30,288000.0,12095000.0,246000.0,0.02,3916000.0,0.32377015295576683,40222000.0,37234000.0,33773000.0,1727000.0,2988000.0,19218000.0,18951000.0,40788041.28,36874041.28,2.044818956307578,19.55587724377533,0.0,0.0,0.005047153930358566,2.044818956307578,0.00773486598270398,3.3723060173625465,35.40628583333334,1.0954515034645755,0.0,0.42559059215318973,0.0,0.30070608124906767,6.522292993630574,0.0071602605539257125,14.762229923995656,0.32377015295576683,1.0,-0.04658205802930026,0.32741916292444234,0.30999065936187387,0.023790849673202615,0.9459459459459459,2.1948051948051948,-0.11795279058692786,0.27675349084451845,0.2114178106711894,Building Products & Equipment,Industrials,APT
2015Q1,2015,Q1,2015-05-07,2015-03-31,148000.0,10654000.0,77000.0,0.01,3825000.0,0.3590200863525436,42186000.0,37421000.0,35752000.0,3219000.0,4765000.0,19117000.0,18663000.0,41540847.910000004,40435847.910000004,2.044870874663858,11.106554830692762,0.0,0.0,0.0017303118569787018,2.044870874663858,0.003954998530237033,3.8990846545898257,70.17035119932433,1.1100945434381764,0.0,0.3572213213370299,0.0,0.2525482387521927,3.6101273687480586,0.0035082728867396767,-10.18407646727139,0.3590200863525436,-0.6666666666666666,-0.7360305722791906,0.1225843269145781,0.32529648817902745,-0.13986957499437824,-0.7581699346405228,-0.8949522510231923,1.4248620207672735,0.270299490203663,0.2228026617246325,Building Products & Equipment,Industrials,APT
2014Q4,2014,Q4,2015-03-06,2014-12-31,612000.0,12228000.0,733000.0,0.03,4447000.0,0.3636735361465489,41952000.0,37906000.0,35503000.0,2294000.0,4046000.0,16544000.0,18515000.0,47209974.8,41714974.8,2.0635134929154844,15.476460331299041,0.0,0.0,0.014432234809342238,2.0635134929154844,0.016145201287395137,3.8608091920183183,19.285120424836602,1.2454486044425686,0.0,0.47032156673114117,0.0,0.29147597254004576,6.103312990409765,0.014588100686498856,-24.75614829575249,0.3636735361465489,-0.4000000000000001,-0.7887305640845858,-0.21166544345016217,0.36608413085630126,-0.08984854686860418,-0.36645962732919257,-0.4764285714285714,0.9696782060270849,0.5252188600035702,0.23121448473345663,Building Products & Equipment,Industrials,APT
2014Q3,2014,Q3,2014-10-24,2014-09-30,966000.0,13213000.0,1400000.0,0.05,4886000.0,0.3697873306591993,40459000.0,36670000.0,33990000.0,2165000.0,3789000.0,13671000.0,17903000.0,58847987.25,51794987.25,2.0251754659629415,15.699769053117782,0.0,0.0,0.02586275148007073,2.0251754659629415,0.02634305972184347,4.453794539468705,15.229810364906832,1.6047992159803655,0.0,0.6090995538000147,0.0,0.32657752292444203,7.218013856812933,0.023876022640203665,33.87909455958549,0.3697873306591993,0.0,-0.5772907413992256,-0.033906539039810495,0.5027619205434476,0.08385093167701864,0.07932960893854749,0.3539651837524178,2.0479352827048545,0.5901454176881958,0.25968393043515003,Building Products & Equipment,Industrials,APT
2014Q2,2014,Q2,2014-08-06,2014-06-30,895000.0,12252000.0,1034000.0,0.05,4508000.0,0.3679399281749918,38753000.0,35927000.0,32177000.0,1182000.0,2826000.0,14013000.0,16937000.0,39024650.16,33753650.16,1.9609275082864701,27.222504230118442,0.0,0.0,0.01919420391166605,1.9609275082864701,0.024911626353438916,3.185165700293829,10.900740268156424,1.0862206741447935,0.0,0.5526297009919361,0.0,0.31615616855469253,12.72419627749577,0.023094986194617192,37.81458348837209,0.3679399281749918,4.0,-0.4863775523827107,0.047885396382508646,0.6270282981171554,0.24875346260387812,2.3271375464684017,19.274509803921568,2.6038692290235486,0.45921050237747507,0.2306156499461763,Building Products & Equipment,Industrials,APT
2014Q1,2014,Q1,2014-05-07,2014-03-31,269000.0,9956000.0,51000.0,0.01,3610000.0,0.36259541984732824,38509000.0,35667000.0,32611000.0,1430000.0,2842000.0,14482000.0,16042000.0,42246028.160000004,37382028.160000004,1.8911619264517388,22.804895104895106,0.0,0.0,0.0010834965212250878,1.8911619264517388,0.00754198558891973,4.243273218159904,39.26210795539034,1.1844570095606584,0.0,0.4381991437646734,0.0,0.25853696538471527,9.951048951048952,0.006985380041029369,-15.716528333333335,0.36259541984732824,-0.75,-0.3423260287378715,0.34156268470896656,0.6753887132367962,-0.0821256038647343,-0.6067251461988304,-0.9009708737864077,3.8570364873799297,0.3239941692647605,0.19544575720831012,Building Products & Equipment,Industrials,APT
2013Q4,2013,Q4,2014-03-06,2013-12-31,684000.0,10508000.0,515000.0,0.04,3933000.0,0.374286258089075,38563000.0,35581000.0,32640000.0,1725000.0,2982000.0,14140000.0,15773000.0,40502056.9,32287056.9,1.8887719749364136,18.921739130434784,0.0,0.0,0.01089133954850194,1.8887719749364136,0.01922374300890925,3.854402065093262,14.803383369883042,1.1383057502599703,0.0,0.464992927864215,0.0,0.27248917356014835,8.63304347826087,0.017737209242019554,59.64956833578792,0.374286258089075,-0.20000000000000004,1.9171235624457499,0.4476877541162179,0.6914165706170157,-0.14107883817427386,-0.24419889502762432,-0.5747316267547481,15.624201623232237,0.43593059324839767,0.19322898263592828,Building Products & Equipment,Industrials,APT
2013Q3,2013,Q3,2013-11-06,2013-09-30,905000.0,12692000.0,1211000.0,0.05,4579000.0,0.36077844311377244,37084000.0,34818000.0,31076000.0,1231000.0,2266000.0,13641000.0,15089000.0,28703076.6,20994076.6,1.8316914501074772,25.244516653127537,0.0,0.0,0.023973098803802623,1.8316914501074772,0.025992302831868572,2.261509344468957,7.929026685082873,0.8243746510425642,0.0,0.5947511179532292,0.0,0.34225002696580736,11.787977254264826,0.024404055657426385,14.409175000000001,0.36077844311377244,1.5,0.5797927259816167,0.6155279400790921,0.6838549254502084,0.12866650234163174,0.9092827004219409,0.7324749642346209,4.503182951034981,0.450130559556939,0.16546182530639697,Building Products & Equipment,Industrials,APT
2013Q2,2013,Q2,2013-08-07,2013-06-30,474000.0,11156000.0,699000.0,0.02,4057000.0,0.36366081032628184,36334000.0,34003000.0,30384000.0,1477000.0,2331000.0,14283000.0,14184000.0,30820491.200000003,24691491.200000003,1.7652152149995586,20.571428571428573,0.0,0.0,0.013203282637184812,1.7652152149995586,0.013939946475311002,2.762682968806024,16.255533333333336,0.906405058377202,0.0,0.4970244346425821,0.0,0.30704023779380196,8.383209207853758,0.013045632190235041,8.894802655122655,0.36366081032628184,25.31578947368421,0.5965518021941885,0.6231176533807516,0.6668929343878478,0.10756210756210756,30.6,24.3,0.4833185669250358,0.1573800027098527,0.13086561344702954,Building Products & Equipment,Industrials,APT
2013Q1,2013,Q1,2013-05-07,2013-03-31,15000.0,9450000.0,-30000.0,0.00076,3663000.0,0.38761904761904764,36573000.0,34120000.0,30565000.0,1612000.0,2453000.0,16299000.0,13709000.0,29573662.5,26242662.5,1.7305939025983001,18.960918114143922,0.0,0.0,-0.0032971864009378664,1.7305939025983001,0.0004396248534583822,3.1294880952380955,492.89437499999997,0.8667544695193434,0.0,0.35505245720596357,0.0,0.2583873349192027,6.945409429280397,0.00041013862685587726,-75.25104961832061,0.38761904761904764,-0.9239999999999999,-0.8620100825117133,0.6060309774653465,0.6600512946080906,0.08212703101920237,-0.8728813559322034,0.7435897435897436,-0.97516759281142,-0.07578345899996945,0.12161117359284873,Building Products & Equipment,Industrials,APT
2012Q4,2012,Q4,2013-03-06,2012-12-31,118000.0,9848000.0,-117000.0,0.01,3385000.0,0.3437246141348497,37299000.0,34833000.0,31214000.0,1653000.0,2466000.0,17164000.0,13694000.0,29621128.68,25067128.68,1.681610128301161,18.8832425892317,0.0,0.0,0.01100967473372951,1.681610128301161,0.0033875922257629257,3.007831913078798,62.75662855932203,0.8503754680906037,0.0,0.37654392915404333,0.0,0.2640285262339473,6.773744706594071,0.003163623689643154,-102.85114125,0.3437246141348497,-0.5,-0.6857429775372489,0.5072692967619487,0.5816502509726507,-0.10874144286466561,-0.714975845410628,-1.210431654676259,-0.9638754589815074,-0.4369612905563102,0.11325703391149695,Building Products & Equipment,Industrials,APT
2012Q3,2012,Q3,2012-11-07,2012-09-30,414000.0,10740000.0,556000.0,0.02,3798000.0,0.3536312849162011,37430000.0,35428000.0,31291000.0,1140000.0,2002000.0,16691000.0,13576000.0,28944069.0,23053069.0,1.7136222277524282,27.448245614035088,0.0,0.0,0.01018375207892169,1.7136222277524282,0.011685672349554026,2.6949784916201116,17.478302536231883,0.8169828666591397,0.0,0.4159127673596549,0.0,0.28693561314453647,10.524561403508772,0.011060646540208389,-19.244726728723403,0.3536312849162011,0.0,-0.43978200476338336,0.4302109354424218,0.6233624616985285,-0.014018691588785047,0.10695187165775401,0.3269689737470167,-0.8413348018913285,-0.31223718343198986,0.2715768452383093,Building Products & Equipment,Industrials,APT
2012Q2,2012,Q2,2012-08-08,2012-06-30,374000.0,10851000.0,419000.0,0.02,3852000.0,0.354990323472491,36894000.0,35206000.0,30325000.0,864000.0,1688000.0,14225000.0,13161000.0,27969490.449,20741490.449,1.6879551697978092,35.098379629629626,0.0,0.0,0.007506098291731088,1.6879551697978092,0.010623189229108675,2.577595654686204,18.6961834552139,0.7944523788274725,0.0,0.49202108963093144,0.0,0.2941128638803057,15.45138888888889,0.010137149672033392,13.388937505505027,0.354990323472491,4.996596285714286,-0.10690244552360936,0.4359237977433087,0.6581256544039298,0.12467153284671532,4.3428571428571425,11.21951219512195,-0.8114631696771057,-0.1847699086075936,0.4005366417721607,Building Products & Equipment,Industrials,APT
2012Q1,2012,Q1,2012-05-08,2012-03-31,70000.0,9619000.0,-41000.0,0.0033352253590334365,3425000.0,0.35606611913920366,37143000.0,35098000.0,30583000.0,1222000.0,2045000.0,14858000.0,12787000.0,32111773.11,26649773.11,1.672281995019365,25.027004909983635,0.0,0.0,-0.0007300985811157331,1.672281995019365,0.001994415636218588,3.338369176629587,114.68490396428571,0.9149174628183943,0.0,0.41687979539641945,0.0,0.258972080876612,9.73240589198036,0.0018846081361225534,-17.4900725,0.35606611913920366,-0.8038102729980332,-0.8451831715096016,0.2584711950911279,0.6774157616011345,0.05971534653465346,-0.8028169014084507,-1.1022443890274314,-0.8462123628802856,0.16471861564846374,0.481482014108248,Building Products & Equipment,Industrials,APT
2011Q4,2011,Q4,2012-03-15,2011-12-31,355000.0,9160000.0,401000.0,0.017,3232000.0,0.35283842794759823,36870000.0,35176000.0,30609000.0,871000.0,1694000.0,15566000.0,12717000.0,25185704.4,17682704.4,1.6759983889908594,35.14236509758898,0.0,0.0,0.007411969616313487,1.6759983889908594,0.010092108255628838,2.7495310480349344,17.736411549295774,0.7159911416875142,0.0,0.3808300141333676,0.0,0.24844046650393273,14.039035591274397,0.00962842419311093,26.018289669421485,0.35283842794759823,-0.14999999999999997,-0.6117825963686438,0.028711559957759206,0.7726470345907559,-0.11958594388450014,-0.08031088082901554,-0.17659137577002054,0.3589167140549294,0.1327030608105318,0.500875428629757,Building Products & Equipment,Industrials,APT
2011Q3,2011,Q3,2011-11-10,2011-09-30,386000.0,10120000.0,487000.0,0.02,3671000.0,0.36274703557312254,37069000.0,35454000.0,30769000.0,1016000.0,1615000.0,14206000.0,12362000.0,25360745.299999997,18142745.299999997,1.6076854018955034,30.284448818897637,0.0,0.0,0.008442894875175118,1.6076854018955034,0.010887346984825408,2.5060024999999997,16.42535317357513,0.7153140773960625,0.0,0.4539631141771083,0.0,0.2730043972052119,11.82283464566929,0.010413013569289703,16.59734640052356,0.36274703557312254,1.0,-0.5213805668257386,0.23632328127796967,0.7860640550547133,-0.051666236114699046,0.26973684210526316,0.31978319783197834,-0.41920059077873373,0.11033045753846585,0.47792849193967546,Building Products & Equipment,Industrials,APT
2011Q2,2011,Q2,2011-08-05,2011-06-30,304000.0,10278000.0,369000.0,0.01,3871000.0,0.376629694493092,37465000.0,35737000.0,31259000.0,1089000.0,1728000.0,15120000.0,11976000.0,26240061.509999998,19809061.509999998,1.5934524385190743,28.70431588613407,0.0,0.0,0.0064720239989222526,1.5934524385190743,0.008506589808881552,2.5530318651488613,21.57899795230263,0.7342547362677336,0.0,0.42374338624338626,0.0,0.2743360469771787,11.145087235996327,0.008114239957293474,7.010435882981565,0.376629694493092,3.003094196428571,-0.7099746345427443,0.11762579686144817,0.8486092374699249,0.18270699663916895,3.7142857142857144,2.0482954545454546,-0.12053442881414357,0.2843716042908825,0.5046973244286225,Building Products & Equipment,Industrials,APT
2011Q1,2011,Q1,2011-05-06,2011-03-31,-112000.0,8945000.0,-352000.0,-0.004992276458006597,3273000.0,0.365902738960313,36862000.0,35491000.0,30623000.0,732000.0,1371000.0,16265000.0,11672000.0,30948606.572499998,28131606.572499998,1.581972176527787,41.83469945355191,0.0,0.0,-0.006240543970793038,1.581972176527787,-0.003155729621594207,3.459877761039687,-69.08171109933035,0.8720128081062805,0.0,0.3487242545342761,0.0,0.24266181976018664,12.03415300546448,-0.0030383592859855677,-11.254038753636364,0.365902738960313,-3.2692165718211803,-1.1851230263885928,0.2038008659838676,0.9388862397795449,-0.04410046728971963,-3.2857142857142856,-12.35483870967742,-1.905458555175387,0.335970634291806,0.5174876993014035,Building Products & Equipment,Industrials,APT
2010Q4,2010,Q4,2011-03-16,2010-12-31,49000.0,8715000.0,31000.0,0.0022,3424000.0,0.39288582903040736,36934000.0,35512000.0,30612000.0,783000.0,1422000.0,17318000.0,11784000.0,39933685.9,34617685.9,1.5829082283636633,39.09578544061303,0.0,0.0,0.00047004696137383677,1.5829082283636633,0.001379815273710295,4.582178531267929,203.74329540816325,1.1245124436810092,0.0,0.3055202679293221,0.0,0.23596144473926464,11.662835249042146,0.0013266908539557047,94.18322146226414,0.39288582903040736,-0.7799999999999999,-0.8298920087209998,0.332303075897062,1.043367342304608,-0.09609292502639916,-0.7474226804123711,-0.8628318584070797,-0.8795116009045882,0.2315622662999608,0.488815483757415,Building Products & Equipment,Industrials,APT
2010Q3,2010,Q3,2010-11-10,2010-09-30,194000.0,10325000.0,226000.0,0.01,3788000.0,0.3668765133171913,36950000.0,35243000.0,30581000.0,808000.0,1707000.0,17657000.0,11735000.0,35878856.0,31127856.0,1.5716443132969458,37.847772277227726,0.0,0.0,0.0038755403848120614,1.5716443132969458,0.005504639219135715,3.4749497336561745,46.23563917525773,1.0180420509037256,0.0,0.37022144192105116,0.0,0.2794316644113667,11.788366336633663,0.005250338294993234,19.279342289091886,0.3668765133171913,-0.5,-0.7043823500771403,0.35341961883394424,1.0543404746468694,-0.10258232646292348,-0.478494623655914,-0.534020618556701,-0.7579687807525943,0.267648415882241,0.488862796028591,Building Products & Equipment,Industrials,APT
2010Q2,2010,Q2,2010-08-11,2010-06-30,372000.0,11221000.0,485000.0,0.02,4221000.0,0.37616968184653776,37114000.0,35003000.0,31196000.0,1205000.0,2111000.0,17862000.0,11541000.0,41484927.25,38517927.25,1.5609416309148765,25.888796680497926,0.0,0.0,0.008751129602425056,1.5609416309148765,0.010627660486244037,3.6970793378486766,27.87965540994624,1.1851820486815416,0.0,0.3918934049938417,0.0,0.3023387400980762,7.814937759336099,0.01002317184889799,-16.856939150751728,0.37616968184653776,-0.3333333333333333,-0.6083609985227499,0.31071134839273234,1.1223925716945145,-0.1537690457097033,-0.4585152838427948,-0.5135406218655968,-0.1737577289228855,0.381116660480094,0.5333566966456209,Building Products & Equipment,Industrials,APT
2010Q1,2010,Q1,2010-05-07,2010-03-31,687000.0,11629000.0,997000.0,0.03,4988000.0,0.428927680798005,37325000.0,34598000.0,31383000.0,1821000.0,2727000.0,16033000.0,11170000.0,52694588.15,47266588.15,1.5429535148572937,17.233937397034598,0.0,0.0,0.018330619624769576,1.5429535148572937,0.019856639112087404,4.5313086378880385,19.175614319505094,1.5230530131799527,0.0,0.41420819559658206,0.0,0.31156061620897524,6.473366282262493,0.01840589417280643,-11.954307656533574,0.428927680798005,-0.8,0.6316742013503173,0.7563950561271218,1.2230496682880625,-0.48444444444444446,-0.8057126696832579,-0.8043179587831207,0.4221701763852154,0.42406702038509836,0.5476902537657972,Building Products & Equipment,Industrials,APT
2009Q4,2009,Q4,2010-03-10,2009-12-31,3536000.0,18934000.0,5095000.0,0.15,9675000.0,0.5109855286785676,40472000.0,33871000.0,34689000.0,5695000.0,6601000.0,13094000.0,10483000.0,101352995.07999998,91599995.07999998,1.5105317793436441,6.091132572431958,0.0,0.0,0.10187666805335888,1.5105317793436441,0.10439609105134186,5.352962663990704,7.165794335407239,2.9923236715774553,0.0,0.7071177638613105,0.0,0.46782961059497924,3.221422300263389,0.08736904526586282,212.9264602521008,0.5109855286785676,0.25,5.6944783458190615,2.113442237348332,1.2750348113766907,0.17858448044828845,0.25301204819277107,0.1619156214367161,2.6193752107107904,0.9902847841886737,0.5976385758466335,Building Products & Equipment,Industrials,APT
2009Q3,2009,Q3,2009-10-28,2009-09-30,2822000.0,16889000.0,4385000.0,0.12,8209000.0,0.48605601278938954,36474000.0,30133000.0,30856000.0,5461000.0,6341000.0,9440000.0,6947000.0,125215451.19999999,116131451.19999999,1.3476356023385077,5.650247207471159,0.0,0.0,0.09255391773355238,1.3476356023385077,0.09365147844555803,7.4140239919474205,11.092793338058113,4.155425984800717,0.0,0.9194915254237288,0.0,0.4630421670230849,3.4383812488555208,0.07737018149915008,43.981542395504036,0.48605601278938954,0.1999999999999999,6.852732717701535,2.016437464073297,1.1182117282158046,0.19473148013389607,0.3016605166051661,0.324773413897281,2.4510742967609964,1.0349312773025896,0.4971607665348848,Building Products & Equipment,Industrials,APT
2009Q2,2009,Q2,2009-08-06,2009-06-30,2168000.0,14547000.0,3310000.0,0.1,6871000.0,0.47233106482436243,31997000.0,27473000.0,26355000.0,3662000.0,4524000.0,9359000.0,4125000.0,48097456.33,41642456.33,1.205220284463222,7.196886947023485,0.0,0.0,0.07723383183829344,1.205220284463222,0.07891384268190588,3.3063488231250426,5.546293395987085,1.750717298074473,0.0,0.8201730954161769,0.0,0.45463637215989,3.9833424358274168,0.06775635215801482,14.426351628674265,0.47233106482436243,4.0,3.879618634156111,1.1834209946298853,0.9874039450291264,0.6681233309055596,3.217898832684825,3.6100278551532035,1.0349840530850838,0.5563260124992824,0.3982101361716753,Building Products & Equipment,Industrials,APT
2009Q1,2009,Q1,2009-05-06,2009-03-31,514000.0,9326000.0,718000.0,0.02,4119000.0,0.4416684537851169,29247000.0,26753000.0,23628000.0,1654000.0,2494000.0,10944000.0,1956000.0,23463594.99,18832594.99,1.1287899408120494,14.285368802902056,0.0,0.0,0.016884687110668928,1.1287899408120494,0.019212798564646954,2.5159334108942737,11.412254372568094,0.8770453777146489,0.0,0.47578581871345027,0.0,0.3188703114849386,6.487908101571946,0.01757445208055527,69.41892008875739,0.4416684537851169,0.6666666666666666,0.07306341406326086,0.5534455540747352,0.9012060294372728,0.09635347351610328,0.7423728813559322,0.8994708994708994,-0.19579721236131642,0.18803641878595362,0.38346003571675796,Building Products & Equipment,Industrials,APT
2008Q4,2008,Q4,2009-03-11,2008-12-31,295000.0,9132000.0,378000.0,0.012,3757000.0,0.41141042487954443,29168000.0,26466000.0,23576000.0,1883000.0,2702000.0,12057000.0,1442000.0,23463594.99,18885594.99,1.1166805432486713,12.520446096654275,0.0,0.0,0.009239759453042035,1.1166805432486713,0.011146376483034837,2.5693818429697766,19.884402533898307,0.8865561471321695,0.0,0.445799120842664,0.0,0.3130828304991772,5.134891131173659,0.010113823368074603,42.583656969147,0.41141042487954443,-0.6,-0.40330262509313847,0.37098520466195123,0.9807198069993792,-0.1373134328358209,-0.6040268456375839,-0.6642984014209592,-0.030582872405247482,0.3214829929451439,0.4415166419471518,Building Products & Equipment,Industrials,APT
2008Q3,2008,Q3,2008-11-06,2008-09-30,745000.0,10217000.0,1126000.0,0.03,4355000.0,0.42625036703533326,29089000.0,26891000.0,24418000.0,1447000.0,2198000.0,12655000.0,1147000.0,34856069.97,30039069.97,1.0877964736883388,16.874913614374567,0.0,0.0,0.02561181889863836,1.0877964736883388,0.027704436428544865,3.411575802094548,11.696667775167784,1.2961983552117808,0.0,0.46321612011062824,0.0,0.3512324246278662,6.86247408431237,0.02561105572553199,13.536337852427184,0.42625036703533326,0.4999999999999999,-0.03362209729693496,0.425556413710753,0.9929964367326473,0.11153649821337418,0.935064935064935,0.9313893653516295,0.029779403541474257,0.21485682821364332,0.42188935827865565,Building Products & Equipment,Industrials,APT
2008Q2,2008,Q2,2008-08-07,2008-06-30,385000.0,8913000.0,583000.0,0.02,3918000.0,0.43958263211040055,28971000.0,26453000.0,24254000.0,1766000.0,2518000.0,13892000.0,402000.0,23980388.16,21375388.16,1.0589853604771675,13.733861834654586,0.0,0.0,0.013752105275121449,1.0589853604771675,0.014554114845197141,2.690495698418041,15.571680623376622,0.9065281125014176,0.0,0.3595594586812554,0.0,0.30765248006627316,4.491506228765572,0.013289151220185704,380.6410819047619,0.43958263211040055,1.0,-0.7469118300194058,-0.08213069116608142,1.0764440882469848,0.1356521739130435,1.7697841726618706,2.4702380952380953,-0.6361374547165939,-0.0653843849243387,0.43988898629903117,Building Products & Equipment,Industrials,APT
2008Q1,2008,Q1,2008-05-14,2008-03-31,139000.0,7524000.0,168000.0,0.01,3450000.0,0.4585326953748006,28206000.0,26282000.0,23430000.0,1173000.0,1924000.0,14384000.0,17000.0,29748615.38,26942615.38,1.0424942338946601,19.974424552429667,0.0,0.0,0.003984380518576885,1.0424942338946601,0.005288790807396697,3.9538297953216373,53.504703920863314,1.1319007449965754,0.0,0.2832313681868743,0.0,0.2667517549457562,5.9258312020460355,0.004928029497270084,-54.0883916,0.4585326953748006,-0.44444444444444436,-0.7332145117511106,0.28052027437572974,1.353864521511008,-0.044850498338870434,-0.6958424507658644,-0.6521739130434783,-0.7063669657569603,0.010745985712712635,0.502000182465696,Building Products & Equipment,Industrials,APT
2007Q4,2007,Q4,2008-03-20,2007-12-31,457000.0,7952000.0,483000.0,0.018,3612000.0,0.45422535211267606,29486000.0,26804000.0,24604000.0,1935000.0,2682000.0,14111000.0,-122000.0,42353960.879999995,38289960.879999995,1.0631997353821043,12.715245478036175,0.0,0.0,0.015278297288445028,1.0631997353821043,0.01704969407551112,5.3262023239436616,23.169562844638946,1.580135833457693,0.0,0.3075614768620225,0.0,0.2696873092314997,4.3855297157622735,0.015498880824798208,66.69915099212598,0.45422535211267606,-0.55,0.9059117252850885,0.3307765604794815,1.4475277792983308,-0.1781569965870307,-0.5010917030567685,-0.6373873873873874,-0.23045488146691923,0.16302276110181937,0.601301238754339,Building Products & Equipment,Industrials,APT
2007Q3,2007,Q3,2007-11-08,2007-09-30,916000.0,9308000.0,1332000.0,0.04,4395000.0,0.47217447357112163,29685000.0,27051000.0,24907000.0,1876000.0,2634000.0,13870000.0,-579000.0,43564492.4,39377492.4,1.0556005009253822,13.276652452025587,0.0,0.0,0.030311919778769136,1.0556005009253822,0.0338619644375439,4.6803279329608936,11.889872379912664,1.610457742782152,0.0,0.3542177361211247,0.0,0.31355903655044637,5.045842217484009,0.030857335354556172,19.793045161290323,0.47217447357112163,1.0,1.2856440177363118,0.6771826384993844,1.4634123946774726,0.029515108924806747,0.8067061143984221,0.7411764705882353,1.2240545697256882,0.45055073687474056,0.6591913700488404,Building Products & Equipment,Industrials,APT
2007Q2,2007,Q2,2007-08-14,2007-06-30,507000.0,9149000.0,765000.0,0.02,4269000.0,0.46660837249972675,28296000.0,25706000.0,23778000.0,1889000.0,2590000.0,14919000.0,-1496000.0,68934681.3476,67334681.3476,1.017989900412344,12.587612493382743,0.0,0.0,0.01842260283869247,1.017989900412344,0.019723021862600172,7.534668417051043,33.991460230571995,2.6816572530771032,0.0,0.327099671559756,0.0,0.32333191970596553,3.749602964531498,0.017917726887192537,703.4151157918367,0.46660837249972675,0.0,-0.29380208674424846,0.4664468823875731,1.4461292643118588,0.02521613832853026,-0.052336448598130844,-0.07384987893462469,0.030109001930587735,0.2396134807415583,0.6786617103614122,Building Products & Equipment,Industrials,APT
2007Q1,2007,Q1,2007-05-10,2007-03-31,535000.0,9044000.0,826000.0,0.02,4164000.0,0.46041574524546663,27456000.0,24758000.0,22918000.0,1997000.0,2698000.0,14780000.0,-2004000.0,78475455.8,77389455.8,0.996939478751011,11.476214321482223,0.0,0.0,0.02058728957671273,0.996939478751011,0.021609176831731157,8.677073839009287,36.67077373831776,3.169700937070846,0.0,0.3301759133964817,0.0,0.3293997668997669,3.216825237856785,0.019485722610722612,-53.89797788461538,0.46041574524546663,-0.5238095238095238,0.20493741374859636,0.6481606123518641,1.5174422782924895,-0.15895778630579682,-0.5055452865064695,-0.5288077581289219,0.06592990269554097,0.43771821102045166,0.6791320328580672,Building Products & Equipment,Industrials,APT
