Quarters,Year,Quarter,FillingDate,Date,NetIncome,Revenue,OperatingIncome,EPSDiluted,GrossProfit,GrossProfitRatio,TotalAssets,CommonStockEquity,CurrentAssets,CurrentLiability,TotalLiability,Inventory,RetainedEarnings,MarketCap,EnterpriseValue,bookValuePerShare,currentRatio,debtToAssets,debtToEquity,roic,shareholdersEquityPerShare,roe,priceToSalesRatio,peRatio,pbRatio,payoutRatio,inventoryTurnover,dividendYield,assetTurnover,quickRatio,returnOnAssets,priceToFreeCashFlowsRatio,grossProfitMargin,epsdilutedGrowth,fiveYNetIncomeGrowthPerShare,fiveYRevenueGrowthPerShare,fiveYShareholdersEquityGrowthPerShare,grossProfitGrowth,netIncomeGrowth,operatingIncomeGrowth,threeYNetIncomeGrowthPerShare,threeYRevenueGrowthPerShare,threeYShareholdersEquityGrowthPerShare,Industry,Sector,Symbol
2023Q1,2023,Q1,2023-05-08,2023-03-31,-52073000.0,346030000.0,-100407000.0,-0.22,344797000.0,0.9964367251,5666730000.0,2583819000.0,380117000.0,0.0,0.0,0.0,0.0,3044395640.0,2664278640.0,10.829581414063515,0.0,0.0,0.0,-0.03888306793602298,10.829581414063515,-0.020153501464305355,8.798068491171286,-14.615998886179018,1.1782542198195771,0.0,0.0,0.0,0.061063435173371594,0.0,-0.00918925023779146,503.87216815623964,0.9964367251394388,-1.2972972972972974,0.0,0.0,0.0,-0.4661849697558952,-1.2964470530636412,-1.3565209672265028,0.0,0.0,0.0,,Industrials,DHCNI
2022Q4,2022,Q4,2023-03-01,2022-12-31,175657000.0,647618000.0,281630000.0,0.74,645911000.0,0.9973641869,6002093000.0,2638611000.0,813542000.0,0.0,3363482000.0,0.0,164152000.0,2573791200.0,4233426200.0,11.071993252599512,0.0,0.38614863181893383,0.8783788137016029,0.05680407097679299,11.071993252599512,0.06657176825231154,3.9742428406869483,3.6630922764250786,0.9754341204520106,0.0,0.0,0.0,0.10789869467200858,0.0,0.029265957725080234,90.46399775051843,0.9973641869126553,3.114285714285714,2.330742923269558,-0.6037593592690691,0.05566550152968648,1.0020115859914267,3.1006828591588036,9.153026662420752,2.330742923269558,-0.6037593592690691,0.05566550152968648,,Industrials,DHCNI
2022Q3,2022,Q3,2022-11-02,2022-09-30,-83619000.0,322920000.0,-34543000.0,-0.35,322631000.0,0.9991050415,6072486000.0,2706055000.0,850516000.0,700000000.0,3366431000.0,0.0,-10949000.0,2819609520.0,5145062520.0,11.353568791326822,1.2150228571428572,0.4967476252724173,1.114719767336584,-0.006037235709276828,11.353568791326822,-0.030900702313884972,8.7316038647343,-8.429930757363758,1.0419631234398414,0.0,0.0,0.0,0.05317756187498827,1.2150228571428572,-0.013770142903581828,-76.31291328353362,0.9991050414963458,0.27083333333333337,0.05133021379746063,-0.04447559649597022,0.12122791939503011,0.03268687243733576,0.26564325045886866,0.34537977562158884,0.05133021379746063,-0.04447559649597022,0.12122791939503011,,Industrials,DHCNI
2022Q2,2022,Q2,2022-08-03,2022-06-30,-113867000.0,313028000.0,-52768000.0,-0.48,312419000.0,0.9980544871,6145864000.0,2789625000.0,863919000.0,700000000.0,3356239000.0,0.0,70543000.0,3876656174.9999995,6186782175.0,11.711419539288908,1.23417,0.49062035866722725,1.0808929515615897,-0.00914161540834359,11.711419539288908,-0.04081803109736972,12.384375119797589,-8.511368910658927,1.3896692835058475,0.0,0.0,0.0,0.05093311534391259,1.23417,-0.018527419415724136,-121.69312452913107,0.9980544871385307,0.0,-2.4846699791699103,-0.09705826299468963,0.16598786686155936,0.0,0.0,0.0,-2.4846699791699103,-0.09705826299468963,0.16598786686155936,,Industrials,DHCNI
2021Q4,2021,Q4,2022-02-24,2021-12-31,301863000.0,699455000.0,41008000.0,1.27,204792000.0,0.2927879563,6623514000.0,2662390000.0,849975000.0,69713000.0,3961124000.0,0.0,179926000.0,5256691030.0,4691556030.0,11.188063891211806,12.192489205743549,0.010525077775935855,0.026184368180469427,0.015041773409324607,11.188063891211806,0.11338045891097848,7.515409897706071,4.353540372619367,1.9744256213402245,0.0,0.0,0.0,0.10560179989051129,12.192489205743549,0.04557444884996091,-68.11744087805005,0.29278795633743415,4.434753211629479,3.2901894436562547,-0.5714192053312876,0.06673232266369958,1.019585219372208,4.430105449752284,-0.4251993888678637,3.2901894436562547,-0.5714192053312876,0.06673232266369958,,Industrials,DHCNI
2021Q3,2021,Q3,2021-11-03,2021-09-30,-88004000.0,337416000.0,71343000.0,-0.36975,101403000.0,0.3005281314460488,7066048000.0,2409657000.0,794739000.0,689044000.0,4656391000.0,0.0,0.0,5737384370.0,5631689370.0,10.126013270747624,1.15339368748585,0.09751476355665854,0.28595107104455114,0.02286679564663984,10.126013270747624,-0.036521380428832816,17.003889471750007,-16.29864656720149,2.380996287023423,0.0,0.0,0.0,0.047751727698424916,1.15339368748585,-0.012454486581466756,-434.7161971510835,0.3005281314460488,-1.694185368697173,0.0,0.0,0.0,-0.009678301462976347,-1.6957880226680961,3.1982806433721573,0.0,0.0,0.0,,Industrials,DHCNI
2021Q2,2021,Q2,2021-08-04,2021-06-30,-32645000.0,346341000.0,-32454000.0,-0.13724,102394000.0,0.2956450434687201,1112736000.0,2390189000.0,849079000.0,689895000.0,4674703000.0,0.0,0.0,5756421730.0,5597237730.0,10.044203608063302,1.2307365613607868,0.6199988137347943,0.28863617061244945,-0.010474714325972929,10.044203608063302,-0.013657915754779225,16.620676529778457,-44.08348698116097,2.4083542054624134,0.0,0.0,0.0,0.3112517254766629,1.2307365613607868,-0.029337596698587987,212.83819159949715,0.2956450434687201,0.0,0.0,0.0,0.0,0.0,0.0,0.0,0.0,0.0,0.0,,Industrials,DHCNI
2020Q4,2020,Q4,2021-02-25,2020-12-31,-131807000.0,1632026000.0,-133057000.0,-0.55,0.0,0.0,360930000.0,2495837000.0,74417000.0,691573000.0,3857202000.0,0.0,0.0,5611261860.0,6228417860.0,10.48816432530561,0.10760541548036144,1.9160862217050398,0.2770906112859133,-0.04135238328297897,10.48816432530561,-0.052810740444989,3.4382184229908104,-10.642951171030369,2.248248527447906,,0.0,,4.521724434100795,0.10760541548036144,-0.36518715540409497,0.0,0.0,0.0,0.0,0.0,0.0,0.0,0.0,0.0,0.0,0.0,0.0,,Industrials,DHCNI
