Quarters,Year,Quarter,FillingDate,Date,NetIncome,Revenue,OperatingIncome,EPSDiluted,GrossProfit,GrossProfitRatio,TotalAssets,CommonStockEquity,CurrentAssets,CurrentLiability,TotalLiability,Inventory,RetainedEarnings,MarketCap,EnterpriseValue,bookValuePerShare,currentRatio,debtToAssets,debtToEquity,roic,shareholdersEquityPerShare,roe,priceToSalesRatio,peRatio,pbRatio,payoutRatio,inventoryTurnover,dividendYield,assetTurnover,quickRatio,returnOnAssets,priceToFreeCashFlowsRatio,grossProfitMargin,epsdilutedGrowth,fiveYNetIncomeGrowthPerShare,fiveYRevenueGrowthPerShare,fiveYShareholdersEquityGrowthPerShare,grossProfitGrowth,netIncomeGrowth,operatingIncomeGrowth,threeYNetIncomeGrowthPerShare,threeYRevenueGrowthPerShare,threeYShareholdersEquityGrowthPerShare,Industry,Sector,Symbol
2023Q1,2023,Q1,2023-05-02,2023-03-31,24173000.0,316508000.0,34427000.0,0.79,316508000.0,1.0,2551020000.0,321806000.0,1421554000.0,13138000.0,2229214000.0,0.0,536658000.0,553560040.0,325983040.0,10.591995260351524,108.20170497792662,0.0706536993045919,0.5600858902568628,0.05055131113119121,10.591995260351524,0.07511668520785815,1.7489606581824155,5.724982832085384,1.7201669328726001,0.20613908079261986,0.0,0.009001733578890558,0.12407115585138494,159.81488811082357,0.009475817516130802,-10.865409935815652,1.0,-0.03658536585365844,-0.307972843541171,0.8952444550701917,-0.20658077103685119,-0.041930015740404405,-0.03735414758472383,-0.0015081643899185011,0.2921990821892733,0.4430794307382745,-0.301614205624825,Insurance—Property & Casualty,Financial Services,UVE
2022Q4,2022,Q4,2023-02-28,2022-12-31,25111000.0,330360000.0,34479000.0,0.82,330360000.0,1.0,2890154000.0,287896000.0,1472906000.0,1528000.0,2602258000.0,1014626000.0,517455000.0,322296060.0,36359060.0,9.459683248997832,963.9437172774869,0.03555831280962883,0.3569657098396643,0.06748764003273638,9.459683248997832,0.08722246922499792,0.9755904467853251,3.208713910238541,1.1194878011504152,0.35426705427900124,0.0,0.027601950827447284,0.11430532767458067,1493.2958115183246,0.008688464351726587,3.195891399843327,1.0,1.347457627118644,-0.21586773962603914,0.8650769895401914,-0.25634111862235787,0.056104344490265655,1.3474368730543065,1.3763795343150633,1.5313299192481737,0.4912529497957193,-0.3700771564012025,Insurance—Property & Casualty,Financial Services,UVE
2022Q3,2022,Q3,2022-11-02,2022-09-30,-72275000.0,312810000.0,-91607000.0,-2.36,312810000.0,1.0,3126894000.0,260637000.0,2434859000.0,461967000.0,2866257000.0,0.0,501349000.0,301449400.0,100084400.0,8.516435760031369,5.270634049618263,0.03392184065081835,0.4069644754965719,-0.19364632963363979,8.516435760031369,-0.2773013808476924,0.9636821073495093,-1.0427167070217915,1.156587130760406,-0.06792113455551713,0.0,0.016284656728459235,0.10003856862432817,5.199583520034981,-0.023113991072290906,-105.3282320055905,1.0,-10.833333333333332,-9.221109030019507,0.8635796907758652,-0.2975955916262289,0.07124511140182051,-10.806648575305292,-8.38111352832165,-4.944511618251721,0.4977011653891706,-0.49634601702113856,Insurance—Property & Casualty,Financial Services,UVE
2022Q2,2022,Q2,2022-07-29,2022-06-30,7370000.0,292006000.0,12411000.0,0.24,292006000.0,1.0,2382768000.0,366551000.0,1552748000.0,637846000.0,2016217000.0,0.0,578621000.0,401701870.0,187910870.0,11.88981154108145,2.434361899267221,0.04329460526580851,0.28143696238722576,0.018233555163422156,11.88981154108145,0.020106342637177366,1.3756630685670843,13.62625067842605,1.0958962600020188,0.6712347354138399,0.0,0.012315103238130308,0.12254906898195712,2.3994114566839015,0.003093041370372609,1.6010628664352304,1.0,-0.5714285714285715,-0.7155051613507102,0.7851629366451812,-0.012853216904000252,0.015736637424256128,-0.5797456805610994,-0.484571618422692,-0.7800549943600054,0.3904843951277472,-0.27932198050042645,Insurance—Property & Casualty,Financial Services,UVE
2022Q1,2022,Q1,2022-05-02,2022-03-31,17537000.0,287482000.0,24079000.0,0.56,287482000.0,1.0,1748955000.0,396341000.0,1413793000.0,12723000.0,1352614000.0,0.0,576243000.0,420173030.0,358159030.0,12.724853115869907,111.12104063507034,0.059111869659310846,0.2608460896046586,0.03760453928980952,12.724853115869907,0.04424725173524818,1.461562915243389,5.989807692307692,1.0601301152290579,0.286936192051092,0.0,0.011976018546454541,0.16437358308246924,110.9432523775839,0.010027130486490505,-14.357036492858608,1.0,1.3636363636363638,-0.3658380769257339,0.8546883662809287,0.12134048497653642,-0.017689529452366064,1.3644051948051947,1.376787782054893,-0.5127885581815194,0.35533829128596495,-0.17990145237281063,Insurance—Property & Casualty,Financial Services,UVE
2021Q4,2021,Q4,2022-02-28,2021-12-31,-48125000.0,292659000.0,-63906000.0,-1.54,292659000.0,1.0,2056141000.0,429702000.0,1558422000.0,215421000.0,1626439000.0,0.0,563713000.0,530009000.0,409936000.0,13.78266029444783,7.234308632863091,0.06343679737916806,0.30354757483092937,-0.0851767525194013,13.78266029444783,-0.11199622063662724,1.8110121335752531,-2.7532935064935065,1.2334338681225594,-0.18886233766233768,0.0,0.017148765398323423,0.14233411035527233,7.234308632863091,-0.023405496023862177,-12.634905120625536,1.0,-3.40625,-4.96155241406486,0.8417270447961192,0.30114491779961977,0.01881610003690114,-3.3844324431452213,-3.4148276904474004,-7.308456172666968,0.5103528510715815,-0.043464972418268404,Insurance—Property & Casualty,Financial Services,UVE
2021Q3,2021,Q3,2021-10-27,2021-09-30,20183000.0,287254000.0,26464000.0,0.64,287254000.0,1.0,2143228000.0,494275000.0,1546354000.0,399905000.0,1648953000.0,0.0,620936000.0,407460880.0,189991880.0,15.818318558581623,3.8668033657993774,0.0034308062417997523,0.014876334024581458,0.040234994856746434,15.818318558581623,0.04083354407971271,1.4184689508240094,5.047080216023386,0.8243606898993475,0.24803052073527226,0.0,0.0122858420175208,0.1340286707713785,3.8668033657993774,0.009417103546612866,27.15681684884031,1.0,-0.08571428571428563,-0.15801432777141877,0.8681799331786628,0.4850227156377717,0.02891672427564913,-0.08012396882548653,-0.11959812369007618,-0.3976097463515942,0.5545465307746353,0.03845099895807711,Insurance—Property & Casualty,Financial Services,UVE
2021Q2,2021,Q2,2021-07-30,2021-06-30,21941000.0,279181000.0,30059000.0,0.7,279181000.0,1.0,2341535000.0,480842000.0,1599082000.0,581818000.0,1860693000.0,0.0,605790000.0,433611200.0,154839200.0,15.391869398207426,2.748423046382202,0.00329740960523759,0.016057249574704374,0.04490925428245692,15.391869398207426,0.04563037338668419,1.5531544052066582,4.940649924798323,0.9017748033657627,0.22879540586117314,0.0,0.011577191733054866,0.1192299068773262,2.748423046382202,0.009370348937769455,2.2346254934498715,1.0,-0.16666666666666669,-0.26812699349315,0.8453073750988217,0.5359321409481043,0.062506422283707,-0.1691532868827628,-0.1735448571664238,-0.467974274639163,0.4870706388928893,0.09194117300080079,Insurance—Property & Casualty,Financial Services,UVE
2021Q1,2021,Q1,2021-04-30,2021-03-31,26408000.0,262757000.0,36371000.0,0.84,262757000.0,1.0,1717453000.0,454665000.0,1390105000.0,24527000.0,1262788000.0,0.0,588890000.0,447522720.0,364781720.0,14.568860548577288,56.67651975374078,0.004709299177328288,0.017788921513641913,0.05709855894825862,14.568860548577288,0.05808232434869629,1.703180961877324,4.236620720993638,0.9842911154366402,0.19259315358982126,0.0,0.011364786127506554,0.15299225073408124,56.67651975374078,0.015376257749120355,7.452005195324208,1.0,2.4999999999999996,0.15819057753285837,0.7677623827917003,0.6004576822582718,-0.037964163060272546,2.494087694483734,2.347972722555778,-0.2639988063067986,0.5317407270881204,0.09131601923887235,Insurance—Property & Casualty,Financial Services,UVE
2020Q4,2020,Q4,2021-02-26,2020-12-31,-17675000.0,273126000.0,-26982000.0,-0.56,273126000.0,1.0,1758741000.0,449262000.0,1244893000.0,69711000.0,1309479000.0,0.0,567512000.0,471326230.0,372025230.0,14.402654441701664,17.85791338526201,0.03858157625255794,0.15103658889467617,-0.034158364323947615,14.402654441701664,-0.039342299148381124,1.725673242386298,-6.6665661951909465,1.0491121661747487,-0.511060820367751,0.0,0.01916506959521434,0.15529631708136674,17.85791338526201,-0.010049802671342738,-3.209947559472326,1.0,-4.6000000000000005,-1.6718860305478203,0.8671615471293023,0.6986357733622938,-0.12365520671233536,-4.577469233196592,-6.145656779661017,-1.538501140246201,0.5044378179944233,0.13224318500508842,Insurance—Property & Casualty,Financial Services,UVE
2020Q3,2020,Q3,2020-10-30,2020-09-30,-3169000.0,311665000.0,-3776000.0,-0.1,311665000.0,1.0,2050184000.0,474763000.0,1498667000.0,351255000.0,1575421000.0,0.0,594281000.0,438160560.0,41851560.0,14.996146435452793,4.266606881040839,0.0043035161722069825,0.018584009284632542,-0.006525475700254189,14.996146435452793,-0.006674909375835944,1.4058702773811624,-34.566153360681604,0.922903764615187,-1.6137582833701483,0.0,0.011671520595098748,0.15201806276900023,4.266606881040839,-0.001545714921197317,-20.22061747196456,1.0,-1.161290322580645,-1.115338254365898,1.1884395098249425,0.8502317274471911,0.23332040648347474,-1.1593904033799416,-1.1375341467856492,-1.3484540745813138,0.7948839528215709,0.23682719645640327,Insurance—Property & Casualty,Financial Services,UVE
2020Q2,2020,Q2,2020-07-31,2020-06-30,19882000.0,252704000.0,27455000.0,0.62,252704000.0,1.0,2046899000.0,527701000.0,1403596000.0,502832000.0,1519198000.0,0.0,602583000.0,569810500.0,247285500.0,16.438259298486077,2.7913816145352723,0.004490206893451997,0.01741706003968156,0.037054600298467584,16.438259298486077,0.03767663885419963,2.254853504495378,7.164904184689669,1.0797980295659853,0.25882707977064684,0.0,0.009031072610982072,0.12345699519126249,2.7913816145352723,0.009713229621979394,4.078932109723972,1.0,0.016393442622950834,-0.12206080014787711,1.2304727406420555,1.2545565013382158,0.07407926894060142,-0.009219115961528879,-0.006549428281951078,-0.26295446311247284,0.4836298068929532,0.36477981422424594,Insurance—Property & Casualty,Financial Services,UVE
2020Q1,2020,Q1,2020-05-01,2020-03-31,20067000.0,235275000.0,27636000.0,0.61,235275000.0,1.0,1545513000.0,494288000.0,1286041000.0,67594000.0,1051225000.0,0.0,587867000.0,584030720.0,412809720.0,15.166395630695591,19.02596384294464,0.006185001355536964,0.01933892791247208,0.03990264767150684,15.166395630695591,0.040597789143171595,2.4823322494952715,7.27600936861514,1.181559576603114,0.26232122389993523,0.0,0.009013224509834003,0.1522310067919196,19.02596384294464,0.012984038309609819,14.266225023205823,1.0,1.3935483870967742,-0.04655441665743862,1.4045774762796097,1.167747438701858,-0.017238786643386437,1.3929081902375031,1.400475307210758,-0.30650098675745335,0.45062316673104214,0.3364942822530641,Insurance—Property & Casualty,Financial Services,UVE
2019Q4,2019,Q4,2020-03-02,2019-12-31,-51073000.0,239402000.0,-69008000.0,-1.55,239402000.0,1.0,1719852000.0,493901000.0,1328795000.0,215081000.0,1225951000.0,0.0,573619000.0,920563110.0,838781110.0,15.01720940131959,6.17811429182494,0.058334670657707755,0.2031318017173482,-0.08589248081018615,15.01720940131959,-0.10340736301404532,3.845260732993041,-4.506114336342098,1.863861603843685,-0.18581246451158145,0.0,0.010308907555506976,0.13919918690678035,6.17811429182494,-0.029696159902131113,34.84605609811492,1.0,-3.627118644067797,-3.560358156140096,1.4089927783893632,1.3719831655924135,0.04250547593853014,-3.5351434527945993,-3.4687153436124922,-4.985379538722387,0.42815324045659064,0.41769188782305855,Insurance—Property & Casualty,Financial Services,UVE
2019Q3,2019,Q3,2019-11-04,2019-09-30,20146000.0,229641000.0,27953000.0,0.59,229641000.0,1.0,1829278000.0,568981000.0,1335754000.0,305182000.0,1260297000.0,0.0,634210000.0,1009133510.0,861481510.0,16.909298939047222,4.376909516288641,0.00655231189573154,0.021065729787110642,0.03474752334698739,16.909298939047222,0.03540715770825388,4.3943960790973735,12.52275277970813,1.7735803304504016,0.2714186438995334,0.0,0.005418509984868107,0.12553641382009734,4.376909516288641,0.011013088223878491,-924.1149358974359,1.0,-0.4537037037037038,-0.06208331926792445,1.2044450393900201,1.988868938348129,-0.017460915104269174,-0.45979138176065215,-0.45188046590062353,-0.21955199283984442,0.3868778516804464,0.5874438826731019,Insurance—Property & Casualty,Financial Services,UVE
2019Q2,2019,Q2,2019-08-02,2019-06-30,37293000.0,233722000.0,50998000.0,1.08,233722000.0,1.0,2064123000.0,566066000.0,1472927000.0,452860000.0,1498057000.0,0.0,614067000.0,991931010.0,846628010.0,16.498090991227304,3.2524996687718057,0.01759149042959165,0.06414623029823377,0.06199239403634399,16.498090991227304,0.06588101034155028,4.244063502793917,6.649579076502293,1.7523239516240154,0.14841927439465852,0.0,0.0055800251672744865,0.11323065534369803,3.2524996687718057,0.01806723727219744,43.36310426229508,1.0,-0.05263157894736828,1.1557975919770733,1.6599400993857907,2.1465870566536163,-0.012105534562484678,-0.07111188602171964,-0.052469250492363714,0.13262014706541073,0.4065659580185988,0.6463203761762386,Insurance—Property & Casualty,Financial Services,UVE
2019Q1,2019,Q1,2019-04-26,2019-03-31,40148000.0,236586000.0,53822000.0,1.14,236586000.0,1.0,1697869000.0,539050000.0,1406729000.0,94168000.0,1158819000.0,0.0,587797000.0,1111364590.0,980637590.0,15.516248812642123,14.938503525613797,0.032001291030108917,0.10079584454132269,0.06775758663535274,15.516248812642123,0.07447917632872646,4.697507840700633,6.920423121948789,2.0617096558760784,0.14005678987745343,0.0,0.00505954576076605,0.1393429057247644,14.938503525613797,0.023646111684705946,44.30748275724594,1.0,7.333333333333333,1.850668996099005,2.0630996295404107,2.032939151125983,0.0934173857181811,7.20717377860235,5.82578678382498,0.5817289142038645,0.42982292846023873,0.704532727815075,Insurance—Property & Casualty,Financial Services,UVE
2018Q4,2018,Q4,2019-03-01,2018-12-31,-6468000.0,216373000.0,-11153000.0,-0.18,216373000.0,1.0,1858390000.0,501633000.0,1476486000.0,199208000.0,1356757000.0,0.0,553224000.0,1320146880.0,1267958880.0,14.40894467742862,7.411780651379463,0.06147256496214465,0.22773621352662204,-0.010419949176135063,14.40894467742862,-0.01289388855996316,6.10125514736127,-51.0260853432282,2.631698632267016,-1.5630797773654916,0.0,0.007658238755978425,0.11643035100274969,7.411780651379463,-0.0034804319868273073,260.84704208654415,1.0,-1.173076923076923,-1.3984972430306177,1.6775143137945485,1.7423181557267529,0.04956464795905993,-1.1730337078651685,-1.2175940377711878,-1.2202974248849634,0.3253333828388529,0.6993776379589859,Insurance—Property & Casualty,Financial Services,UVE
2018Q3,2018,Q3,2018-10-31,2018-09-30,37380000.0,206155000.0,51256000.0,1.04,206155000.0,1.0,1723269000.0,531024000.0,1243452000.0,294276000.0,1192245000.0,0.0,568467000.0,1670190510.0,1460000510.0,15.23260950632512,4.225461811360764,0.024429732096381936,0.07927890264846786,0.06533504825283926,15.23260950632512,0.07039229865316822,8.101625039412093,11.170348515248795,3.1452260349814694,0.14933119315141788,0.0,0.0033421337066512256,0.11963019122377296,4.225461811360764,0.0216913319975001,25.992755695966135,1.0,-0.19379844961240308,1.5050373532063233,1.5398237166037776,2.081087791997037,-0.017317482410814728,-0.18887249370714349,-0.16436792852717727,0.2355143217335077,0.3146124400355225,0.8794066543512951,Insurance—Property & Casualty,Financial Services,UVE
2018Q2,2018,Q2,2018-07-27,2018-06-30,46084000.0,209788000.0,61338000.0,1.29,209788000.0,1.0,1711277000.0,492073000.0,1166128000.0,347672000.0,1219204000.0,0.0,531085000.0,1225305900.0,929331900.0,14.095877853848577,3.3541038680135298,0.00883200089757532,0.030714954894903806,0.09099546612292711,14.095877853848577,0.09365277103194038,5.840686311895818,6.647132952868676,2.490089681815503,0.10656627028903741,0.0,0.004007978742287946,0.12259149161707894,3.3541038680135298,0.026929597020236933,11.890978698626814,1.0,0.15178571428571422,1.8200865214079311,1.8115650882265448,2.2864604081786832,0.09549869451697128,0.15051803769816502,0.18463440071072657,0.8713250073804029,0.7027862259441013,0.9332918699238758,Insurance—Property & Casualty,Financial Services,UVE
2018Q1,2018,Q1,2018-04-27,2018-03-31,40055000.0,191500000.0,51778000.0,1.12,191500000.0,1.0,1295707000.0,465094000.0,1019499000.0,57875000.0,830613000.0,0.0,495520000.0,1111364100.0,879362100.0,13.349809121961021,17.615533477321815,0.009779217060647199,0.027243954985443804,0.08396639997343705,13.349809121961021,0.08612237526177503,5.8034678851174935,6.936487954063162,2.3895472743144395,0.12270627886655848,0.0,0.004422493042559141,0.14779575938078593,17.615533477321815,0.03091362476238841,21.78632674664785,1.0,0.0873786407766991,2.8375503220588008,2.25272123513346,2.0955730709250284,-0.04874026386901923,0.10053302560720959,-0.1162806574388558,0.7803369365114972,0.8308964241275896,0.9081009908985505,Insurance—Property & Casualty,Financial Services,UVE
2017Q4,2017,Q4,2018-02-23,2017-12-31,36396000.0,201312000.0,58591000.0,1.03,201312000.0,1.0,1454999000.0,439988000.0,471863000.0,149962000.0,1015011000.0,0.0,464748000.0,946009150.0,782106150.0,12.720460261932985,3.146550459449727,0.034077686651331034,0.11269170977390293,0.07434263875924023,12.720460261932985,0.08272043783012265,4.699218874185344,6.498029659852731,2.1500794339845632,0.3901527640400044,0.0,0.015010425639117761,0.13835885797859654,3.146550459449727,0.025014450181752704,-22.444935702761697,1.0,2.6785714285714284,8.532988107399612,2.0882738807926833,2.105315827853144,0.058183481126769444,2.652749899638699,2.5297909512621244,0.7349048892587762,0.9261497551880601,1.0092093539856326,Insurance—Property & Casualty,Financial Services,UVE
2017Q3,2017,Q3,2017-11-09,2017-09-30,9964000.0,190243000.0,16599000.0,0.28,190243000.0,1.0,1857061000.0,420557000.0,864734000.0,345355000.0,1436504000.0,0.0,437746000.0,797778000.0,444837000.0,12.124690076688001,2.5038988866528644,0.007126852591271908,0.031470169323064415,0.022969533785777516,12.124690076688001,0.023692388903287783,4.193468353631934,20.016509433962263,1.8969557039830511,0.00030108390204737056,0.0,3.7604446349736393e-06,0.10244305383614216,2.5038988866528644,0.005365467262518571,5.527381315300834,1.0,-0.6585365853658536,0.38060846935988746,1.9197339208636388,1.897921726799566,0.025640610932302535,-0.6608115468409586,-0.6536318677879098,-0.549984894910099,0.7716440680657194,1.143146779055791,Insurance—Property & Casualty,Financial Services,UVE
2017Q2,2017,Q2,2017-08-03,2017-06-30,29376000.0,185487000.0,47923000.0,0.82,185487000.0,1.0,1370059000.0,421068000.0,334860000.0,315632000.0,948991000.0,0.0,432615000.0,880966800.0,649074800.0,12.044623702050973,1.0609190449637553,0.00992876949094893,0.0323059458329771,0.06758214833747823,12.044623702050973,0.06976545356094503,4.749480017467532,7.497334558823529,2.092219783977885,0.16615604575163398,0.0,0.005540503910022489,0.1353861403049066,1.0609190449637553,0.021441412377131205,13.058130882679908,1.0,-0.046511627906976785,3.286095702041794,2.5120848241666422,1.9536546696234445,0.06068941066139049,-0.05843135997948652,0.011652698908614976,0.6666626212878319,1.071858609792337,1.2972025710907773,Insurance—Property & Casualty,Financial Services,UVE
2017Q1,2017,Q1,2017-05-01,2017-03-31,31199000.0,174874000.0,47371000.0,0.86,174874000.0,1.0,1060439000.0,398765000.0,227582000.0,45587000.0,661674000.0,0.0,408128000.0,860930000.0,714537000.0,11.347894137734775,4.992256564371422,0.013174732351412952,0.035035672639273756,0.07559069235540394,11.347894137734775,0.07823906310734392,4.923144664158194,6.898698676239623,2.1589908843554477,0.15792172826052117,0.0,0.005722881070470306,0.16490717523591644,4.992256564371422,0.029420834201684398,12.169825989850587,1.0,1.263157894736842,2.5420420213201687,2.253508832199874,1.8547122064282946,-0.020884190723612014,1.2849714369415557,1.0843490121881463,1.1901008263058181,1.2384009591135492,1.2181567741506318,Insurance—Property & Casualty,Financial Services,UVE
2016Q4,2016,Q4,2017-02-24,2016-12-31,13654000.0,178604000.0,22727000.0,0.38,178604000.0,1.0,1060007000.0,371190000.0,173757000.0,84078000.0,688817000.0,0.0,381864000.0,995192800.0,904490800.0,10.592717310655784,2.066616713052166,0.014177264867118802,0.04048600447210324,0.035353090741498325,10.592717310655784,0.0367843961313613,5.572063335647578,18.221634685806357,2.6810873137746167,1.0522191299252965,0.0,0.014436398655617284,0.16849322693152027,2.066616713052166,0.012881047011953695,-16.747602780068323,1.0,-0.49333333333333335,7.635280847468246,2.4350552283305142,1.781413615760208,0.03576979285068083,-0.492076482404583,-0.48538369223105315,-0.16424256640056212,1.195760435321315,1.0160116961928924,Insurance—Property & Casualty,Financial Services,UVE
2016Q3,2016,Q3,2016-11-04,2016-09-30,26882000.0,172436000.0,44163000.0,0.75,172436000.0,1.0,1234222000.0,373264000.0,287320000.0,214157000.0,860958000.0,0.0,377674000.0,883058400.0,693213400.0,10.651903430169511,1.341632540612728,0.012474255036776204,0.04124694586137426,0.06916585190140483,10.651903430169511,0.0720187320502379,5.121079125008698,8.2123577114798,2.3657743580950745,0.18283609850457555,0.0,0.005565883298318661,0.139712304593501,1.341632540612728,0.021780522466784743,37.42724421463084,1.0,-0.20212765957446804,29.83495644054973,2.9027712425664878,1.6598199089390184,0.015512184779920142,-0.2010580438077689,-0.1954858454475899,0.7922039963015239,1.1134335495765928,1.1545520225276464,Insurance—Property & Casualty,Financial Services,UVE
2016Q2,2016,Q2,2016-08-04,2016-06-30,33647000.0,169802000.0,54894000.0,0.94,169802000.0,1.0,1149509000.0,351363000.0,294434000.0,150909000.0,798146000.0,0.0,355697000.0,651451959.9999999,452470959.9999999,10.02119103302721,1.9510698500420784,0.014181707146268537,0.0463964617788441,0.09151537404974636,10.02119103302721,0.09576136360402206,3.8365387922403733,4.840342081017624,1.8540710319527096,5.9440663357803075e-05,0.0,3.070065212483205e-06,0.14771698177221754,1.9510698500420784,0.029270758210679516,6.088734403185254,1.0,0.323943661971831,3.9815243128651105,2.5359030921006576,1.4822093536985783,0.032569962176033466,0.3338222468881313,0.33565293559454,1.0500258429989404,1.2657449639326817,1.336445300840002,Insurance—Property & Casualty,Financial Services,UVE
2016Q1,2016,Q1,2016-05-09,2016-03-31,25226000.0,164446000.0,41099000.0,0.71,164446000.0,1.0,1028996000.0,314297000.0,271780000.0,79340000.0,714699000.0,0.0,326965000.0,614580600.0,477623600.0,9.102933935760419,3.4255104613057727,0.022426714972652955,0.07342418158620667,0.0747716184412551,9.102933935760419,0.08026166333118039,3.7372791068192597,6.090745659240466,1.9554135101512267,0.1949575834456513,0.0,0.008002205080993445,0.15981208867672955,3.4255104613057727,0.024515158465144665,14.62973648503892,1.0,-0.13414634146341461,1.0706236425648195,1.916047503616552,1.3880483932659171,0.014466289535536487,-0.1346734357848518,-0.141624895572264,1.4386674116357816,1.8184362549055184,1.1108015028914668,Insurance—Property & Casualty,Financial Services,UVE
2015Q4,2015,Q4,2016-02-24,2015-12-31,29152000.0,162101000.0,47880000.0,0.82,162101000.0,1.0,993548000.0,293092000.0,306267000.0,73963000.0,700456000.0,0.0,306656000.0,801263060.0,628299060.0,8.478953915584228,4.140813650068277,0.024206178262147375,0.08205614619300425,0.0919209691557725,8.478953915584228,0.0994636496390212,4.942986533087396,6.871424430570801,2.7338278083332197,0.4723518111964874,0.0,0.017185367312452918,0.16315366746246784,4.140813650068277,0.029341310132977975,-34.13988325521943,1.0,-0.023809523809523832,5.880093467253213,1.8117630657613024,1.3890830929676095,0.032207739281598036,-0.03782427883028583,-0.0004175365344467641,6.64046986004838,1.488331031523309,1.0698802759908974,Insurance—Property & Casualty,Financial Services,UVE
2015Q3,2015,Q3,2015-10-29,2015-09-30,30298000.0,157043000.0,47900000.0,0.84,157043000.0,1.0,1078366000.0,282954000.0,385874000.0,130737000.0,795412000.0,0.0,286986000.0,1031270940.0,857548940.0,8.105009882272062,2.951528641471045,0.026013431432370827,0.09913978950642154,0.09741934239210819,8.105009882272062,0.1070774754907158,6.566806161369816,8.509397815037296,3.644659343921627,0.1414284771272031,0.0,0.004155067144624477,0.14563051876635577,2.951528641471045,0.028096212232210586,33.54926770552068,1.0,0.21739130434782614,1.3532419243856577,1.4085428103928395,1.2897456195659238,0.27066695795001255,0.2264410621761658,0.16205725376031052,3.1710241688222034,1.3946668562413935,0.9371781121994118,Insurance—Property & Casualty,Financial Services,UVE
2015Q2,2015,Q2,2015-08-04,2015-06-30,24704000.0,123591000.0,41220000.0,0.69,123591000.0,1.0,1047367000.0,255328000.0,428872000.0,136444000.0,792039000.0,0.0,260977000.0,847459800.0,661454800.0,7.291127673548645,3.143208935533992,0.026089231377349104,0.1070192066675022,0.08740045214450227,7.291127673548645,0.09675397919538789,6.85697016773066,8.57613949158031,3.3191024877804236,0.00012143782383419689,0.0,3.5399909234632726e-06,0.11800161738912912,3.143208935533992,0.023586765670486086,5.761740230072611,1.0,0.11290322580645154,1.566272064442796,1.4745998589026026,1.3103736577266507,0.190550043348425,0.10631437527989251,0.08408068800462878,2.5982533965846564,1.3361118181476246,0.7879739402842938,Insurance—Property & Casualty,Financial Services,UVE
2015Q1,2015,Q1,2015-04-30,2015-03-31,22330000.0,103810000.0,38023000.0,0.62,103810000.0,1.0,967157000.0,241921000.0,333797000.0,101208000.0,725236000.0,0.0,240560000.0,884851020.0,741831020.0,6.996384984672335,3.298128606434274,0.04062525525845338,0.1624125230963827,0.07940628422684663,6.996384984672335,0.09230285919783732,8.523755129563625,9.906527317510076,3.6576031845106463,0.18983430362740708,0.0,0.004790636959428492,0.10733521031228642,3.298128606434274,0.023088288664611847,16.679881241870724,1.0,0.06896551724137938,2.0232565647098846,1.4513726044276911,1.3732503022559064,-0.006431729867345572,0.06475300400534045,0.02970806477820506,1.5763427819735538,0.9627628270291542,0.7600327756144031,Insurance—Property & Casualty,Financial Services,UVE
2014Q4,2014,Q4,2015-02-25,2014-12-31,20972000.0,104482000.0,36926000.0,0.58,104482000.0,1.0,911774000.0,218916000.0,287467000.0,76111000.0,692858000.0,0.0,222469000.0,707120100.0,628247100.0,6.33107756376887,3.7769441999185402,0.04005817231024355,0.1668402492280144,0.08210147196993423,6.33107756376887,0.09579930201538489,6.767865278229743,8.429335542628266,3.2300978457490546,0.5853518977684532,0.0,0.01736055869434344,0.1145919931912952,3.7769441999185402,0.023001313922090344,-38.752677152408616,1.0,-0.04918032786885251,9.41300447534578,1.1764136456975869,1.173573779718572,0.00948792270531401,-0.01729066116864252,-0.006083118001722653,11.328286478108467,1.0364466425538865,0.6624011405068381,Insurance—Property & Casualty,Financial Services,UVE
2014Q3,2014,Q3,2014-10-30,2014-09-30,21341000.0,103500000.0,37152000.0,0.61,103500000.0,1.0,940265000.0,189139000.0,337358000.0,112569000.0,751126000.0,0.0,210344000.0,432275760.0,298580760.0,5.657424024886336,2.9968996793078024,0.03898581782795276,0.19380984355421146,0.09451451752909706,5.657424024886336,0.11283236138501314,4.176577391304348,5.063911719225903,2.2854924685020013,0.16423785202192961,0.0,0.008108250159574065,0.1100753510978288,2.9968996793078024,0.022696792925398692,12.267318235995232,1.0,0.24489795918367346,1.0858507402476036,0.9100534932997841,0.6774547640858583,0.1898056076055593,0.24611701506481373,0.2217435627610247,24.658015044698463,1.4553422288942828,0.4126798232213343,Insurance—Property & Casualty,Financial Services,UVE
2014Q2,2014,Q2,2014-08-06,2014-06-30,17126000.0,86989000.0,30409000.0,0.49,86989000.0,1.0,950402000.0,178100000.0,366444000.0,129216000.0,772302000.0,0.0,192436000.0,440564960.0,274503960.0,5.2431700423928405,2.835902674591382,0.0371379689857555,0.1981807973048849,0.08025455022587116,5.2431700423928405,0.09615946097697922,5.06460540987941,6.431229709214062,2.4736943290286355,0.00023356300362022657,0.0,9.079251332198548e-06,0.09152863735556112,2.835902674591382,0.018019743224446078,6.480611926686476,1.0,0.28947368421052627,1.4829086884662603,1.0259838945857063,0.661726123642667,0.17070183702308053,0.2640047235958373,0.3154388545226457,1.617209899874127,0.8697717746914368,0.2987124663492425,Insurance—Property & Casualty,Financial Services,UVE
2014Q1,2014,Q1,2014-05-08,2014-03-31,13549000.0,74305000.0,23117000.0,0.38,74305000.0,1.0,901432000.0,170984000.0,263437000.0,101138000.0,730448000.0,0.0,178814000.0,424459400.0,341795400.0,5.115911674944647,2.6047281931618187,0.04449254075737271,0.23456580732700136,0.06418558820603436,5.115911674944647,0.07924133252234127,5.712393513222529,7.831932245922208,2.482450989566275,0.2559598494353827,0.0,0.008170392739564726,0.08242995589240232,2.6047281931618187,0.015030529202424587,14.583226826083969,1.0,-0.13636363636363635,0.22425329111272713,0.7354852616102947,0.758739282204667,-0.042214488270172726,-0.13047105634706713,-0.11064517370061171,0.1489111118691083,0.3611805312959315,0.34209967266134567,Insurance—Property & Casualty,Financial Services,UVE
2013Q4,2013,Q4,2014-03-03,2013-12-31,15582000.0,77580000.0,25993000.0,0.44,77580000.0,1.0,920090000.0,175609000.0,347547000.0,104620000.0,744481000.0,0.0,168734000.0,483950560.0,418922560.0,5.254293579079648,3.3219938826228255,0.05678466236998554,0.29751891987312723,0.06838529597640615,5.254293579079648,0.08873121537051062,6.238084042278938,7.764577076113464,2.755841443206214,0.5238737004235656,0.0,0.016867425465940156,0.08431783847232335,3.3219938826228255,0.016935299807627514,-15.656763506955677,1.0,0.09999999999999995,1.4464021153887634,0.9156635472015635,0.9433895593213372,-0.010055124540628829,0.08155757617824669,0.03504161191414805,2.8034563608945438,0.3917846998941254,0.48048262559786736,Insurance—Property & Casualty,Financial Services,UVE
2013Q3,2013,Q3,2013-11-04,2013-09-30,14407000.0,78368000.0,25113000.0,0.4,78368000.0,1.0,972344000.0,166402000.0,377659000.0,144645000.0,805942000.0,0.0,161291000.0,237288900.0,159567900.0,4.943906352130251,2.6109371219191813,0.06125918399249648,0.3579584379995433,0.06375709727526585,4.943906352130251,0.08657948822730496,3.0278800020416496,4.117597348511141,1.4259978846408097,0.2430068716596099,0.0,0.01475416675621995,0.08059699036554964,2.6109371219191813,0.014816772664818213,-40.792315626611654,1.0,-0.09090909090909087,1.1771716220398345,0.8508430619651914,0.8386958369836973,0.007870775245640208,-0.15397263491690646,-0.15410266774454326,0.16064700446913122,0.24666145929784644,0.3967025429660541,Insurance—Property & Casualty,Financial Services,UVE
2013Q2,2013,Q2,2013-08-06,2013-06-30,17029000.0,77756000.0,29688000.0,0.44,77756000.0,1.0,1001799000.0,156028000.0,697541000.0,164635000.0,845771000.0,0.0,150409000.0,263012940.00000003,144557940.00000003,4.289075815053054,4.23689373462508,0.06228994039722539,0.39994103622426747,0.07796090280639108,4.289075815053054,0.1091406670597585,3.3825420546324403,3.8612505138293503,1.6856778270566823,0.35733161078160786,0.0,0.0231357438154944,0.07761636815369151,4.23689373462508,0.016998419842702978,6.212806255019607,1.0,0.517241379310345,0.5841958745508964,0.7727066303580825,0.6367005139182242,0.15270921354977393,0.42394849067647794,0.5022770974597712,0.7029013306783117,0.4987078094359391,0.3590994730542248,Insurance—Property & Casualty,Financial Services,UVE
2013Q1,2013,Q1,2013-05-07,2013-03-31,11959000.0,67455000.0,19762000.0,0.29,67455000.0,1.0,964123000.0,172144000.0,665624000.0,136265000.0,791979000.0,0.0,136196000.0,194794960.0,-241160040.0,4.3125485382168,4.884775987964628,0.04866702692498779,0.2725683148991542,0.05459110309725424,4.3125485382168,0.06947090807695883,2.8877764435549627,4.072141483401622,1.1315814666790593,0.00041809515845806503,0.0,2.5668015229962828e-05,0.06996513930276531,4.884775987964628,0.012404018989278339,1.2986157517899761,1.0,1.6363636363636362,-0.22640104439952596,0.40984769201738847,0.8436369166736398,-0.10331396971831922,1.7142532909668633,1.1104228961982059,0.4025654073550406,0.3798321501310097,0.4628636280362745,Insurance—Property & Casualty,Financial Services,UVE
2012Q4,2012,Q4,2013-03-08,2012-12-31,4406000.0,75227000.0,9364000.0,0.11,75227000.0,1.0,925735000.0,163514000.0,516749000.0,115621000.0,762221000.0,0.0,127511000.0,174836460.0,-126340540.0,4.096349926096651,4.4693351553783485,0.04992249401826657,0.28263634918110986,0.021008062785785465,4.096349926096651,0.026945704954927405,2.3241184681032077,9.92036200635497,1.0692445906772508,2.6025873808443034,0.0,0.06558700628004022,0.0812619162071219,4.4693351553783485,0.004759461400940874,-53.64727216937711,1.0,-0.45,-0.602656577937155,0.5537721705998955,1.0853373555929187,0.009257147456967681,-0.46632751937984496,-0.3298983827107485,2.5310794929350604,0.3574244942849281,0.406351241512106,Insurance—Property & Casualty,Financial Services,UVE
2012Q3,2012,Q3,2012-11-09,2012-09-30,8256000.0,74537000.0,13974000.0,0.2,74537000.0,1.0,979912000.0,166014000.0,427072000.0,157384000.0,813898000.0,0.0,131287000.0,150780200.0,-165108800.0,4.183926006199753,2.713566817465562,0.050806603041905804,0.29989037069162844,0.038257645968489344,4.183926006199753,0.04973074559976869,2.022890644914606,4.5657764050387595,0.908237859457636,0.38977713178294576,0.0,0.02134232478800267,0.07606499359126126,2.713566817465562,0.008425246348651716,11.62799413896815,1.0,0.05263157894736847,-0.46120053705200564,0.4700380047386394,1.3519011515112098,0.24377586437057802,0.061591873473061595,0.07558497536945813,-0.32010822698372954,0.15898743954442993,0.2405551680074926,Insurance—Property & Casualty,Financial Services,UVE
2012Q2,2012,Q2,2012-08-08,2012-06-30,7777000.0,59928000.0,12992000.0,0.19,59928000.0,1.0,1116173000.0,161761000.0,417551000.0,306779000.0,954412000.0,0.0,126323000.0,135267880.0,-172451120.0,4.077871332056065,1.361080778019356,0.04354701287345241,0.3004803382768405,0.03696872608346366,4.077871332056065,0.04807710140268668,2.257173274596182,4.348330975954739,0.836220597053678,0.5165230808795165,0.0,0.029696628645322156,0.05369060172571814,1.361080778019356,0.006967557896490956,3.775163405989227,1.0,-0.2083333333333333,-0.6026446840775124,0.005882709615807269,1.8081897436351002,-0.005294869454080701,-0.21229616124784767,-0.19945776079857047,-0.034512668215461395,0.1951739167615388,0.29240617156077636,Insurance—Property & Casualty,Financial Services,UVE
2012Q1,2012,Q1,2012-05-09,2012-03-31,9873000.0,60247000.0,16229000.0,0.24,60247000.0,1.0,936656000.0,156573000.0,378990000.0,148231000.0,780083000.0,0.0,121765000.0,153219320.0,-122734680.0,3.9751447141261296,2.5567526360882677,0.053396337609538616,0.31942927580106406,0.04779100330611316,3.9751447141261296,0.06305684888199115,2.5431858847743456,3.8797558999291,0.9785807259233713,0.02572672946419528,0.0,0.0016577543876320556,0.06432137305478212,2.5567526360882677,0.01054068943133872,1.6346532667605513,1.0,5.2105263157894735,-0.2910728040609789,0.20114056284080045,3.2156622222355,0.030867683041596084,5.2684824902723735,5.360290166577109,-0.24302475003549906,0.19400686288878088,0.3665683861239665,Insurance—Property & Casualty,Financial Services,UVE
2011Q4,2011,Q4,2012-03-26,2011-12-31,-2313000.0,58443000.0,-3722000.0,-0.057,58443000.0,1.0,894026000.0,150005000.0,287982000.0,117296000.0,744021000.0,0.0,116158000.0,141009040.0,-41499960.0,3.8083934193155278,2.455173236939026,0.05276804030307843,0.3144961834605513,-0.011730339130037884,3.8083934193155278,-0.015419486017132762,2.4127618363191488,-15.240925205361004,0.940028932368921,-3.8115002161694767,0.0,0.0625208142683618,0.06537058206360889,2.455173236939026,-0.0025871730799775397,-2.116331327199868,1.0,-3.85,-1.252584443576172,0.6663983616018642,5.045467026982963,0.1827454313642159,-3.3723076923076922,-3.9943684633950123,-1.3081404993263677,0.22453292443184947,0.40859887204519146,Insurance—Property & Casualty,Financial Services,UVE
2011Q3,2011,Q3,2011-11-08,2011-09-30,975000.0,49413000.0,1243000.0,0.02,49413000.0,1.0,966948000.0,156946000.0,387913000.0,168005000.0,810002000.0,0.0,124088000.0,150881500.0,-120983500.0,4.004746108701199,2.3089372340108927,0.05892043832760396,0.3630102073324583,0.004557799914921068,4.004746108701199,0.006212327807016426,3.0534778297209235,38.6875641025641,0.9613593210403579,0.005128205128205128,0.0,3.3138588892607774e-05,0.05110202410057211,2.3089372340108927,0.0010083272316608546,-3.7867110051449364,1.0,-0.8947368421052632,-0.7693662164761101,1.278833204277942,8.204018193530079,-0.07935236249813683,-0.8708438203735595,-0.9052663668927673,-0.8734573960181505,0.0022708427015025925,0.4894113022737043,Insurance—Property & Casualty,Financial Services,UVE
2011Q2,2011,Q2,2011-08-05,2011-06-30,7549000.0,53672000.0,13121000.0,0.19,53672000.0,1.0,896737000.0,158206000.0,432826000.0,120793000.0,738531000.0,0.0,126317000.0,183003290.0,-128711710.0,4.037206216347258,3.583204324753918,0.05020870110188383,0.2845909763220105,0.037145106529547806,4.037206216347258,0.0477162686623769,3.4096603443136084,6.060514306530666,1.1567405155303845,0.5224533050735197,0.0,0.021551525111925582,0.059852554316371466,3.583204324753918,0.008418298787715908,2.165514389170256,1.0,-0.44117647058823534,2.3485790499729293,4.191815516591105,9.372062914133123,-0.16571588453826186,-0.45682832062167217,-0.4314005893569076,-0.3480625047208147,0.13591945696614705,0.5405877102705569,Insurance—Property & Casualty,Financial Services,UVE
2011Q1,2011,Q1,2011-05-06,2011-03-31,13898000.0,64333000.0,23076000.0,0.34,64333000.0,1.0,842449000.0,150142000.0,364839000.0,105613000.0,692307000.0,0.0,118773000.0,213482960.0,-17605040.0,3.8118716360312788,3.454489504133014,0.05938044914291547,0.33318458525928785,0.06943202425974311,3.8118716360312788,0.09256570446643844,3.3184051730837982,3.8401741257734927,1.4218736929040507,0.0003597639948193985,0.0,2.3421073044893137e-05,0.07636426656094315,3.454489504133014,0.01649714107322817,1.6459750192752505,1.0,1.8333333333333337,2.565134176987405,8.711204998119939,9.858108854153743,-0.02068007119033123,1.8785650670035832,1.373184862215207,-0.0888974104625125,0.36265470440675796,0.629594938475592,Insurance—Property & Casualty,Financial Services,UVE
2010Q4,2010,Q4,2011-03-31,2010-12-31,4828100.0,65691505.0,9723642.0,0.12,65691505.0,1.0,766230240.0,139789628.0,211627788.0,64744092.0,626440612.0,0.0,108819040.0,191819560.0,90426175.0,3.54904102772418,3.268681071316901,0.060284855110912874,0.33043995939384,0.025960080041635497,3.54904102772418,0.034538327836454365,2.9200055623630483,9.932455831486505,1.3722016629159353,0.8122685942710383,0.0,0.02044480760981831,0.08573337564959588,3.268681071316901,0.006301108658932595,-1.3485329510339334,1.0,-0.6666666666666666,0.5484267843619477,7.228607719183054,10.979111523966646,-0.10198351835070153,-0.6657524895835388,-0.5869100378948799,-0.558742849234621,0.3750445601554354,0.806717679194308,Insurance—Property & Casualty,Financial Services,UVE
2010Q3,2010,Q3,2010-11-09,2010-09-30,14444685.0,73151781.0,23538800.0,0.36,73151781.0,1.0,789012137.0,138640237.0,359355497.0,96207156.0,650371900.0,0.0,108046314.0,175860912.09,-70802972.91,3.5396988263738054,3.7352262756836923,0.061226107602955666,0.34844243666432856,0.07726563384644271,3.5396988263738054,0.10418825957431103,2.4040550986721705,3.043695866161152,1.2684694998754222,0.27149854773572424,0.0,0.02230007199094358,0.09271312514676817,3.7352262756836923,0.01830730393441337,5.0836237339534325,1.0,0.3333333333333332,3.334226604031922,7.666924463396955,15.308422931187234,0.30955517704593816,0.3416037181205436,0.3347170340689999,-0.04500019364086227,0.46156890887427754,0.9897631395525138,Insurance—Property & Casualty,Financial Services,UVE
2010Q2,2010,Q2,2010-08-10,2010-06-30,10766730.0,55860022.0,17635798.0,0.27,55860022.0,1.0,796791189.0,123604835.0,329095738.0,114210999.0,673186354.0,0.0,93184722.0,163719067.38,-52255413.620000005,3.155821851225109,2.8814714947025375,0.058321788244573576,0.3759584890024731,0.06330573145201095,3.155821851225109,0.08710605859390533,2.9308808252886114,3.801503970564879,1.3245361104199525,0.4369863459007517,0.0,0.02873772783642643,0.07010622453055264,2.8814714947025375,0.013512611771614357,4.013347062758398,1.0,0.28571428571428586,250.87454956406415,12.113576430127598,22.53207607678268,0.17284971967097065,0.2961081231915034,0.2969335216148993,-0.4428552081521009,-0.050410321026236625,1.173228587592926,Insurance—Property & Casualty,Financial Services,UVE
2010Q1,2010,Q1,2010-05-10,2010-03-31,8306969.0,47627604.0,13598074.0,0.21,47627604.0,1.0,735612969.0,114645997.0,287571860.0,118642851.0,620966972.0,0.0,87702426.0,196779230.55999997,17962924.559999973,2.9480181580602274,2.4238448214633683,0.06759669839371742,0.4337265085670632,0.05053792181899721,2.9480181580602274,0.07245755819978608,4.131621455490391,5.922112823582223,1.7164073383216336,0.0006003393054674936,0.0,2.5343121760400486e-05,0.06474546535625313,2.4238448214633683,0.011292580949588994,3.519792759630269,1.0,4.03030303030303,2.390540688410642,17.257600967865294,20.555336234656526,-0.11787561909475483,3.9629545478864747,3.7181752543852777,-0.39587017340107367,-0.03827184715919407,2.1263890180488287,Insurance—Property & Casualty,Financial Services,UVE
2009Q4,2009,Q4,2010-03-16,2009-12-31,-2803610.0,53991937.0,-5002648.0,-0.0693,53991937.0,1.0,678247300.0,113274457.0,244827615.0,96574282.0,564972843.0,0.0,84100372.0,228279463.12,80284586.12,2.9127502470096047,2.5351222906321995,0.06624341003642771,0.39664206026606685,-0.017721500632560377,2.9127502470096047,-0.02475059315446553,4.228028772518385,-20.355850414287293,2.015277487668734,-4.29812135068715,0.0,0.05278729779413194,0.07960508947105281,2.5351222906321995,-0.004133610262805322,-5.713985925058901,1.0,-1.2475,-9.096141587012395,29.09324761482073,26.799615493271013,-0.11464022124050312,-1.2434847479530193,-1.2698361893320742,-1.3100871395960008,0.5592308729316547,3.62371757256577,Insurance—Property & Casualty,Financial Services,UVE
2009Q3,2009,Q3,2009-11-06,2009-09-30,11514520.0,60983047.0,18539574.0,0.28,60983047.0,1.0,698976680.0,126895018.0,330877058.0,103412942.0,572081662.0,0.0,94437777.0,189253815.39000002,-40530131.609999985,3.3726238978309455,3.199571074962745,0.06475028179767027,0.3566644121520988,0.06688501579879474,3.3726238978309455,0.09074052064045572,3.103384050160695,4.109025286985476,1.4914203754634403,0.0004331921782236689,0.0,2.6356139714917264e-05,0.08724618251927947,3.199571074962745,0.016473396508736173,-5.9502886402460735,1.0,0.47368421052631593,9.427667522449847,24.04970762714894,31.98234484591415,0.2825212839419765,0.5074206414352028,0.4898416022513679,1.8370223109872368,1.9294024584639808,6.751225888733718,Insurance—Property & Casualty,Financial Services,UVE
2009Q2,2009,Q2,2009-08-07,2009-06-30,7638558.0,47549345.0,12443990.0,0.19,47549345.0,1.0,714048882.0,118691785.0,220004377.0,137269875.0,595357097.0,0.0,82930644.0,188838213.48,66341888.47999999,3.1552552299649093,1.6027141934820004,0.06392706599042053,0.38458474611364213,0.046480541254901794,3.1552552299649093,0.06435624841264288,3.971415662613228,6.180427427532788,1.590996491290446,0.5932449553960315,0.0,0.023996922638118152,0.06659116231205023,1.6027141934820004,0.010697528128053283,4.215157511417462,1.0,-0.3870967741935484,21.89976111886642,15.158738586236767,24.97462145538301,-0.011813819418177888,-0.3858608776611354,-0.38340864501017446,2.529704608474305,3.791504087603905,7.106225939816759,Insurance—Property & Casualty,Financial Services,UVE
2009Q1,2009,Q1,2009-05-11,2009-03-31,12437830.0,48117800.0,20181908.0,0.31,48117800.0,1.0,621497751.0,109260369.0,207720791.0,55794353.0,512237382.0,0.0,79821968.0,141230642.16,8026632.159999996,2.9088516568138503,3.7229715881820513,0.04022540702645278,0.22881123529795144,0.09263962323833626,2.9088516568138503,0.11383660986903678,2.935101815959998,2.8387315584792523,1.2926063077821015,0.3018385843832887,0.0,0.026582170431165023,0.07742232360869798,3.7229715881820513,0.020012670971033007,2.207402524389241,1.0,0.7222222222222223,156.18026172733923,15.821867887316714,21.044002505440872,0.057222917097080286,0.7375631845031497,0.677478062897153,2.345731068055592,6.616718776741118,7.285858220334648,Insurance—Property & Casualty,Financial Services,UVE
2008Q4,2008,Q4,2009-03-13,2008-12-31,7158203.0,45513391.0,12031101.0,0.18,45513391.0,1.0,544636912.0,101553655.0,302453759.0,28405449.0,443083257.0,0.0,75654070.0,91274058.63000001,-140690578.37,2.7036749034066703,10.647737305613441,0.04590214039697699,0.24617528537008343,0.05656259394483707,2.7036749034066703,0.07048690665047949,2.0054330522197303,3.187743440288017,0.898776697205039,1.5625626990461154,0.0,0.12254457803110842,0.08356648254498035,10.647737305613441,0.013143073563842474,-4.462317952049938,1.0,0.0,8.9981023979339,19.86467517175274,20.18326242401409,-0.035222727178686755,-0.029087354431660568,0.026270110558329417,1.4073612695617868,4.978320327554189,8.12573930237904,Insurance—Property & Casualty,Financial Services,UVE
2008Q3,2008,Q3,2008-11-10,2008-09-30,7372654.0,47175024.0,11723133.0,0.18,47175024.0,1.0,580114820.0,100830428.0,326880067.0,67646239.0,479284392.0,0.0,75956790.0,130500000.0,-118675693.0,2.688811413333333,4.83219868291569,0.04309491696833396,0.2479410282776941,0.05859198062967726,2.688811413333333,0.07311933655582618,2.7662943001364453,4.425136456966515,1.2942521676095633,0.5167411898076324,0.0,0.029193517241379308,0.08132014969036647,4.83219868291569,0.012708956478650208,15.533045930324112,1.0,-0.3571428571428572,31.164070002212334,16.589192186061933,16.833624520354267,0.03240256444508483,-0.34161857092466164,-0.3798364983372739,1.3105698575782858,4.837729260356844,11.388136918350504,Insurance—Property & Casualty,Financial Services,UVE
2008Q2,2008,Q2,2008-08-11,2008-06-30,11198150.0,45694408.0,18903294.0,0.28,45694408.0,1.0,575602437.0,99311453.0,328278078.0,72267717.0,476290984.0,0.0,72418993.0,134155380.0,-117475661.0,2.620562392801541,4.542527308562964,0.04343275565388199,0.2517333020996078,0.09008140223411272,2.620562392801541,0.11275789107626892,2.935925551327856,2.9950344476543,1.3508550720731072,0.29841455954778245,0.0,0.024909109124061964,0.07938536229651161,4.542527308562964,0.019454660509020744,9.037893359964688,1.0,-0.19999999999999987,31.39905215574587,16.78519598799671,14.395215183329723,0.031838134327577976,-0.21736771818570402,-0.19041063311833273,269.74777337003167,10.086673377815115,18.540796818876807,Insurance—Property & Casualty,Financial Services,UVE
2008Q1,2008,Q1,2008-05-12,2008-03-31,14308316.0,44284473.0,23349237.0,0.35,44284473.0,1.0,558955817.0,86422341.0,363684321.0,3248280.0,472533476.0,0.0,61233329.0,139655880.0,-99204905.0,2.3391528446922534,111.96212179984484,0.04472625427565771,0.2892770516364513,0.1284151443201144,2.3391528446922534,0.16556269865450648,3.1536082635554905,2.440117341551584,1.6159696484037618,0.0008727092692109959,0.0,8.941263339574388e-05,0.07922714399445994,111.96212179984484,0.025598295186898466,2.8309834187170497,1.0,0.3999999999999999,187.65557046313097,15.107554497623424,12.85171287354349,-0.011775663778448022,0.394121182778716,0.29612521944644377,5.147183947660952,16.868898138688344,16.103431311553248,Insurance—Property & Casualty,Financial Services,UVE
2007Q4,2007,Q4,2008-03-17,2007-12-31,10263323.0,44812166.0,18014646.0,0.25,44812166.0,1.0,490733140.0,72575185.0,299189968.0,2972147.0,418157955.0,0.0,50724674.0,273769860.0,84027074.0,1.9643583879175013,100.66459296932487,0.05094993176943379,0.3445092148232209,0.10518070132710748,1.9643583879175013,0.14141642215586497,6.109275324919577,6.668645720299361,3.772224073559027,0.7105159800583105,0.0,0.026636442010088326,0.09131677147379938,100.66459296932487,0.020914265133999306,-4.057263508707034,1.0,-0.24242424242424246,31.42030433860771,16.189867982792936,10.435451431440033,-0.019428276636700464,-0.25685725461312536,-0.08571883020259681,30.19678260034926,25.290412582925622,17.748057074633273,Insurance—Property & Casualty,Financial Services,UVE
2007Q3,2007,Q3,2007-11-14,2007-09-30,13810702.0,45700039.0,19703617.0,0.33,45700039.0,1.0,619777917.0,63620763.0,310622745.0,9466735.0,556157154.0,0.0,43714985.0,260712270.0,954588.0,1.778954869557923,32.81202494841146,0.040346471395817735,0.39304545907442195,0.15583018712832486,1.778954869557923,0.21707853456583034,5.704858807669726,4.719388449624066,4.0979117147651944,0.0009041538945666919,0.0,4.789571277178477e-05,0.07373615249347452,32.81202494841146,0.022283307651311493,7.595957602391574,1.0,-0.23255813953488366,3.6750524686439223,7.231626047843271,6.599932960777586,-0.14472631396407712,-0.21321936209177075,-0.33530944082359543,11.63457224489313,18.7493509763291,16.397167532025446,Insurance—Property & Casualty,Financial Services,UVE
2007Q2,2007,Q2,2007-08-13,2007-06-30,17553434.0,53433234.0,29643293.0,0.43,53433234.0,1.0,555990084.0,51662616.0,275273206.0,1673508.0,504327468.0,0.0,32834788.0,220577400.0,-7405744.0,1.452135255923771,164.48873026002863,0.050480774401724764,0.5432711731051327,0.22016255328365214,1.452135255923771,0.3397705218798831,4.12809376276944,3.1415135067018793,4.269574734659197,0.0007113707779343916,0.0,5.661051404178306e-05,0.09610465283046307,164.48873026002863,0.031571487523147986,-20.345805286189936,1.0,0.43333333333333335,6.1293427115739245,7.540648885203296,6.088703068880991,0.19888675192973634,0.41847891393085107,0.33599160419849566,54.641458350265445,18.199557464721448,10.954235339324725,Insurance—Property & Casualty,Financial Services,UVE
2007Q1,2007,Q1,2007-05-14,2007-03-31,12374829.0,44569042.0,22188233.0,0.3,44569042.0,1.0,570429748.0,33002191.0,292353926.0,2337892.0,537427557.0,0.0,15293843.0,46548670.0,-193221125.0,0.9429466841909769,125.05022729878027,0.057104695388361826,0.9870319519088899,0.1887085520146209,0.9429466841909769,0.3749699224515124,1.0444171090776417,0.9403901661994682,1.410472110775918,0.0010091452576839648,0.0,0.00026827834178720894,0.07813239431545214,125.05022729878027,0.021693870355442964,1.0513882674365473,1.0,0.4999999999999999,4.862938219356862,5.803255921652807,2.0897345700284387,0.430170848602428,0.5208222803358464,0.5614213485885815,166.83326777715067,15.721961047223985,6.14588487869846,Insurance—Property & Casualty,Financial Services,UVE
