Year,Date,FillingDate,NetIncome,Revenue,OperatingIncome,EPSDiluted,GrossProfit,GrossProfitRatio,TotalAssets,CommonStockEquity,CurrentAssets,CurrentLiability,TotalLiability,Inventory,RetainedEarnings,EnterpriseValue,bookValuePerShare,currentRatio,debtToAssets,debtToEquity,roic,shareholdersEquityPerShare,roe,priceToSalesRatio,peRatio,pbRatio,payoutRatio,inventoryTurnover,dividendYield,assetTurnover,quickRatio,returnOnAssets,priceToFreeCashFlowsRatio,grossProfitMargin,epsdilutedGrowth,fiveYNetIncomeGrowthPerShare,fiveYRevenueGrowthPerShare,fiveYShareholdersEquityGrowthPerShare,grossProfitGrowth,netIncomeGrowth,operatingIncomeGrowth,threeYNetIncomeGrowthPerShare,threeYRevenueGrowthPerShare,threeYShareholdersEquityGrowthPerShare,Industry,Sector,Price,MarketCap,AvgVolume,Symbol
2022,2022-12-31,2022-12-31,1375000000.0,14427000000.0,3588000000.0,3.11,3917000000.0,0.2715048174,72969000000.0,25554000000.0,1279000000.0,8377000000.0,47415000000.0,531000000.0,0.0,46215129500.0,57.80794027824907,0.15267995702518802,0.4631418821691403,1.3224935430852314,0.04061832727578103,57.80794027824907,0.053807623072708775,0.9495480349344978,9.963003272727272,0.536085524771073,1.0312727272727273,19.792843691148775,0.10351022668995136,0.19771409776754512,0.5669093947713979,0.018843618522934397,34.506623425692695,0.27150481735634574,-0.45149911816578486,1.1508023868837263,2.6643446767479597,0.7028329743533513,0.1905775075987842,-0.4942993747701361,-0.23999152721880956,1.05006395030148,1.119374062276202,0.0,Utilities—Diversified,Utilities,34.98,16042982060,346957,BIP
2021,2021-12-31,2021-12-31,2719000000.0,11537000000.0,4721000000.0,5.67,3290000000.0,0.2851694548,73961000000.0,0.0,1406000000.0,8661000000.0,47570000000.0,400000000.0,0.0,47278241386.3,0.0,0.16233691259669783,0.44349048823028353,0.0,0.10511203139964652,0.0,0.0,1.684254259018809,7.14646612221405,0.0,0.46230231702831925,20.6175,0.06468963948367437,0.15598761509444167,0.44856252164877036,0.0367626181365855,24.59650808392405,0.2851694547976077,1.7794117647058822,2.9435169418450395,3.1772546084264683,-1.0,-0.18604651162790697,2.0077433628318584,0.9753138075313807,1.9232878267507318,1.1490701840936772,-1.0,Utilities—Diversified,Utilities,34.98,16042982060,346957,BIP
2020,2020-12-31,2020-12-31,904000000.0,8885000000.0,2390000000.0,2.04,4042000000.0,0.4549240293,61331000000.0,0.0,867000000.0,5524000000.0,39658000000.0,221000000.0,0.0,36905226569.834,0.0,0.15695148443157134,0.40874924589522427,0.0,0.06262122471598781,0.0,0.0,1.6425691130933036,16.14405594008186,0.0,1.2544247787610618,21.914027149321267,0.0777019593723423,0.14486964177985032,0.5380159304851557,0.014739691183903735,13.21940812484964,0.45492402926280245,0.34210526315789475,0.870010878841133,2.874056748965279,-1.0,0.2623360399750156,0.39076923076923076,0.3464788732394366,0.41056077590965456,1.2511440123203734,-1.0,Utilities—Diversified,Utilities,34.98,16042982060,346957,BIP
2019,2019-12-31,2019-12-31,650000000.0,6597000000.0,1775000000.0,1.52,3202000000.0,0.4853721389,56308000000.0,0.0,827000000.0,5439000000.0,34131000000.0,242000000.0,0.0,34469158280.0,0.0,0.15205000919286635,0.4013106485756908,0.0,0.050953487139626906,0.0,0.0,2.1641895225102323,21.964858892307696,0.0,1.58,14.02892561983471,0.07193308219035867,0.11715919585138879,0.5140650854936569,0.011543652766924772,14.291449729729731,0.4853721388509929,-0.21649484536082472,1.1649957451334962,1.7066584300040182,-1.0,0.31014729950900166,-0.1935483870967742,0.436084142394822,0.054763761565232064,1.6724640920197866,-1.0,Utilities—Diversified,Utilities,34.98,16042982060,346957,BIP
2018,2018-12-31,2019-02-28,806000000.0,4652000000.0,1236000000.0,1.94,2444000000.0,0.5253654342,36580000000.0,14668000000.0,2276000000.0,2417000000.0,21912000000.0,141000000.0,0.0,24277357000.0,35.31479475141447,0.9416632188663633,0.41295790049207215,1.0298609217343877,0.02859765791182463,35.31479475141447,0.05494955004090537,2.0553217970765263,11.862725806451612,0.6518514453231524,1.1401985111662531,15.659574468085106,0.09611606385997301,0.12717331875341717,0.717832023169218,0.022033898305084745,18.281753346080308,0.5253654342218401,0.33793103448275863,31.266197183098594,1.0397722081075211,0.778037092291125,0.2063178677196446,0.40418118466898956,0.10752688172043011,0.7788624329094772,1.1641126877374552,0.7638942737981786,Utilities—Diversified,Utilities,34.98,16042982060,346957,BIP
2017,2017-12-31,2018-03-14,574000000.0,3535000000.0,1116000000.0,1.45,2026000000.0,0.573125884,29477000000.0,13474000000.0,1512000000.0,1564000000.0,16003000000.0,108000000.0,0.0,21634744000.0,33.94809775762157,0.9667519181585678,0.3448112087390169,0.7543416951165207,0.036278118651099873,33.94809775762157,0.042600564049280094,3.341370297029703,20.577951219512197,0.8766323289297907,1.3832752613240418,13.972222222222221,0.06722123337586727,0.11992400854903823,0.8062659846547314,0.019472809308952743,15.399926988265971,0.5731258840169732,0.006944444444444451,0.5226582469984302,0.3616805577117371,0.3321105689502198,0.9258555133079848,0.08712121212121213,0.3006993006993007,1.063592525617842,0.565470002970003,0.8159439986054531,Utilities—Diversified,Utilities,34.98,16042982060,346957,BIP
2016,2016-12-31,2017-03-07,528000000.0,2115000000.0,858000000.0,1.44,1052000000.0,0.4973995272,21275000000.0,9644000000.0,1632000000.0,1515000000.0,11631000000.0,101000000.0,0.0,15814096765.0,26.274349543658904,1.0772277227722773,0.39135135135135135,0.8633347158855247,0.04642728673018567,26.274349543658904,0.054749066777270844,3.872386177304965,15.51154690340909,0.8492427172335131,1.1893939393939394,10.524752475247524,0.07667797072724818,0.09941245593419507,0.7960396039603961,0.02481786133960047,130.00153595238098,0.4973995271867612,0.3211009174311925,-0.026425013485901046,0.04885447049578191,0.2366520691667945,-0.004730368968779565,0.35038363171355497,0.5656934306569343,22.918594196975892,0.0494006340777159,0.3228667586288824,Utilities—Diversified,Utilities,34.98,16042982060,346957,BIP
2015,2015-12-31,2016-02-29,391000000.0,1855000000.0,548000000.0,1.09,1057000000.0,0.5698113208,17735000000.0,7176000000.0,1553000000.0,1210000000.0,10559000000.0,13000000.0,0.0,13072066982.5,20.020924879681942,1.2834710743801654,0.4077812235692134,1.0078037904124861,0.038427545994401624,20.020924879681942,0.05448717948717949,3.2555617156334233,15.445184098465472,0.8415645181856187,1.3964194373401535,61.38461538461539,0.09041131710944722,0.10459543276007895,0.7074380165289256,0.022046800112771357,53.920240915178574,0.569811320754717,0.5571428571428574,-0.4062742349671317,1.0748211911603278,0.02080616990204758,-0.01948051948051948,0.6497890295358649,-0.060034305317324184,0.1485505365949302,-0.2087521601214116,-0.21438644890212985,Utilities—Diversified,Utilities,34.98,16042982060,346957,BIP
2014,2014-12-31,2015-03-18,237000000.0,1924000000.0,583000000.0,0.7,1078000000.0,0.5602910603,16495000000.0,6322000000.0,1560000000.0,821000000.0,10173000000.0,21000000.0,0.0,12913064757.5,18.69446292599985,1.900121802679659,0.41279175507729615,1.0770325846251185,0.033299063285355264,18.69446292599985,0.03748813666561215,3.270823678534303,26.553015854430377,0.9954230872350522,1.890295358649789,40.285714285714285,0.07118947877758273,0.11664140648681419,0.9354445797807551,0.014367990300090937,26.553015854430377,0.5602910602910602,10.647254575707153,-0.04903737629343827,11.383169060536645,0.026796471110619766,0.07477567298105683,10.85,0.8990228013029316,-0.525684234137785,0.03560385717020179,-0.12010966357189565,Utilities—Diversified,Utilities,34.98,16042982060,346957,BIP
2013,2013-12-31,2014-03-28,20000000.0,1826000000.0,307000000.0,0.0601,1003000000.0,0.5492880613,15682000000.0,6605000000.0,1268000000.0,598000000.0,9077000000.0,22000000.0,0.0,11425712305.0,19.861674936099835,2.120401337792642,0.39325341155464866,0.9336866010598032,0.02185177803718361,19.861674936099835,0.003028009084027252,3.17454124041621,289.83561525000005,0.8776248758516276,19.4,37.40909090909091,0.06693449313765797,0.11643922969009055,1.9782608695652173,0.0012753475322025251,21.549116375464685,0.5492880613362541,-0.9116176470588234,0.1275193633610412,7.761065351052176,2.8176728648883453,0.1021978021978022,-0.9312714776632303,-0.4734133790737564,-0.9672674020779668,1.2012981874787456,0.012686498810821201,Utilities—Diversified,Utilities,34.98,16042982060,346957,BIP
2012,2012-12-31,2013-04-30,291000000.0,2004000000.0,583000000.0,0.68,910000000.0,0.4540918164,19718000000.0,7808000000.0,746000000.0,1291000000.0,11910000000.0,108000000.0,0.0,12476010217.0993,25.484444421437654,0.5778466305189776,0.40262704128207727,1.0167776639344261,0.03196935066902668,25.484444421437654,0.037269467213114756,2.395214679191268,16.494880471131616,0.6147554069030866,1.0446735395189004,10.12962962962963,0.06333319852467119,0.10163302566183183,0.47172734314484893,0.014758089055685162,-2400.0051085496502,0.4540918163672655,-0.5405405405405405,44.14964200469445,0.0,1.4071199400234375,0.23473541383989144,-0.3386363636363636,0.061930783242258654,0.28879830145156415,13.236437170369136,0.3997373288405061,Utilities—Diversified,Utilities,34.98,16042982060,346957,BIP
2011,2011-12-31,2012-04-27,440000000.0,1636000000.0,549000000.0,1.48,737000000.0,0.4504889976,13269000000.0,6327000000.0,478000000.0,526000000.0,7380000000.0,87000000.0,260000000.0,8398150156.6639,21.246355542316348,0.908745247148289,0.3681513301680609,0.7720878773510352,0.03602804925921463,21.246355542316348,0.06954322743796428,2.2409230786454155,8.33215944696341,0.579445259469559,0.5045454545454545,10.333333333333334,0.06055398456510962,0.12329489788228201,0.7433460076045627,0.03315999698545482,25.45937608794375,0.4504889975550122,-0.19565217391304351,69.23688517829757,0.0,1.0068134597321565,2.334841628959276,-0.057815845824411134,-0.07885906040268456,26.700668643950213,7.765627447099139,2.94439411939253,Utilities—Diversified,Utilities,34.98,16042982060,346957,BIP
2010,2010-12-31,2011-04-26,467000000.0,634000000.0,596000000.0,1.84,221000000.0,0.3485804416,13109000000.0,4985000000.0,2244000000.0,2743000000.0,8124000000.0,38000000.0,302000000.0,6816887565.976999,19.61285645599406,0.8180823915421072,0.3503699748264551,0.9213640922768305,0.06411156880983566,19.61285645599406,0.09368104312938816,3.750611302802839,5.091836329715203,0.4770085388118354,0.2505353319057816,10.868421052631579,0.04920333563034901,0.048363719581966585,0.12431644185198687,0.03562438019681135,30.48573802534615,0.34858044164037855,1.4864864864864866,86.34107327932797,0.0,0.8525221533307974,13.932432432432432,8.769874476987448,332.1111111111111,86.34107327932797,0.0,0.8525221533307974,Utilities—Diversified,Utilities,34.98,16042982060,346957,BIP
2009,2009-12-31,2010-06-01,47800000.0,29800000.0,-1800000.0,0.74,14800000.0,0.4966442953,1962900000.0,1180900000.0,76500000.0,21900000.0,874000000.0,0.0,-27700000.0,539129445.3224,18.206590548348156,3.493150684931507,0.05807733455601406,0.09653653992717419,-0.001093142485197029,18.206590548348156,0.04047760182911339,16.222464608134228,10.113586722225941,0.4093737364064696,1.2259414225941423,0.0,0.12121727496536656,0.015181619033063325,3.493150684931507,0.024351724489276073,230.20449777257141,0.4966442953020134,12.883677298311444,34.03235685044179,0.0,0.7196940386075238,-0.34513274336283184,16.071428571428573,-1.0406320541760723,34.03235685044179,0.0,0.7196940386075238,Utilities—Diversified,Utilities,34.98,16042982060,346957,BIP
2008,2008-12-31,2009-04-30,2800000.0,32900000.0,44300000.0,0.0533,22600000.0,0.6869300912,1174300000.0,-573600000.0,62800000.0,6900000.0,443700000.0,0.0,157000000.0,489204229.9982,-10.926979942191018,9.101449275362318,0.20190751937324364,-0.4133542538354254,-0.05945453673968269,-10.926979942191018,-0.0048814504881450485,7.942377811495441,93.32293928507143,-0.45555130752824274,12.107142857142858,0.0,0.12973383553811402,0.02801669079451588,9.101449275362318,0.002384399216554543,-108.87676249925,0.6869300911854104,1.5380952380952377,1.5355664183087225,0.0,-2.0321022058836133,0.0,1.5454545454545454,7.068493150684931,1.5355664183087225,0.0,-2.0321022058836133,Utilities—Diversified,Utilities,34.98,16042982060,346957,BIP
TTM,,,,,,,,,,,,,,,,49344982060.0,0.0,0.14065546374524185,0.48363747329874884,0.0,0.0642587727802954,0.0,0.1915942709556234,1.0531037193120651,13.10035294117647,0.0,1.1740196078431373,22.466,0.04248141795311607,0.18595056454073847,0.5685637359576641,0.014940494354592616,61.703777153846154,0.26263620848102925,,,,,,,,,,,Utilities—Diversified,Utilities,34.98,16042982060,346957,BIP
