Quarters,Year,Quarter,FillingDate,Date,NetIncome,Revenue,OperatingIncome,EPSDiluted,GrossProfit,GrossProfitRatio,TotalAssets,CommonStockEquity,CurrentAssets,CurrentLiability,TotalLiability,Inventory,RetainedEarnings,MarketCap,EnterpriseValue,bookValuePerShare,currentRatio,debtToAssets,debtToEquity,roic,shareholdersEquityPerShare,roe,priceToSalesRatio,peRatio,pbRatio,payoutRatio,inventoryTurnover,dividendYield,assetTurnover,quickRatio,returnOnAssets,priceToFreeCashFlowsRatio,grossProfitMargin,epsdilutedGrowth,fiveYNetIncomeGrowthPerShare,fiveYRevenueGrowthPerShare,fiveYShareholdersEquityGrowthPerShare,grossProfitGrowth,netIncomeGrowth,operatingIncomeGrowth,threeYNetIncomeGrowthPerShare,threeYRevenueGrowthPerShare,threeYShareholdersEquityGrowthPerShare,Industry,Sector,Symbol
2023Q4,2023,Q4,2023-05-02,2023-02-28,19200484.0,23591558.0,56968091.0,1.62,23591558.0,1.0,1078158174.0,346958042.0,104600033.0,5117279.0,731200132.0,0.0,25052345.0,327367999.3,942417262.3,29.19862074955107,20.440556983506273,448.5465734047294,1393.840453296079,0.00010791044891768471,29.19862074955107,0.05533949837081453,13.876489178883396,4.262496707114258,0.9435377183158072,0.35316015992096866,0.0,0.020713221861939028,0.02188135152050519,20.440556983506273,0.017808596607643955,10.055738605226098,1.0,2.1764705882352944,0.8329342868055732,0.8418256018142781,0.27520374499661654,1.9123219375945069,2.1924905204542866,2.0968538292002603,-0.3251392684805628,-0.2628360436404083,0.07377956410699874,Asset Management,Financial Services,SAR
2023Q3,2023,Q3,2023-01-10,2022-11-30,6014265.0,8100601.0,18395473.0,0.51,8100601.0,1.0,1038965598.0,335763600.0,792862302.0,450202937.0,703201998.0,0.0,13949329.0,313622972.01,951739089.01,28.231624983509448,1.7611220115163309,1.0915412927849417,3.3775961777869905,0.012484866322403788,28.231624983509448,0.017912200726940025,38.71601280077861,13.036629247713563,0.9340588795509698,0.8783058278941815,0.0,0.016843039163060954,0.007796794249582073,1.8527958092818928,0.0057887046612297936,-13.961485860267693,1.0,5.375,-0.2834775375002231,-0.24845997449006826,0.22817741276092862,1.0652901976361575,5.341265012921314,1.0442319525185857,-0.6300159256650559,-0.5518728594540988,0.004091944227333367,Asset Management,Financial Services,SAR
2023Q2,2023,Q2,2022-10-04,2022-08-31,948433.0,3922258.0,8998721.0,0.08,3922258.0,1.0,973032055.0,337213275.0,8087856000.0,367578587000.0,635818780.0,0.0,14368362.0,290468341.28000003,897839817.28,28.187368994914102,0.022003066244987768,378.40336705762485,1091.8864503984903,2.150872362669219e-05,28.187368994914102,0.002812561278911692,74.05640865032336,76.5653296753698,0.8613787262082135,5.568967971380161,0.0,0.018183713160356295,0.004030964838049452,2.594620814068258,0.0009747191730492374,-4.82061453187171,1.0,1.6666666666666667,-0.9312759442552211,-0.7583030432777541,0.25778023710613035,4.310388152737405,1.6376367385383674,0.6132340204834545,-0.912837138433886,-0.7051570138783774,0.04709372964125953,Asset Management,Financial Services,SAR
2023Q1,2023,Q1,2022-07-06,2022-05-31,-1487419.0,738601.0,5578063.0,-0.12,738601.0,1.0,1002037379.0,345235811.0,100265390000.0,404216586000.0,656801568.0,0.0,19789910.0,321825724.04,857895027.04,28.502741742079916,0.24804867853690696,401.34625472589283,1164.8963877533552,1.5936439542404123e-05,28.502741742079916,-0.004308414575219139,435.723379795045,-54.091302457478356,0.9321910236015464,-3.5767574570447196,0.0,0.016531111724738187,0.0007370992494682177,2.2110569626106336,-0.001484394725358843,-4.0122751348477355,1.0,-1.1714285714285715,-1.7098213996536813,-0.8319011706658211,0.30926239103416986,-0.9334488231062923,-1.176971952671494,-0.6207222948856972,-1.1243621213742339,-0.9472252453346556,0.182049431319796,Asset Management,Financial Services,SAR
2022Q4,2022,Q4,2022-05-04,2022-02-28,8404829.0,11098241.0,14707068.0,0.7,11098241.0,1.0,876239755.0,355780523.0,58417420.0,3600679.0,520459232.0,0.0,27706146.0,330735640.95,776743778.95,29.550159573783304,16.224001084239944,0.5693401573636658,1.4022085183117232,0.015730411606502143,29.550159573783304,0.02362363439439882,29.800726164623743,9.837667159855362,0.9296058091128276,0.6328716503333977,0.0,0.016082869039215957,0.012665758357425817,16.224001084239944,0.009591928410050283,-2.2621990641031764,1.0,-0.04109589041095894,2.261790451220783,0.3972575735436922,0.36072205905435695,0.07785000301554477,0.007759607094052563,0.12188888385425749,-0.3304719502401464,-0.26844065790657806,0.23089214285861803,Asset Management,Financial Services,SAR
2022Q3,2022,Q3,2022-01-05,2021-11-30,8340113.0,10296647.0,13109202.0,0.73,10296647.0,1.0,811713311.0,342601745.0,148999984.0,5057409.0,469111566.0,0.0,21030809.0,330929882.9,634656798.9,29.919299954824357,29.461723186714778,0.5516669259104955,1.3070435090749464,0.016733684138604783,29.919299954824357,0.024343463282710368,32.13957736921543,9.91982611326729,0.965931691036775,0.5841245796070149,0.0,0.01472113958796557,0.012685078414341786,29.461723186714778,0.010274702763867822,21.643748399265917,1.0,0.028169014084507067,1.6508722774385851,0.970633469017344,0.3422314219190231,-0.21491771526436954,0.050172375778820076,0.0,0.4848604294558061,0.2576174022938739,0.291634714285424,Asset Management,Financial Services,SAR
2022Q2,2022,Q2,2021-10-05,2021-08-31,7941661.0,13115373.0,0.0,0.71,13115373.0,1.0,745812020.0,324111845.0,0.0,0.0,421700175.0,0.0,18580025.0,320735013.2,648650464.2,29.00216555309341,0.0,0.537970490204757,1.2379209960685023,0.0,29.00216555309341,0.024502840986882168,24.454890699639268,10.096597336501771,0.9895812761795237,0.5139835356860486,0.0,0.012726652320476997,0.01758536018231511,0.0,0.010648341387686404,10.859041738486685,1.0,-0.6223404255319149,-0.226114759026536,0.06353406644018658,0.2950482683340043,-0.43410537603156873,-0.6226972181259964,0.0,0.563997451732782,1.065884341599401,0.16170672384415247,Asset Management,Financial Services,SAR
2022Q1,2022,Q1,2021-07-07,2021-05-31,21048509.0,23176352.0,0.0,1.88,23176352.0,1.0,708673962.0,320344756.0,0.0,0.0,388329206.0,0.0,15548756.0,293772183.5,645005229.5,28.67891364806498,0.0,0.5238102130243075,1.1587848780018737,0.0,28.67891364806498,0.06570580165826095,12.675514399332561,3.4892279484024264,0.9170500780727624,0.18458803899126536,0.0,0.0132255646321259,0.03270382890122327,0.0,0.029701259152512788,-2.8869473879884877,1.0,1.2650602409638552,2.2886038129145,1.7468165583539954,0.2943177653412146,0.8766676569711566,1.2740320634224391,0.0,2.077665152171722,1.1645943615001992,0.2425328101470597,Asset Management,Financial Services,SAR
2021Q4,2021,Q4,2021-05-05,2021-02-28,9256030.0,12349737.0,0.0,0.83,12349737.0,1.0,592152378.0,304185770.0,0.0,0.0,287966608.0,0.0,-700348.0,259000622.10000002,503135531.1,27.259207582034605,0.0,0.46280314524043,0.9009296621600675,0.0,27.259207582034605,0.030428872461719693,20.972156905041786,6.9954565321201425,0.851455418509551,0.4082040572470055,0.0,0.014588185037413468,0.02085567407786379,0.0,0.015631162423534167,56.00423946749827,1.0,0.456140350877193,12.799252516618905,6.529241431581589,0.24969836737825912,0.020306261980075763,0.4539060955003983,0.0,-0.059089258250231355,0.026688141436029815,0.19050293136826155,Asset Management,Financial Services,SAR
2021Q3,2021,Q3,2021-01-06,2020-11-30,6366319.0,12103951.0,0.0,0.57,12103951.0,1.0,586057183.0,299852890.0,0.0,0.0,286204293.0,0.0,11251166.0,247188050.20999998,490515784.21,26.844924137969315,0.0,0.47303339851735937,0.9245354313576901,0.0,26.844924137969315,0.02123147454073229,20.42209607507499,9.706867116225245,0.8243644081936312,0.5930491387566347,0.0,0.015273958416648655,0.020653191106779763,0.0,0.010862965568327485,-7.6246620081801275,1.0,-0.7076923076923076,-0.06176555089323367,0.33192521497128813,0.18792260149078396,-0.4823108396397016,-0.7081079031487646,0.0,-0.1924167098768678,0.19567654260502973,0.1678509293316648,Asset Management,Financial Services,SAR
2021Q2,2021,Q2,2020-10-07,2020-08-31,21810522.0,23380731.0,0.0,1.95,23380731.0,1.0,578812358.0,298177358.0,0.0,0.0,280635000.0,0.0,9466316.0,192090413.88,397937389.88,26.60601230893657,0.0,0.46861846546821656,0.9096671887474433,0.0,26.60601230893657,0.0731461374072541,8.215757406387336,2.2018089924670305,0.6442152924300845,0.17019423010600113,0.0,0.019324363590152518,0.04039431894783421,0.0,0.0376815071387954,-138.8761344382285,1.0,1.9653465346534653,7.744747684457526,4.585433282146934,0.18604815948164186,2.0869277455526847,1.9626889496679332,0.0,0.6870324346812808,0.5379717472988678,0.18721674507546002,Asset Management,Financial Services,SAR
2021Q1,2021,Q1,2020-07-08,2020-05-31,-22655835.0,-21510842.0,0.0,-2.02,-21510842.0,1.0,513997577.0,281631018.0,0.0,0.0,232366559.0,0.0,-7857191.0,170506684.0,369376508.0,25.106297144339514,0.0,0.43709315968234613,0.7977275606765729,0.0,25.106297144339514,-0.08044509855800046,-7.926546250490799,-1.8814875284887975,0.60542579865972,0.0,0.0,0.0,-0.04185008444115681,0.0,-0.0440777077826575,-5.140643983175408,1.0,-1.8451882845188283,-2.4829830242261686,-2.254369796653359,0.10241485716443294,-1.713745716656431,-1.8455916588881696,0.0,-12.674202352251195,-6.2861999731003815,0.1532480252832563,Asset Management,Financial Services,SAR
2020Q4,2020,Q4,2020-05-06,2020-02-29,26792879.0,30137963.0,0.0,2.39,30137963.0,1.0,530865996.0,304286853.0,0.0,0.0,226579143.0,0.0,14798644.0,256366382.32,421795172.32,27.192378888150937,0.0,0.3859338204815062,0.6733092145785214,0.0,27.192378888150937,0.0880513855128667,8.506427004373188,2.3921130528749823,0.8425154744362222,0.19983511290444003,0.0,0.020884789774491055,0.05677131936700651,0.0,0.0504701359700575,7.057707665937137,1.0,0.7445255474452555,3.9043379564630345,2.8740717136641973,0.20270752688138077,0.9757466929409352,0.9532292325661857,0.0,10.187496457634836,3.0824659324153334,0.25215126838429114,Asset Management,Financial Services,SAR
2020Q3,2020,Q3,2020-01-08,2019-11-30,13717222.0,15253961.0,0.0,1.37,15253961.0,1.0,574907638.0,282180350.0,0.0,0.0,292727288.0,0.0,-7575029.0,251905758.60000002,448236969.6,28.11657353274972,0.0,0.4825885440749702,0.9832146001661703,0.0,28.11657353274972,0.0486115422282239,16.514121060097114,4.591049095071874,0.8927119078277421,0.3292569005590199,0.0,0.017929284447886377,0.02653288979263831,0.0,0.0238598708615522,17.12779138541423,1.0,0.5054945054945056,1.121244265809818,0.9226579570703309,0.2366057534349962,0.6461003595012953,0.8097143291381323,0.0,3.974584409875347,2.33093709320241,0.2613580040086528,Asset Management,Financial Services,SAR
2020Q2,2020,Q2,2019-10-09,2019-08-31,7579772.0,9266726.0,0.0,0.91,9266726.0,1.0,516840604.0,224336567.0,0.0,0.0,292504037.0,0.0,-15968868.0,209672621.2,463341565.2,26.919623522691957,0.0,0.5374720307385137,1.2382616562015947,0.0,26.919623522691957,0.03378750108090938,22.626396982062488,6.915531931567335,0.9346341704515786,0.47781081014046334,0.0,0.0172731040384399,0.017929562670350875,0.0,0.014665589238418273,-3.1360725605756468,1.0,-0.08080808080808077,0.5601091868766787,0.5328478050649533,0.20864523671562396,0.03534210761530211,-0.009049040212901366,0.0,-0.009499384607639712,0.007698168084627111,0.20205547283854802,Asset Management,Financial Services,SAR
2020Q1,2020,Q1,2019-07-10,2019-05-31,7648988.0,8950400.0,0.0,0.99,8950400.0,1.0,476336208.0,186783701.0,0.0,0.0,289552507.0,0.0,-19212414.0,190943509.54999998,407400469.54999995,24.112986298936494,0.0,0.5824734763812034,1.4854251495958954,0.0,24.112986298936494,0.040951046365656926,21.333516887513404,6.240809553825944,1.0222707255918437,0.45871989863234197,0.0,0.01837581705850656,0.01879008954112512,0.0,0.016057960473162266,280.0291984542508,1.0,-0.04807692307692312,2.0225822192141405,1.298672253864628,0.11173249130039463,-0.057196837547633134,-0.026295783519333323,0.0,0.7233010151853884,0.5296566844183972,0.0882513516772835,Asset Management,Financial Services,SAR
2019Q4,2019,Q4,2019-05-14,2019-02-28,7855556.0,9493392.0,0.0,1.04,9493392.0,1.0,470672102.0,180875187.0,0.0,0.0,289796915.0,0.0,-22685270.0,173588774.4,388645589.4,24.007107158191907,0.0,0.5888413777283957,1.532278769668943,0.0,24.007107158191907,0.0434308106617189,18.285221383463362,5.5243949123397496,0.9597157978335635,0.43263952290582613,0.0,0.019578593211151792,0.020169863392498245,0.0,0.016690082047820205,3.422342960931725,1.0,1.1224489795918369,0.5086505391407237,0.41004341283796153,0.12377743164117111,0.7750185384831987,1.1410134357821833,0.0,15.831776607086596,7.572380370252896,0.10060582395066255,Asset Management,Financial Services,SAR
2019Q3,2019,Q3,2019-01-09,2018-11-30,3669083.0,5348334.0,0.0,0.49,5348334.0,1.0,454044680.0,173269091.0,0.0,0.0,280775589.0,0.0,-44910543.0,165011756.04,430248065.03999996,23.16390201031158,0.0,0.5935082269877052,1.5552644239358306,0.0,23.16390201031158,0.0211756348395687,30.852926544976434,11.243392152753152,0.9523438663390921,0.8988532011949579,0.0,0.019986254792661865,0.011779312115274646,0.0,0.008080885343706703,-3.477938071103928,1.0,0.08888888888888884,0.8768874532289981,0.5450969731997093,0.010542970625073013,0.3613052034856196,0.16759938849598524,0.0,-0.19254710700036054,-0.12116390700936533,0.02503261306844774,Asset Management,Financial Services,SAR
2019Q2,2019,Q2,2018-10-10,2018-08-31,3142416.0,3928828.0,0.0,0.45,3928828.0,1.0,441130455.0,172658027.0,0.0,0.0,268472428.0,0.0,-25188494.0,171861755.10000002,386202244.1,24.965135311538546,0.0,0.5839369693937817,1.491922417253152,0.0,24.965135311538546,0.018200231142453633,43.74377170494611,13.672740583996518,0.9953881559181724,0.8568149474799008,0.0,0.015666481460248977,0.008906272408691438,0.0,0.007123552600783367,-3.7443387248558766,1.0,-0.2622950819672131,53.043214760626704,2.840738827884689,0.050181468025354864,-0.34686724433238314,-0.18215554945390994,0.0,1.0416764802148135,0.5209110831137029,0.11290081518585639,Asset Management,Financial Services,SAR
2019Q1,2019,Q1,2018-07-10,2018-05-31,3842315.0,6015359.0,0.0,0.61,6015359.0,1.0,362017715.0,144844747.0,0.0,0.0,217172968.0,0.0,-27128708.0,143018508.26,336027811.26,23.081011152269447,0.0,0.5710773407870385,1.427322138233981,0.0,23.081011152269447,0.026527127007236237,23.775556581078533,9.305490847314704,0.987391750285566,0.6828266292586631,0.0,0.018344723574031215,0.016616200674047125,0.0,0.010613610441687916,54.12744351321125,1.0,-0.3080428920888564,-0.23783277074344752,-0.027495462479628207,-0.02943240794266118,-0.11075765283005368,-0.30546459831868245,0.0,-0.5504282902365775,-0.3729825447969952,0.013484763059797612,Asset Management,Financial Services,SAR
2018Q4,2018,Q4,2018-05-14,2018-02-28,5532209.0,6764589.0,0.0,0.8815575315664392,6764589.0,1.0,360336361.0,143691367.0,0.0,0.0,216644994.0,0.0,-27862543.0,137182298.84,329890320.84000003,22.897220043553542,0.0,0.5730354617196126,1.437007088950584,0.0,22.897220043553542,0.0385006358802335,20.279472831239268,6.199255073335082,0.9547010492286568,0.45447559916843344,0.0,0.01832783107777231,0.01877298472246047,0.0,0.015352902451051838,35.97319358619038,1.0,0.24163032614991448,-0.28037956680203796,-0.35302033877020217,-0.0034986240547429416,0.23570477630283895,0.2977297624437308,0.0,0.8057085432590105,0.5505409572178661,0.01273445049859232,Asset Management,Financial Services,SAR
2018Q3,2018,Q3,2018-01-10,2017-11-30,4262990.0,5474276.0,0.0,0.71,5474276.0,1.0,351914121.0,138846223.0,0.0,0.0,213067898.0,0.0,-26649881.0,134698935.3,330290577.3,22.9866016832577,0.0,0.5805661376117385,1.4714798687754005,0.0,22.9866016832577,0.030702959777307012,24.605799068223817,7.899322734747209,0.9701303527716415,0.5133099068963334,0.0,0.016245377108040138,0.015555715651433039,0.0,0.012113722484014787,-73.67288504641921,1.0,-0.38260869565217387,2.7584359838850347,0.02694698700347292,-0.1129836366008128,-0.3223401334405189,-0.37946470225953693,0.0,0.09532727471778019,0.14643955518556132,0.010982503267179665,Asset Management,Financial Services,SAR
2018Q2,2018,Q2,2017-10-11,2017-08-31,6869859.0,8078206.0,0.0,1.15,8078206.0,1.0,356127478.0,133459608.0,0.0,0.0,222667870.0,0.0,-26799657.0,130717759.45,325365583.45,22.410408562124417,0.0,0.5982671266944474,1.596433304374759,0.0,22.410408562124417,0.051475192404281604,16.181533307023862,4.756930216835601,0.9794555926614141,0.32996979996241554,0.0,0.01734153040518627,0.02268346729482076,0.0,0.01929044913518299,20.92348542229766,1.0,5.76470588235294,-0.08191328357767887,0.49807272893061627,-0.17606275821512565,2.7990826563930704,5.77442763786539,0.0,0.9786896976621704,0.8699011780884711,0.006189166747830266,Asset Management,Financial Services,SAR
2018Q1,2018,Q1,2017-07-12,2017-05-31,1014087.0,2126357.0,0.0,0.17,2126357.0,1.0,361924488.0,127608653.0,0.0,0.0,234315835.0,0.0,-26898415.0,129718403.02,329292252.02,21.77007598879088,0.0,0.6281629470730922,1.7815998183132613,0.0,21.77007598879088,0.007946851378487633,61.00499728879017,31.97911101808819,1.0165329699076127,2.0150421019103884,0.0,0.01575279954444817,0.0058751398993482865,0.0,0.0028019297771307477,-3.325357871180787,1.0,-0.20567462734157033,-0.7898072320423203,-0.5302166601276315,-0.1608388680319775,-0.4501291953580697,-0.1916404942208051,0.0,-0.470437581914398,-0.2783301065555118,0.003712294892517699,Asset Management,Financial Services,SAR
2017Q4,2017,Q4,2017-05-16,2017-02-28,1254500.0,3867012.0,0.0,0.21401809113946338,3867012.0,1.0,318651224.0,127294777.0,0.0,0.0,191356447.0,0.0,-27737348.0,133294011.96,292681569.96,21.716528645327752,0.0,0.5695114668694949,1.4256321451429228,0.0,21.716528645327752,0.009855078343080801,34.469510816102975,26.563174962136305,1.0471286811712628,1.2460956556396972,0.0,0.011727661108055676,0.012135562987826464,0.0,0.003936906264637477,-13.826056655356727,1.0,-0.20734040318717273,-0.7306613624466539,-0.18441341721631235,-0.1354745330057006,0.4795367728981231,-0.20287258161263103,0.0,-0.6903284044926925,-0.2617464017011846,0.016554998667584916,Asset Management,Financial Services,SAR
2017Q3,2017,Q3,2017-01-11,2016-11-30,1573776.0,2613664.0,0.0,0.27,2613664.0,1.0,305532753.0,127679730.0,0.0,0.0,177853023.0,0.0,-26128907.0,115589687.94,262118955.94,22.290716389315307,0.0,0.5558185770021193,1.3300527812832939,0.0,22.290716389315307,0.01232596591487153,44.22515210065257,18.361839286531247,0.9053096207205326,1.4199498530921808,0.0,0.019332892404381036,0.00855444784343628,0.0,0.005150924032030046,124.30241727398545,1.0,-0.7065217391304348,-0.8536323747019703,-0.5453204365968163,-0.21757212042047114,-0.587416967645796,-0.7014624352523267,0.0,0.051320327109343776,-0.013951162264339024,-0.02755042102180371,Asset Management,Financial Services,SAR
2017Q2,2017,Q2,2016-10-12,2016-08-31,5271618.0,6334880.0,0.0,0.92,6334880.0,1.0,299847182.0,128563622.0,0.0,0.0,171283560.0,0.0,-27038814.0,102932830.88,241016788.88,22.394659922909913,0.0,0.5368227205817129,1.2520243090226566,0.0,22.394659922909913,0.04100396300284695,16.248584168918747,4.881462905696126,0.8006372975397349,0.2876574137200381,0.0,0.014732131498140334,0.021127028634206072,0.0,0.017581015652166444,7.308512260574348,1.0,0.6140350877192985,2.7415545785900384,0.12024749994413479,-0.18504412556432778,0.4616907479106771,0.6034915577899536,0.0,106.17768133582105,6.460524730776036,-0.05794795260331709,Asset Management,Financial Services,SAR
2017Q1,2017,Q1,2016-05-31,2016-05-31,3287587.0,4333940.0,0.0,0.57,4333940.0,1.0,295873643.0,127128868.0,0.0,0.0,168744775.0,0.0,-26025665.0,94037559.44,227262710.44,22.157552353849134,0.0,0.5431325053850775,1.2640605987304159,0.0,22.157552353849134,0.025860271169880943,21.697937544128436,7.1509559625342245,0.7397026412600481,0.4474433680386253,0.0,0.015642781551966658,0.014647942128457856,0.0,0.011111456115744652,68.82003900684046,1.0,9.108308507051193,-0.6710987781962904,-0.020830885782314235,-0.20885291050961605,4.139012570241456,9.150988257928873,0.0,-0.28671994102831355,-0.23362998812290384,-0.06826429344516612,Asset Management,Financial Services,SAR
2016Q4,2016,Q4,2016-05-17,2016-02-29,-403336.0,843341.0,0.0,-0.0702982625173072,843341.0,1.0,295047252.0,125149875.0,0.0,0.0,169897377.0,0.0,-26217902.0,81598668.112,235313215.112,21.81262958614699,0.0,0.5448257148993884,1.2844545789598272,0.0,21.81262958614699,-0.003222823834222767,96.75643436284967,-50.57735245056231,0.6520075877982299,-3.477145605648888,0.0,0.017187265827366523,0.002858325214972685,0.0,-0.0013670217135253982,-3.1026464642047804,1.0,-1.115243053307061,-1.0536553826227884,-0.8238102215278938,-0.16950785185664666,-0.8159488811030396,-1.117888795163045,0.0,-1.057384872018368,-0.9117777863851283,-0.05070068094579383,Asset Management,Financial Services,SAR
2016Q3,2016,Q3,2016-01-13,2015-11-30,3421326.0,4582102.0,0.0,0.61,4582102.0,1.0,271743140.0,127273366.0,0.0,0.0,144469774.0,0.0,-27094304.0,88028331.93,196928233.93,22.598209769121546,0.0,0.5007103067992811,1.0690735640636706,0.0,22.598209769121546,0.026881712235064168,19.211342726547773,6.432325648739699,0.6916477083665722,0.33363234020961463,0.0,0.012967018401617462,0.01686188655949144,0.0,0.012590293907695333,18.990343482993797,1.0,1.7727272727272727,-0.4947807736057706,-0.4992598854479344,-0.23926957752172506,1.1969943753017684,1.7532211066073424,0.0,2.235065713556689,-0.07810407892500612,-0.1279710622323982,Asset Management,Financial Services,SAR
2016Q2,2016,Q2,2015-10-13,2015-08-31,1242663.0,2085623.0,0.0,0.22,2085623.0,1.0,268313435.0,125258420.0,0.0,0.0,143055015.0,0.0,-27216301.0,91127534.4,212349672.4,22.43248901508741,0.0,0.49872805661035946,1.0683149124825302,0.0,22.43248901508741,0.009920794147012232,43.69319594193198,18.333114931401354,0.7275162372317965,3.5917597932826517,0.0,0.04897912611580546,0.007773084489787103,0.0,0.004631385677724263,17.00095210146446,1.0,-0.8382352941176471,-0.9319720156170268,-0.6779021796221392,-0.42319143649008717,-0.7484044438407419,-0.8317293181158052,0.0,-0.8228831609164292,-0.5874995875685061,-0.1752509520643696,Asset Management,Financial Services,SAR
2016Q1,2016,Q1,2015-07-14,2015-05-31,7384905.0,8289586.0,0.0,1.36,8289586.0,1.0,272750317.0,123491324.0,0.0,0.0,149258993.0,0.0,-29029436.0,92670371.19,220641707.19,22.773910367025046,0.0,0.49325096109787475,1.0894235452524583,0.0,22.773910367025046,0.05980100270040023,11.179131405356069,3.13715515602435,0.7504200958279466,0.12173941303239513,0.0,0.009701417923067671,0.03039258062530501,0.0,0.027075697220912853,-39.649760224094905,1.0,1.7857099859025753,-0.9130958779705663,-0.944091823664465,-0.933636136271835,1.198992498116571,1.7896072665954492,0.0,0.6546601451477578,0.9797739751243327,-0.12214452477010147,Asset Management,Financial Services,SAR
2015Q4,2015,Q4,2015-05-20,2015-02-28,2647292.0,3769720.0,0.0,0.4882058817617217,3769720.0,1.0,263560055.0,122598742.0,0.0,0.0,140961313.0,0.0,-23905603.0,85458458.16,197511783.16,22.60930299377168,0.0,0.5012773919780825,1.0776350135795032,0.0,22.60930299377168,0.021593141632725726,22.669709729104547,8.070365694453049,0.6970581978728624,0.2969846167328727,0.0,0.009199850043257556,0.014303077907613882,0.0,0.010044359719078067,-34.155184743475786,1.0,-0.23717830974730986,1.0093283875887247,-0.9566385004058242,-0.9309631197440045,-0.11357583028489719,-0.23627068866533768,0.0,-0.3856000381129192,-0.14054135151767327,-0.09993357832024376,Asset Management,Financial Services,SAR
2015Q3,2015,Q3,2014-11-30,2014-11-30,3466270.0,4252727.0,0.0,0.64,4252727.0,1.0,261000481.0,122315757.0,0.0,0.0,138684724.0,0.0,-23752974.0,81824497.3216,202477177.32160002,22.736893674195333,0.0,0.5065124765038268,1.0808092370306794,0.0,22.736893674195333,0.028338703737082704,19.240477303527832,5.901480360848982,0.6689612142252449,0.0,0.0,0.0,0.016293943151775264,0.0,0.01328070349418245,-9.562286754623495,1.0,0.10344827586206906,-0.9361021230988987,-0.7023431862829932,-0.6801437852664486,0.08973281766930828,0.10520044625448813,0.0,-0.6567495226014981,-0.21228369419983084,-0.20191082264842797,Asset Management,Financial Services,SAR
2015Q2,2015,Q2,2014-10-14,2014-08-31,3136327.0,3902541.0,0.0,0.58,3902541.0,1.0,247229993.0,119817820.0,0.0,0.0,127412173.0,0.0,-25494426.0,86396632.96,204109583.95999998,22.272559974540933,0.0,0.49023178186960514,1.0115356797511421,0.0,22.272559974540933,0.026175797556657266,22.138558687788287,6.886768579934426,0.7210666406716463,0.0,0.0,0.0,0.015785062939349757,0.0,0.012685867770096972,-12.541497492836623,1.0,0.7575757575757573,1.0300460751855276,-0.7361698871640673,-0.6776533167725257,0.44317429183506607,0.7845642185521843,0.0,2.1056988166874833,-0.2635463548533751,-0.1894874201057107,Asset Management,Financial Services,SAR
2015Q1,2015,Q1,2014-07-14,2014-05-31,1757475.0,2704137.0,0.0,0.33,2704137.0,1.0,239233761.0,116681493.0,0.0,0.0,122552268.0,0.0,-27567086.0,81501182.4,185801458.4,21.68955795357884,0.0,0.4890614080175749,1.00272971310026,0.0,21.68955795357884,0.015062157286588714,30.139442787107313,11.59350522767038,0.6984927969682391,0.0,0.0,0.0,0.011303325202499324,0.0,0.007346266650048611,-4.36983813121195,1.0,-0.522509401082271,-0.949500064021931,-0.9397835283441344,-0.754916508333621,-0.43749336945618933,-0.5272965577823963,0.0,-0.812479605740084,-0.34840968379856246,-0.2255628973239909,Asset Management,Financial Services,SAR
2014Q4,2014,Q4,2014-05-27,2014-02-28,3717923.0,4807298.0,0.0,0.6911130831643002,4807298.0,1.0,219176837.0,114924018.0,0.0,0.0,104252819.0,0.0,-29627578.0,85266913.6,176979902.6,21.362866420205457,0.0,0.44849629799156193,0.855347748109538,0.0,21.362866420205457,0.03235114003758553,17.7369727443566,5.733504540034852,0.7419416331231997,0.0,0.0,0.0,0.021933421732881382,0.0,0.016963120058165637,-25.710102925545947,1.0,1.658127242939616,1.0409068481519994,-0.8525453118475803,-0.7395709351957279,1.1412924907963984,1.9323703160368801,0.0,-0.4725056411790262,0.07114843746095063,-0.1866320952388275,Asset Management,Financial Services,SAR
2014Q3,2014,Q3,2013-11-30,2013-11-30,1267890.0,2245045.0,0.0,0.26,2245045.0,1.0,210769167.0,111206093.0,0.0,0.0,99563074.0,0.0,-29418170.0,75876693.64,163217578.64,22.92223357506857,0.0,0.4379198405239226,0.8299904934165793,0.0,22.92223357506857,0.011401263777875911,33.797404346015334,14.961213835585106,0.6823069815068497,0.0,0.0,0.0,0.01065167658037952,0.0,0.006015538316380024,-6.220012412695313,1.0,27.0,1.028697321551575,-0.9322920279125533,-0.7739966403136699,2.2089124506166136,31.701745889531928,0.0,-0.7826504059957144,-0.7151839052759962,-0.2283618653927797,Asset Management,Financial Services,SAR
2014Q2,2014,Q2,2013-10-15,2013-08-31,-41297.0,699628.0,0.0,-0.01,699628.0,1.0,224057153.0,112445315.0,0.0,0.0,111611838.0,0.0,-19781396.0,86608896.9716,146757415.9716,23.772210871784118,0.0,0.3940958760642647,0.7852706002024183,0.0,23.772210871784118,-0.000367262966891951,123.79278269537525,-524.3050159309392,0.7702312628285135,0.0,0.0,0.0,0.003122542577339631,0.0,-0.00018431457977152821,-4.331255876242826,1.0,-1.0125,0.9971804717988635,-0.9772865017528621,-0.7849275232662394,-0.8499370794797598,-1.0108680577212106,0.0,-1.0026687654932536,-0.872451065585925,-0.38874305052880015,Asset Management,Financial Services,SAR
2014Q1,2014,Q1,2013-07-15,2013-05-31,3799851.0,4662231.0,0.0,0.8,4662231.0,1.0,208229892.0,112486612.0,0.0,0.0,95743280.0,0.0,-22053262.0,85179928.928,137112730.928,23.780941524478468,0.0,0.424050548900059,0.7849823052720265,0.0,23.780941524478468,0.033780473359798585,18.270207745605056,5.604162434790206,0.7572450393296581,0.0,0.0,0.0,0.022389825760462865,0.0,0.01824834543928016,14.231469740140966,1.0,-0.34695544426304764,-0.7630687006482234,-0.8326072897935985,-0.7976566388027732,-0.4084123103526904,-0.34423595315590194,0.0,-0.9487387633231468,-0.9639534818620693,-0.9307016170159753,Asset Management,Financial Services,SAR
2013Q4,2013,Q4,2013-05-30,2013-02-28,5794540.0,7880879.0,0.0,1.2250312677321233,7880879.0,1.0,174411430.0,108686761.0,0.0,0.0,65724669.0,0.0,-24522951.0,80506574.32,128571407.32,22.977610062839897,0.0,0.3457342216619633,0.554805382414515,,22.977610062839897,0.053314129031777846,10.215430832017596,3.473380730825915,0.7407210738389747,0.0,0.0,0.0,0.04518556495981944,0.0,0.033223395966651956,-2.026636955826018,1.0,5.4475329880638075,1.1079376300526032,-0.6121474772255067,-0.8053356847856794,1.2491369043626963,6.771980557105455,0.0,1.0234072691473417,-0.8960805337228754,-0.929838504313281,Asset Management,Financial Services,SAR
2013Q3,2013,Q3,2013-01-14,2012-11-30,745568.0,3503957.0,0.0,0.19,3503957.0,1.0,129168589.0,102892221.0,0.0,0.0,26276368.0,0.0,-25319688.0,62335620.8553,70903885.85530001,25.914518189009954,0.0,0.11496603094425689,0.1443257794969748,,25.914518189009954,0.007246106583703738,17.790064448650483,20.902057510280752,0.6058341461527981,0.0,0.0,0.0,0.02712700531241384,0.0,0.005772053451787725,-29.93299937109395,1.0,-0.8492063492063493,-0.8533182937768602,-0.8933365226855372,-0.8081635706617647,-0.001796730958127366,-0.8469387042854486,0.0,-0.9813781350363752,-0.6677087041158798,-0.6354418587976336,Asset Management,Financial Services,SAR
2013Q2,2013,Q2,2012-10-15,2012-08-31,4871042.0,3510264.0,0.0,1.26,3510264.0,1.0,125896650.0,105441959.0,0.0,0.0,20454691.0,0.0,-11333032.0,63964906.5,72402977.5,27.199169336704962,0.0,0.11795389313377282,0.14083577487402335,,27.199169336704962,0.046196429260196126,18.22224952311279,3.2829170072850946,0.6066361731765625,0.0,0.0,0.0,0.02788210806244646,0.0,0.0386907991594693,16.20588984184508,1.0,0.5365853658536587,2.3320576772377657,-0.8555409705003265,-0.8023407435884037,0.17263692178899534,0.5266053585235149,0.0,1.0647562570739106,-0.6706860559705349,-0.6063514013543485,Asset Management,Financial Services,SAR
2013Q1,2013,Q1,2012-07-16,2012-05-31,3190767.0,2993479.0,0.0,0.82,2993479.0,1.0,137835894.0,100570917.0,0.0,0.0,37264977.0,0.0,-12647278.0,67182535.13,58746971.129999995,25.942664834505777,0.0,0.14510008546830333,0.19886464791804573,,25.942664834505777,0.03172653780217595,22.442961894838746,5.263823332289697,0.6680115597434594,0.0,0.0,0.0,0.021717702937378562,0.0,0.023149028220472094,63.90163355822029,1.0,0.031958006997751476,-0.8145418136789746,-0.8818505813228047,-0.817497492352115,-0.045374298176966234,0.03582273574560336,0.0,-0.8727697985541597,-0.9074969012411169,-0.7068580699348853,Asset Management,Financial Services,SAR
2012Q4,2012,Q4,2012-02-29,2012-02-29,3080418.0,3135762.0,0.0,0.794605976638143,3135762.0,1.0,125490625.0,97380150.0,0.0,0.0,28110475.0,0.0,-13920068.0,61561376.68,80235678.68,25.11959389794465,0.0,0.15937445526309235,0.20538066536147254,,25.11959389794465,0.03163291492157282,19.632030964084645,4.996186936318383,0.632175825155332,0.0,0.0,0.0,0.02498801802923525,0.0,0.024546997036631223,-2.5215316282737654,1.0,-0.5773372464690728,1.07001281371596,-0.8117005635746932,-0.7871889839181622,-0.056013134936546985,-0.5042314860415037,0.0,1.0470325722647045,-0.8665267962807752,-0.6937736622779523,Asset Management,Financial Services,SAR
2012Q3,2012,Q3,2012-01-12,2011-11-30,6213420.0,3321828.0,0.0,1.88,3321828.0,1.0,99773483.0,94299732.0,0.0,0.0,5473751.0,0.0,-14627476.0,40878759.35,32103343.35,28.489164268142105,0.0,0.0,0.0,,28.489164268142105,0.0658901130281049,12.306103552020152,1.644776924383029,0.43349814981446605,0.0,0.0,0.0,0.03329369588109899,0.0,0.06227526405989054,5.50238655088691,1.0,4.547169811320755,0.46631763742334564,-0.8787050372303971,-0.7891043349457844,0.029057669556252438,4.595926859404886,0.0,1.2061253464988058,-0.8531639146423137,-0.7191090991124498,Asset Management,Financial Services,SAR
2012Q2,2012,Q2,2011-10-12,2011-08-31,-1727905.0,3228029.0,0.0,-0.53,3228029.0,1.0,92448262.0,90052759.0,0.0,0.0,2395503.0,0.0,-5620017.0,54694415.13,51805492.13,27.479598129674706,0.0,0.0,0.0,,27.479598129674706,-0.01918769640361602,16.94359472297182,-7.913400205740477,0.6073596826722434,0.0,0.0,0.0,0.034917141005852546,0.0,-0.018690508210960202,-5.726308239596031,1.0,-1.3045977011494254,0.44102524242099417,-0.8428503132392037,-0.8003028377241241,0.27687383903623,-1.3026522058218213,0.0,0.8297202727366816,-0.8487346631850005,-0.7513859665273112,Asset Management,Financial Services,SAR
2012Q1,2012,Q1,2011-07-13,2011-05-31,5709210.0,2528072.0,0.0,1.74,2528072.0,1.0,110518965.0,91780664.0,0.0,0.0,18738301.0,0.0,-8340281.0,67999347.75,54487547.75,28.00686831588028,0.0,0.0,0.0,,28.00686831588028,0.062204932402755334,26.897710092908746,2.9776163317691937,0.740889690556172,0.0,0.0,0.0,0.022874553702163243,0.0,0.05165819278166422,17.762449964265787,1.0,0.32806078586461046,-0.6074471691263147,-0.8819635902911589,-0.8029761502290317,-0.07529611262338483,0.3297134967593356,0.0,-0.4861728690240841,-0.8689861113404161,-0.7616997684549155,Asset Management,Financial Services,SAR
2011Q4,2011,Q4,2011-05-23,2011-02-28,4293564.0,2733926.0,0.0,1.3101809936110747,2733926.0,1.0,98768538.0,86071454.0,0.0,0.0,12697084.0,0.0,-8918890.0,69637886.25,63402131.25,26.264702965478076,0.0,0.04556106722972856,0.052282142230338065,,26.264702965478076,0.049883716382902045,25.47175243587427,4.054783290175714,0.809070638565023,0.0,0.0,0.0,0.027680130286022862,0.0,0.043470968457587175,3.745255028200518,1.0,0.09181749467589559,1.115440181091988,-0.8057934551481634,-0.7774877194321047,-0.38876919062935894,0.29710221985909874,0.0,1.115440181091988,-0.8057934551481634,-0.7774877194321047,Asset Management,Financial Services,SAR
2011Q3,2011,Q3,2010-11-30,2010-11-30,3310120.0,4472821.0,0.0,1.2,4472821.0,1.0,103538178.0,81777889.0,0.0,0.0,21760289.0,0.0,-10223021.0,48396228.12,56167042.12,29.70593669108443,0.0,0.15211780141620804,0.19259484675619348,,29.70593669108443,0.040476955818705466,10.820068167270723,3.6551717248921487,0.5918008976729638,0.0,0.0,0.0,0.04319972677131715,0.0,0.031970042972940864,6.954750093767109,1.0,-0.6330275229357799,-0.06075435411439381,-0.8036254300260299,-0.7800969794845711,0.8833723525201062,-0.5059388917820019,0.0,-0.06075435411439381,-0.8036254300260299,-0.7800969794845711,Asset Management,Financial Services,SAR
2011Q2,2011,Q2,2010-10-15,2010-08-31,6699819.0,2374900.0,0.0,3.27,2374900.0,1.0,100993471.0,79647571.0,0.0,0.0,21345900.0,0.0,-362207.0,38379034.1015,56208108.1015,38.89070037134061,0.0,0.19803260351354793,0.25110621389822424,,38.89070037134061,0.08411830914466933,16.160273738473197,1.4320921991138864,0.48186069731492503,0.0,0.0,0.0,0.023515381504216247,0.0,0.06633912998197676,-1056.6914675523126,1.0,-0.795625,4.46812929133922,-0.8149959252187338,-0.7173771440750686,-0.48729130528176956,1.5237213615806908,0.0,4.46812929133922,-0.8149959252187338,-0.7173771440750686,Asset Management,Financial Services,SAR
2011Q1,2011,Q1,2010-07-15,2010-05-31,2654738.0,4632065.0,0.0,16.0,4632065.0,1.0,96479570.0,58132890.0,0.0,0.0,38346680.0,0.0,-2843933.0,2862876.9,33363562.9,343.16733667451786,0.0,0.3504102578400795,0.5815542802017928,,343.16733667451786,0.045666712939955334,0.6180562880702235,0.2696007007094485,0.04924711123083679,0.0,0.0,0.0,0.04801083794216744,0.0,0.027516063763551184,1.0371336999986234,1.0,1.3057197936268221,2.5311359499478505,3.1838092315758137,1.414127457046902,0.7055038916386931,1.299439626054924,0.0,2.5311359499478505,3.1838092315758137,1.414127457046902,Asset Management,Financial Services,SAR
2010Q4,2010,Q4,2010-05-28,2010-02-28,-8865687.0,2715951.0,0.0,-52.335505693590946,2715951.0,1.0,96935316.0,55478152.0,0.0,0.0,41457164.0,0.0,0.0,3116978.4,36531342.4,327.4960124202336,0.0,0.3816175933237789,0.6667890091220053,,327.4960124202336,-0.1598050165766156,1.147656345788271,-0.08789444066771136,0.05618389019158389,-0.2338302716980647,0.0,0.665088343249347,0.028018178637804203,0.0,-0.09145982461129028,0.45742074547330824,1.0,-6.181733236989203,-3.6112867491362457,2.7322412890400902,1.7745177509260095,0.12977224029640833,-1.9713082546696696,0.0,-3.6112867491362457,2.7322412890400902,1.7745177509260095,Asset Management,Financial Services,SAR
2010Q3,2010,Q3,2010-01-14,2009-11-30,9127573.0,2403981.0,0.0,10.1,2403981.0,1.0,114536216.0,64343839.0,0.0,0.0,50192377.0,0.0,0.0,19551693.6,57093372.6,71.08473316091656,0.0,0.382767569342434,0.6813511546925262,,71.08473316091656,0.14185620786474987,8.13304830612222,0.5355118386892113,0.30386271481252464,0.0,0.0,0.0,0.020988828546596998,0.0,0.07969158855396445,4.291903536902673,1.0,1.520618556701031,6.876853715224648,-0.6790061050781797,-0.4737837188177158,0.054465503704256055,1.5673436322705336,0.0,6.876853715224648,-0.6790061050781797,-0.4737837188177158,Asset Management,Financial Services,SAR
2010Q2,2010,Q2,2009-10-15,2009-08-31,-16088262.0,2279810.0,0.0,-19.4,2279810.0,1.0,110968116.0,57289331.0,0.0,0.0,53678785.0,0.0,0.0,28936916.2,71438451.2,69.09504931627787,0.0,0.44679906974360095,0.8654395178746284,,69.09504931627787,-0.2808247490270047,12.692687636250389,-0.4496588289027118,0.5051013110975235,0.0,0.0,0.0,0.020544730163752623,0.0,-0.14498094209331264,4.554566053439851,1.0,-3.9846153846153842,-19.57033153904182,-0.5613333959319132,-0.49787892782638304,-0.6706105193806962,-3.9994060198933,0.0,-19.57033153904182,-0.5613333959319132,-0.49787892782638304,Asset Management,Financial Services,SAR
2010Q1,2010,Q1,2009-07-13,2009-05-31,5363816.0,6921320.0,0.0,6.5,6921320.0,1.0,135801090.0,73377593.0,0.0,0.0,62423497.0,0.0,0.0,23050036.400000002,70232342.4,88.49864919953012,0.0,0.42529302968039506,0.787096641341179,,88.49864919953012,0.07309882732185015,3.3302948570503896,1.0743301224352215,0.3141290884262175,0.0,0.0,0.0,0.05096660122536572,0.0,0.039497591661451316,6.676929636859606,1.0,1.3847337280472,0.4576585135721249,0.27724822478824707,-0.37742612390064334,0.37743440473444567,1.382907573192181,0.0,0.4576585135721249,0.27724822478824707,-0.37742612390064334,Asset Management,Financial Services,SAR
2009Q4,2009,Q4,2009-05-29,2009-02-28,-14008122.0,5024791.0,0.0,-16.894801589120267,5024791.0,1.0,130662479.0,68013777.0,0.0,0.0,62648702.0,0.0,0.0,16499846.2,67960093.2,82.02950172347667,0.0,0.4515043144099539,0.8673929842184768,,82.02950172347667,-0.20596006600251004,3.2836880578714616,-0.2944692764668954,0.24259564646733262,-0.14797458217454132,0.0,0.12562820131014313,0.03845626562771704,0.0,-0.10720845117288798,1.4751684546322017,1.0,-0.8565716032000293,-0.488602692659886,0.4107658404709824,-0.30505319148936166,-0.11329820377625387,-0.8551735025047538,0.0,-0.488602692659886,0.4107658404709824,-0.30505319148936166,Asset Management,Financial Services,SAR
2009Q3,2009,Q3,2009-01-14,2008-11-30,-7550842.0,5666833.0,0.0,-9.1,5666833.0,1.0,153909255.0,84094745.0,0.0,0.0,69814510.0,0.0,-1567101.0,14592828.8,69017789.8,101.42430451866879,0.0,0.43044844834054974,0.7878019012959728,,101.42430451866879,-0.08978970089034695,2.575129494728361,-0.48315236896759334,0.173528426776251,-0.42824892905983203,0.0,0.22159103243916625,0.03681931278271732,0.0,-0.04906035052927779,5.077548537904259,1.0,-1.9354838709677418,-8.113718241496521,-0.17394309120858303,-0.24919011478180983,0.04954782176756322,-1.941022138558499,0.0,-8.113718241496521,-0.17394309120858303,-0.24919011478180983,Asset Management,Financial Services,SAR
2009Q2,2009,Q2,2008-10-15,2008-08-31,-2567421.0,5399309.0,0.0,-3.1,5399309.0,1.0,168829658.0,91645587.0,0.0,0.0,77184071.0,0.0,0.0,89546904.0,150937916.0,110.53116248441152,0.0,0.3924073577167348,0.7228935093186757,,110.53116248441152,-0.028014671344731526,16.58488225067319,-8.719538400597331,0.9771000102820008,-1.259489581178934,0.0,0.03611113121230858,0.031980808727338654,0.0,-0.015207168162361616,169.20512224571587,1.0,-1.911764705882353,-2.2826853000217358,0.038900848467309665,-0.1967582863828433,0.10592559076786252,-1.913267346032794,0.0,-2.2826853000217358,0.038900848467309665,-0.1967582863828433,Asset Management,Financial Services,SAR
2009Q1,2009,Q1,2008-07-15,2008-05-31,2811248.0,4882163.0,0.0,3.4,4882163.0,1.0,174276866.0,97446648.0,0.0,0.0,76830218.0,0.0,0.0,86479093.39999999,145165686.39999998,117.52765884569276,0.0,0.34800947132019233,0.6223918548742693,,117.52765884569276,0.02884909904751162,17.713274505582874,7.690453972755161,0.8874506735213714,1.1502507071592403,0.0,0.03739215887755826,0.0280138328858863,0.0,0.01613093042423657,3.9444212718921547,1.0,1.299574347076257,-0.23602159713110796,-0.09905422305617101,-0.17321167296602905,0.37072144652610084,1.2987432107269425,0.0,-0.23602159713110796,-0.09905422305617101,-0.17321167296602905,Asset Management,Financial Services,SAR
2008Q4,2008,Q4,2008-05-23,2008-02-29,-9410249.0,3561747.0,0.0,-11.349436402625377,3561747.0,1.0,192841668.0,97869040.0,0.0,0.0,94972628.0,0.0,0.0,91536835.2,168914194.2,118.03709394576053,0.0,0.4068104202458983,0.8015813785442261,,118.03709394576053,-0.09615143869808061,25.69998239627913,-2.4318388174425567,0.9352992039157635,-0.15859824750652188,0.0,0.01630435438082526,0.01846979979451329,0.0,-0.04879779923911465,17.319782641889855,1.0,-9.730335694327213,0.0,0.0,0.0,-0.48080246643634933,-9.865482812158485,0.0,0.0,0.0,0.0,Asset Management,Financial Services,SAR
2008Q3,2008,Q3,2007-11-30,2007-11-30,1061448.0,6860100.0,0.0,1.3,6860100.0,1.0,203933939.0,112005378.0,0.0,0.0,91928561.0,0.0,-70775.0,91619749.0,172658762.0,135.08653324295835,0.0,0.41373820078079304,0.753314372100954,,135.08653324295835,0.009476759232043304,13.355453856357778,21.578953702866272,0.817994194885892,2.968328170574536,0.0,0.034389157734976986,0.03363883438744347,0.0,0.005204861952869943,18.357529392765247,1.0,2.4444444444444446,0.0,0.0,0.0,0.3199770027184203,2.357159478845687,0.0,0.0,0.0,0.0,Asset Management,Financial Services,SAR
2008Q2,2008,Q2,2007-10-12,2007-08-31,-782110.0,5197136.0,0.0,-0.9,5197136.0,1.0,207274027.0,114094656.0,0.0,0.0,93179371.0,0.0,0.0,102813112.0,181140093.0,137.60635262163837,0.0,0.41360206216285844,0.7513845784328409,,137.60635262163837,-0.00685492228487897,19.782647981503658,-32.86401912774418,0.9011211883578492,0.0,0.0,0.0,0.025073744526611624,0.0,-0.003773314058302153,5.12473305439998,1.0,-1.2045454545454546,0.0,0.0,0.0,-0.04092965937377686,-1.2125444459783659,0.0,0.0,0.0,0.0,Asset Management,Financial Services,SAR
2008Q1,2008,Q1,2007-07-13,2007-05-31,3679748.0,5418931.0,0.0,4.4,5418931.0,1.0,222291316.0,117861664.0,0.0,0.0,104429652.0,0.0,0.0,114089388.8,208441532.8,142.14963492205158,0.0,0.45079637299011716,0.8502180912701182,,142.14963492205158,0.03122090657060467,21.053855234547182,7.751168612633255,0.9679940442721052,0.0,0.0,0.0,0.024377609964754538,0.0,0.01655371908455479,-0.5778930028792183,1.0,0.0,0.0,0.0,0.0,0.0,0.0,0.0,0.0,0.0,0.0,Asset Management,Financial Services,SAR
