Quarters,Year,Quarter,FillingDate,Date,NetIncome,Revenue,OperatingIncome,EPSDiluted,GrossProfit,GrossProfitRatio,TotalAssets,CommonStockEquity,CurrentAssets,CurrentLiability,TotalLiability,Inventory,RetainedEarnings,MarketCap,EnterpriseValue,bookValuePerShare,currentRatio,debtToAssets,debtToEquity,roic,shareholdersEquityPerShare,roe,priceToSalesRatio,peRatio,pbRatio,payoutRatio,inventoryTurnover,dividendYield,assetTurnover,quickRatio,returnOnAssets,priceToFreeCashFlowsRatio,grossProfitMargin,epsdilutedGrowth,fiveYNetIncomeGrowthPerShare,fiveYRevenueGrowthPerShare,fiveYShareholdersEquityGrowthPerShare,grossProfitGrowth,netIncomeGrowth,operatingIncomeGrowth,threeYNetIncomeGrowthPerShare,threeYRevenueGrowthPerShare,threeYShareholdersEquityGrowthPerShare,Industry,Sector,Symbol
2023Q1,2023,Q1,2023-05-15,2023-03-31,717701.0,0.0,-2492581.0,0.02,0.0,0.0,45921288.0,24943290.0,516916.0,9498831.0,20977998.0,0.0,-19223878.0,427300241.85,429430521.85,0.5866602448308443,0.05441890691601946,0.04865499417176626,0.08957519236636385,-0.04221564003561025,0.5866602448308443,0.02877330937498622,0.0,148.84340479182836,17.130869338006335,0.0,0.0,0.0,0.0,0.010950821211578561,0.015628938805026547,-196.04732562786268,0.0,1.1052631578947367,1.359044048195183,0.0,-0.9354549748913557,1.0,1.3572893242974822,-0.7011650127625886,1.359044048195183,0.0,-0.9354549748913557,Shell Companies,Financial Services,ANZU
2022Q4,2022,Q4,2023-04-03,2022-12-31,-2008739.0,0.0,-1465220.0,-0.19,-4888124.0,0.0,430621346.0,411832423.0,220422.0,7309756.0,18788923.0,0.0,-17915833.0,425850000.0,427242227.0,9.69017465882353,0.030154494896956888,0.0034833387010034566,0.0036422581521707922,-0.006195760229780275,9.69017465882353,-0.0048775639988889365,0.0,-52.999667950888586,1.0340370894012878,0.0,0.0,0.0,0.0,0.014743720583833442,-0.004664745532609988,-505.3963536931852,0.0,-2.727272727272727,0.9572956275683365,0.0,-0.7352854795253868,0.0,-1.353007987206411,-0.4191515038810145,0.9572956275683365,0.0,-0.7352854795253868,Shell Companies,Financial Services,ANZU
2022Q3,2022,Q3,2022-11-14,2022-09-30,5690350.0,0.0,-1032462.0,0.11,0.0,0.0,427811339.0,409528926.0,590192.0,6003246.0,18282413.0,0.0,-17352256.0,104337500.0,105535503.0,38.543898917647056,0.09831214646209734,0.0035062184268098606,0.003662744936361345,-0.0022964116126228326,38.543898917647056,0.01389486709908252,0.0,4.583966715579885,0.25477443319840126,0.0,0.0,0.0,0.0,0.05030561799399858,0.013301073349998327,-162.49947436374651,0.0,0.8900343642611683,4.110693139805953,0.0,4.22044139970771,0.0,0.8411088164275045,-0.14545418236523638,4.110693139805953,0.0,4.22044139970771,Shell Companies,Financial Services,ANZU
2022Q2,2022,Q2,2022-08-15,2022-06-30,3090719.0,0.0,-901356.0,0.0582,0.0,0.0,427168027.0,403838576.0,940688.0,5254451.0,23329451.0,0.0,-21453304.0,104125000.00000001,105148052.00000001,38.008336564705886,0.17902688596772526,0.003511498766737053,0.0037143554111581456,-0.0021484194855775542,38.008336564705886,0.007653352561346195,0.0,8.422392977168096,0.2578381714578946,0.0,0.0,0.0,0.0,0.09077028218552233,0.0072353706378871846,-260.21036743078344,0.0,-0.9234210526315789,0.7014853376428096,0.0,0.0426490148906011,0.0,-0.923706148707989,0.3946917773721598,0.7014853376428096,0.0,0.0426490148906011,Shell Companies,Financial Services,ANZU
2022Q1,2022,Q1,2022-05-16,2022-03-31,40510722.0,0.0,-1489086.0,0.76,0.0,0.0,426337892.0,400747857.0,744277.0,4048369.0,25590035.0,0.0,-24253206.0,519031250.0,519654145.0,7.543489072941177,0.1838461365552399,0.0017591680544313429,0.0018715009622621637,-0.012057030453653538,7.543489072941177,0.10108780693991334,0.0,3.203048627472006,1.295156645092178,0.0,0.0,0.0,0.0,0.03139659452979706,0.09502022400579867,-671.6764370939773,0.0,4.454545454545454,17.21968060107039,0.0,-0.17005678174057468,0.0,4.450716830841823,-1.647171796586833,17.21968060107039,0.0,-0.17005678174057468,Shell Companies,Financial Services,ANZU
2021Q4,2021,Q4,2022-03-31,2021-12-31,-11739799.0,0.0,2300913.0,-0.22,0.0,0.0,426903621.0,388286476.0,863167.0,2678173.0,38617145.0,0.0,-36714587.0,103313572.82000001,103163727.82000001,36.60613192449654,0.32229695393090735,0.0,0.0,0.014740691243511017,36.60613192449654,-0.03023489028240067,0.0,-2.2000711600769316,0.26607564055359995,0.0,0.0,0.0,0.0,0.05595045577712866,-0.027499881524780976,-116.71608032355368,0.0,-1.8148148148148147,0.0,0.0,0.0,0.0,-3.1087810138919676,1.770448805909877,0.0,0.0,0.0,Shell Companies,Financial Services,ANZU
2021Q3,2021,Q3,2021-11-12,2021-09-30,5567102.0,0.0,-2986458.0,0.27,0.0,0.0,426950673.0,392235919.0,1921987.0,2773088.0,34714754.0,0.0,-32765144.0,515934062.5,514902047.5,7.383264357647059,0.6930854700608131,0.0,0.0,-0.019319821105231484,7.383264357647059,0.014193248834000846,0.0,23.168879540019205,1.3153666900659344,0.0,0.0,0.0,0.0,0.37215371455936486,0.013039215890871777,-735.6278480705837,0.0,6.894736842105263,0.0,0.0,0.0,0.0,2.069929360383362,-1.7881065255587028,0.0,0.0,0.0,Shell Companies,Financial Services,ANZU
2021Q2,2021,Q2,2021-08-18,2021-06-30,1813430.0,0.0,-1071142.0,0.0342,0.0,0.0,427829210.0,386668817.0,2805993.0,670637.0,41160393.0,0.0,-1099993.0,103227654.96169999,101488287.96169999,36.453625354159925,4.184071263589692,0.0,0.0,-0.013535249038970342,36.453625354159925,0.004689879091025848,0.0,14.230995263354528,0.26696658852037713,0.0,0.0,0.0,0.0,2.593604289652972,0.0042386773918498925,-254.67935518671482,0.0,1.727659574468085,0.0,0.0,0.0,0.0,1.9183807312385577,-0.10852478119628223,0.0,0.0,0.0,Shell Companies,Financial Services,ANZU
2021Q1,2021,Q1,2021-05-17,2021-03-31,-1974595.0,0.0,-966277.0,-0.047,0.0,0.0,423313268.0,381744840.0,3305427.0,96428.0,41568428.0,0.0,-1471137.0,409920000.0,407765549.0,9.089162857142858,34.278705355290995,0.0,0.0,-0.0033990720702653334,9.089162857142858,-0.005172551906661004,0.0,-51.89925022599571,1.0738062628430025,0.0,0.0,0.0,0.0,22.342587215331648,-0.004664618733377381,-328.20512820512823,0.0,0.0,0.0,0.0,0.0,0.0,0.0,0.0,0.0,0.0,0.0,Shell Companies,Financial Services,ANZU
