Quarters,Year,Quarter,FillingDate,Date,NetIncome,Revenue,OperatingIncome,EPSDiluted,GrossProfit,GrossProfitRatio,TotalAssets,CommonStockEquity,CurrentAssets,CurrentLiability,TotalLiability,Inventory,RetainedEarnings,MarketCap,EnterpriseValue,bookValuePerShare,currentRatio,debtToAssets,debtToEquity,roic,shareholdersEquityPerShare,roe,priceToSalesRatio,peRatio,pbRatio,payoutRatio,inventoryTurnover,dividendYield,assetTurnover,quickRatio,returnOnAssets,priceToFreeCashFlowsRatio,grossProfitMargin,epsdilutedGrowth,fiveYNetIncomeGrowthPerShare,fiveYRevenueGrowthPerShare,fiveYShareholdersEquityGrowthPerShare,grossProfitGrowth,netIncomeGrowth,operatingIncomeGrowth,threeYNetIncomeGrowthPerShare,threeYRevenueGrowthPerShare,threeYShareholdersEquityGrowthPerShare,Industry,Sector,Symbol
2023Q1,2023,Q1,2023-03-08,2023-03-31,36466000000.0,164947000000.0,43318000000.0,5248.0,59462000000.0,0.3604915518,474299000000.0,369639000000.0,451165000000.0,97003000000.0,104002000000.0,3014000000.0,332946000000.0,520734583530.0,342810583530.0,53193.88680222769,4.6510417203591645,0.0,0.0,0.09234804397699423,53193.88680222769,0.09865301009904258,3.1569812335477456,3.5700007097707456,1.40876526429841,,34.99834107498341,,0.3477700775249368,4.614063482572704,0.0768839909002549,0.0,0.36049155183180054,0.0987676550271551,9.275007044237812,1.4874756827675653,6.642064131985362,-0.07678781843092154,0.09871359878478046,0.10675078633521748,2.936737558026557,1.2515288015288017,1.9310839743081434,Electronic Gaming & Multimedia,Communication Services,GRVY
2022Q4,2022,Q4,2022-12-31,2022-12-31,33189723000.0,176114872000.0,39139796000.0,4776.26,64407729000.0,0.3657143106,444093980000.0,329527917000.0,421767238000.0,105709908000.0,113914159000.0,3332317000.0,296479528000.0,353099205990.2765,183221864990.2765,47421.594353063076,3.9898553123326908,0.0,0.0,0.10280199657529082,47421.594353063076,0.10071900220824083,2.0049369027181108,2.6597028693963223,1.0715304767039706,,33.52236386874358,,0.39657117621815097,3.950850926859193,0.07473580929874347,0.0,0.36571431060064025,1.0649632511889322,5.776178644344631,1.6082977444054443,6.395150740574507,0.5137663109899407,1.06455106991789,0.8400543462930751,108.53703960396041,1.45795413881174,1.8519690940247873,Electronic Gaming & Multimedia,Communication Services,GRVY
2022Q3,2022,Q3,2022-09-30,2022-09-30,16076000000.0,102377000000.0,21271000000.0,2313.0,42548000000.0,0.4156011604,397886000000.0,302302000000.0,378080000000.0,89090000000.0,94854000000.0,2866000000.0,263290000000.0,465302245529.94995,357618245529.94995,43503.57610557067,4.243798406106185,0.0,0.0,0.04640353122030645,43503.57610557067,0.0531786094700002,4.544988088437344,7.235976697094269,1.5391967156351924,,20.875436147941382,,0.25730234288213205,4.184150858682232,0.04040353267016181,0.0,0.4156011604168905,-0.07958615200955034,4.962908011869437,3.315516587278169,6.669719649879488,-0.07391607173950897,-0.07953048955052963,-0.038164141985078004,0.7957998212689903,0.3198695304643786,1.5972300977713627,Electronic Gaming & Multimedia,Communication Services,GRVY
2022Q2,2022,Q2,2022-06-30,2022-06-30,17465000000.0,96519000000.0,22115000000.0,2513.0,45944000000.0,0.4760099048,362037000000.0,281994000000.0,341308000000.0,73208000000.0,79392000000.0,2302000000.0,247214000000.0,459477948834.45,346729948834.45,40581.0991667746,4.66216806906349,0.0,0.0,0.05719664364925655,40581.0991667746,0.061933941856918945,4.760492222613682,6.57712494753006,1.6293890963440711,,21.970026064291922,,0.2665998226700586,4.594607146759917,0.04824092565124559,0.0,0.47600990478558625,0.06928889947918446,3.9127988748241918,2.5710744413201123,6.688788308430581,0.059765183493645194,0.06943849121303043,-0.009006990500089622,0.6080471411472241,0.2354115734637194,1.6375038581329444,Electronic Gaming & Multimedia,Communication Services,GRVY
2022Q1,2022,Q1,2022-03-31,2022-03-31,16331000000.0,88607000000.0,22316000000.0,2350.16,43353000000.0,0.4892728565,342293000000.0,262880000000.0,322729000000.0,72815000000.0,78731000000.0,2008000000.0,229749000000.0,428600865383.45996,327231865383.45996,37830.4479845731,4.432177435967864,0.0,0.0,0.05970481679644229,37830.4479845731,0.062123402312842364,4.837099386994932,6.561154635102872,1.6304049961330644,,22.536852589641434,,0.2588630208622438,4.3704181830666755,0.04771058712857114,0.0,0.4892728565463225,12.4210496259494,6.525806451612902,2.7944073312778346,6.9477566815818115,0.03304879236731996,12.421368172512782,1.1852946979967969,-0.1735323886639676,-0.33688811057976553,1.7376774314487153,Electronic Gaming & Multimedia,Communication Services,GRVY
2021Q4,2021,Q4,2021-12-31,2021-12-31,1216791000.0,96597974000.0,10211895000.0,175.11,41966072000.0,0.4344404987,327526323000.0,246070907000.0,306134920000.0,73997475000.0,80685465000.0,0.0,213317805000.0,563245228522.906,464140285522.906,35411.49059563384,4.137099542923593,0.0,0.0,0.0051221207096010845,35411.49059563384,0.004944879566766501,5.830818237687946,115.72349493933346,2.2889549820812665,,0.0,,0.2949319404779566,4.07308699384675,0.0037150937636240004,0.0,0.4344404987210187,-0.9538212025316455,1.588917021276596,4.519884228571429,7.026843260699374,-0.3288005885739876,-0.9538237258548062,-0.7462378857909646,-0.9187017438364401,-0.1469021654655928,2.2310578928018066,Electronic Gaming & Multimedia,Communication Services,GRVY
2021Q3,2021,Q3,2021-09-30,2021-09-30,26351000000.0,128670000000.0,40242000000.0,3792.0,62524000000.0,0.4859252350975363,332734000000.0,244663000000.0,314274000000.0,80923000000.0,87300000000.0,0.0,212053000000.0,741745042919.9999,623572042919.9999,35208.88198132078,3.883617760092928,0.0,0.0,0.10433628650219504,35208.88198132078,0.10770324895877186,5.764708501748658,7.037162184736822,3.0317009229838594,,0.0,,0.3867052961224281,3.8092384118235856,0.0791953933171843,0.0,0.4859252350975363,0.7844705882352941,7.536119209588597,7.171599136288581,6.996306827466745,0.655431703248696,0.7845726669375592,1.1006420629534897,3.174746514575412,1.9110201126671342,3.015213181475038,Electronic Gaming & Multimedia,Communication Services,GRVY
2021Q2,2021,Q2,2021-06-30,2021-06-30,14766000000.0,83611000000.0,19157000000.0,2125.0,37769000000.0,0.45172285943237134,286046000000.0,216297000000.0,265812000000.0,63040000000.0,68920000000.0,0.0,185702000000.0,852370496923.68,750739496923.68,31126.797047014636,4.2165609137055835,0.0,0.0,0.06769490505905522,31126.797047014636,0.06826724365109087,10.194477962513067,14.431303279894355,3.940741188845338,,0.0,,0.29229914069765,4.149190989847716,0.05162106794012152,0.0,0.45172285943237134,-0.373341197286936,10.2,8.231644032240258,6.933137722354667,-0.2049635835473414,-0.37339274347549334,-0.31467105498515363,1.2321995464852606,0.32661123980579454,2.9556152959894666,Electronic Gaming & Multimedia,Communication Services,GRVY
2021Q1,2021,Q1,2021-03-31,2021-03-31,23565000000.0,105059000000.0,27953000000.0,3391.0,47506000000.0,0.45218401088911947,281968000000.0,201632000000.0,263140000000.0,75125000000.0,79903000000.0,0.0,170936000000.0,901459255410.0,784705255410.0,29016.391083480838,3.502695507487521,0.0,0.0,0.11412822330648434,29016.391083480838,0.11687132994762736,8.580504815484632,9.56353973488224,4.470814431290668,,0.0,,0.3725919253248596,3.433357737104825,0.08357331328377689,0.0,0.45218401088911947,0.5641143911439115,14.853615520282187,10.552562128876183,5.9855875831485585,0.0006740531659434638,0.5643255443441317,0.022309183337600118,5.639898562975485,0.5843374402437003,3.1686203973619462,Electronic Gaming & Multimedia,Communication Services,GRVY
2020Q4,2020,Q4,2020-12-31,2020-12-31,15064000000.0,112440000000.0,27343000000.0,2168.0,47474000000.0,0.42221629313411596,265372000000.0,176910000000.0,246585000000.0,82720000000.0,88024000000.0,0.0,147371000000.0,1362360336879.78,1251728336879.78,25458.705694426455,2.9809598646034816,0.0,0.0,0.08656703406949155,25458.705694426455,0.08515064156915945,12.116331704729456,22.609538251456783,7.7008667507759885,,0.0,,0.4237070979605987,2.9281794003868473,0.056765596973305396,0.0,0.42221629313411596,-0.4040681693238043,2.6530231537364206,11.919682867976558,4.803562641472295,-0.17705588683955067,-0.40413749456113285,-0.20412737222028177,2.075541037158024,0.6652596969831608,2.9701526032315977,Electronic Gaming & Multimedia,Communication Services,GRVY
2020Q3,2020,Q3,2020-09-30,2020-09-30,25281000000.0,131795000000.0,34356000000.0,3638.0,57688000000.0,0.43771008004856027,255140000000.0,163787000000.0,231289000000.0,82461000000.0,90866000000.0,0.0,132307000000.0,1159832947721.1748,1043032947721.1748,23570.205356243434,2.8048289494427667,0.0,0.0,0.1574992606441173,23570.205356243434,0.1543529095715777,8.800280342358775,11.469413272034087,7.081349238469323,0.0,0.0,0.0,0.516559535941052,2.7573034525412012,0.0990867758877479,0.0,0.43771008004856027,0.9309978768577495,11.276829268292682,14.199515626801983,3.072682514422121,0.5441113490364026,0.9305841924398626,1.1060503892600992,8.377225519287833,4.555578973991485,3.1554484333375616,Electronic Gaming & Multimedia,Communication Services,GRVY
2020Q2,2020,Q2,2020-08-07,2020-06-30,13095000000.0,88458000000.0,16313000000.0,1884.0,37360000000.0,0.42234732867575575,210064000000.0,139485000000.0,186191000000.0,65664000000.0,70065000000.0,0.0,107026000000.0,460291300207.2,366225300207.2,20072.961188101715,2.8355110867446394,0.0,0.0,0.09337516590913014,20072.961188101715,0.09388106247983655,5.203501098907957,8.787539141030928,3.2999340445725345,0.0,0.0,0.0,0.42110023611851627,2.7525127923976607,0.06233814456546576,0.0,0.42234732867575575,0.41335333833458365,5.739413680781759,8.597265921666486,2.257549218804736,0.5320265726236365,0.41368886969664254,0.5752220934723832,2.6835443037974684,2.272828178185585,2.8031682844366888,Electronic Gaming & Multimedia,Communication Services,GRVY
2020Q1,2020,Q1,2020-04-10,2020-03-31,9263000000.0,73260000000.0,10356000000.0,1333.0,24386000000.0,0.33286923286923287,192930000000.0,126110000000.0,170182000000.0,61800000000.0,66328000000.0,0.0,93931000000.0,257472106933.22998,174970106933.22998,18148.196117371095,2.7537540453074434,0.0,0.0,0.06749069225279518,18148.196117371095,0.07345174847355483,3.5144977741363634,6.948939515632894,2.041647029840853,,0.0,,0.3797232156740787,2.6563592233009707,0.04801223241590214,0.0,0.33286923286923287,29.295454545454547,4.524733637747336,7.078068144227588,1.7637519175980714,0.21832533972821744,29.57095709570957,4.756531406336854,3.2686635944700457,2.1372045220966083,2.812734308864434,Electronic Gaming & Multimedia,Communication Services,GRVY
2019Q4,2019,Q4,2020-02-13,2019-12-31,303000000.0,71651000000.0,1799000000.0,44.0,20016000000.0,0.2793540913595065,175425000000.0,115544000000.0,155863000000.0,55787000000.0,59659000000.0,0.0,84668000000.0,300792767675.39996,221364767675.39996,16627.667688411115,2.793894634950795,0.0,0.0,0.002724960308218635,16627.667688411115,0.0026223776223776225,4.198026094198266,248.17885121732672,2.6032746631188117,,0.0,,0.4084423542824569,2.710972090271927,0.0017272338606241983,0.0,0.2793540913595065,-0.9658385093167702,1.0255243871619915,6.679635584137192,1.393454168824443,-0.0693695369164962,-0.9661528150134048,-0.8240758849990221,-0.35531914893617017,3.0943428571428573,2.769050104384133,Electronic Gaming & Multimedia,Communication Services,GRVY
2019Q3,2019,Q3,2019-11-14,2019-09-30,8952000000.0,77566000000.0,10226000000.0,1288.0,21508000000.0,0.27728643993502305,186201000000.0,116394000000.0,165545000000.0,65314000000.0,70172000000.0,0.0,84978000000.0,280595247811.19995,191836247811.19995,16749.989206924838,2.5346020761245676,0.0,0.0,0.06938905623851367,16749.989206924838,0.07691118098871076,3.6175031303818677,7.83610499919571,2.4107363593587294,,0.0,,0.4165713395739013,2.44766818752488,0.048077077996358776,0.0,0.27728643993502305,-0.17594369801663468,3.9495881383855025,7.1263488737558935,0.9315941451757443,0.011237011613145893,-0.17576650400515606,-0.21326357901215573,1.8999028182701652,3.9260764638638386,2.8040984410236303,Electronic Gaming & Multimedia,Communication Services,GRVY
2019Q2,2019,Q2,2019-06-30,2019-06-30,10861000000.0,78127000000.0,12998000000.0,1563.0,21269000000.0,0.27223623075249276,168236000000.0,106917000000.0,150706000000.0,57417000000.0,61778000000.0,0.0,76026000000.0,370262950054.2,281598950054.2,15386.17622933126,2.6247627009422296,0.0,0.0,0.09378725438594175,15386.17622933126,0.10158347129081437,4.739244436036198,8.522763789112421,3.4630877227587757,,0.0,,0.4643893102546423,2.546632530435237,0.06455812073515775,0.0,0.27223623075249276,-0.45042194092827004,4.583305839656878,6.62363387978142,0.6867072632043919,-0.34326560859630706,-0.45035425101214577,-0.45016920473773264,7.766978193146417,7.626145522800043,2.921401063634696,Electronic Gaming & Multimedia,Communication Services,GRVY
2019Q1,2019,Q1,2019-04-12,2019-03-31,19760000000.0,133623000000.0,23640000000.0,2844.0,32386000000.0,0.2423684545325281,198031000000.0,96023000000.0,181789000000.0,97303000000.0,102440000000.0,0.0,65165000000.0,490223829062.205,378393829062.205,13818.446084991869,1.8682774426276683,0.0,0.0,0.19948447549011475,13818.446084991869,0.2057840309092613,3.6687084488613864,6.202224557973242,5.105275080576581,,0.0,,0.6747579924355278,1.832122339496213,0.09978235730769425,0.0,0.2423684545325281,0.3203342618384401,7.655439541933311,11.41042073000836,0.4473065444789437,0.4769244801167457,0.3202378566178927,0.7989498516094665,12.616696061140505,13.693534198372555,2.3267391906873613,Electronic Gaming & Multimedia,Communication Services,GRVY
2018Q4,2018,Q4,2019-02-15,2018-12-31,14967000000.0,113232000000.0,13141000000.0,2154.0,21928000000.0,0.1936555037445245,173174000000.0,76158000000.0,160168000000.0,93521000000.0,97622000000.0,0.0,45405000000.0,326415698543.025,240364698543.02502,10959.720243491776,1.712642080388362,0.0,0.0,0.19330522034275593,10959.720243491776,0.19652564405577877,2.8827160038065656,5.452256606918973,4.286032964928504,,0.0,,0.6538625890722626,1.673100159322505,0.08642752376222759,0.0,0.1936555037445245,1.3722466960352422,2.1055547348205055,9.99980571206528,0.0984062883103773,0.5233067037165683,1.3711977186311788,0.8550254093732355,2.642379018983869,12.010685970355048,1.498376144080307,Electronic Gaming & Multimedia,Communication Services,GRVY
2018Q3,2018,Q3,2018-10-31,2018-09-30,6312000000.0,44201000000.0,7084000000.0,908.0,14395000000.0,0.3256713649012466,98756000000.0,60934000000.0,90956000000.0,33532000000.0,38418000000.0,0.0,30438000000.0,139727716821.0,97448716821.0,8768.869893076602,2.7125134200167005,0.0,0.0,0.10001363994782399,8768.869893076602,0.10358748810188072,3.161189041447026,5.534209316421102,2.2930993668723536,,0.0,,0.44757786868645955,2.5843373493975905,0.06391510389242172,0.0,0.3256713649012466,-0.046218487394957986,4.498891352549889,2.451315686733817,-0.264313138386497,-0.27575971020326023,-0.04580498866213152,-0.1488645920941968,3.565853658536586,4.0975666013147265,0.5151680923015717,Electronic Gaming & Multimedia,Communication Services,GRVY
2018Q2,2018,Q2,2018-07-27,2018-06-30,6615000000.0,63026000000.0,8323000000.0,952.0,19876000000.0,0.3153619141306762,108198000000.0,54681000000.0,101137000000.0,48043000000.0,54119000000.0,0.0,24126000000.0,227444268975.37738,183038268975.37738,7869.01523982213,2.1051349832441772,0.0,0.0,0.11624468899482772,7869.01523982213,0.12097437866900751,3.608737171570104,8.595777361125373,4.159475301757053,,0.0,,0.582506146139485,1.9972732760235623,0.0611379138246548,0.0,0.3153619141306762,0.863013698630137,5.090909090909091,3.928526743822333,-0.3559667389051163,-0.031714327471135575,0.863905325443787,0.7267634854771784,3.3941368078175898,5.8380167082564824,0.27702655363273304,Electronic Gaming & Multimedia,Communication Services,GRVY
2018Q1,2018,Q1,2018-04-05,2018-03-31,3549000000.0,66311000000.0,4820000000.0,511.0,20527000000.0,0.3095564838412933,111792000000.0,48369000000.0,104748000000.0,57464000000.0,64010000000.0,0.0,17511000000.0,307449220439.33997,277878220439.33997,6960.670034106118,1.8228456076848114,0.0,0.0,0.06862785299381598,6960.670034106118,0.07337344166718353,4.636473894818959,21.657454243402363,6.356327822351918,,0.0,,0.5931640904536998,1.7339377697340943,0.03174645770717046,0.0,0.3095564838412933,-0.275177304964539,3.1786372007366483,4.621481858257035,-0.4491566923663861,0.2829375,-0.2754185381788485,0.638898333900034,2.350456621004566,6.311831513948615,0.060026298487836936,Electronic Gaming & Multimedia,Communication Services,GRVY
2017Q4,2017,Q4,2018-02-02,2017-12-31,4898000000.0,67521000000.0,2941000000.0,705.0,16000000000.0,0.23696331511677848,115883000000.0,44560000000.0,108871000000.0,64744000000.0,71885000000.0,0.0,13962000000.0,348534726498.0,309439726498.0,6412.525723495805,1.6815612257506487,0.0,0.0,0.11193934630065457,6412.525723495805,0.10991921005385996,5.161871514017861,17.78964508462638,7.821694939362657,,0.0,,0.5826652744578583,1.613446805881626,0.042266769068802154,0.0,0.23696331511677848,0.8170103092783505,1.4521369888304256,4.066101440576231,-0.5025064475432348,0.7043033659991479,0.8167655786350149,-0.14056107539450613,1.4126021396680988,6.236977491961415,-0.07695494562402896,Electronic Gaming & Multimedia,Communication Services,GRVY
2017Q3,2017,Q3,2017-10-30,2017-09-30,2696000000.0,23723000000.0,3422000000.0,388.0,9388000000.0,0.3957340977110821,74452000000.0,39415000000.0,71964000000.0,29021000000.0,35616000000.0,0.0,-40090000000.0,125258336941.11438,101958336941.11438,5672.1207673156905,2.479721580924158,0.0,0.0,0.06490500762270128,5672.1207673156905,0.06840035519472282,5.280037808924435,11.61520186768494,3.1779357336322307,,0.0,,0.3186348251222264,2.328279521725647,0.03621125020147209,0.0,0.3957340977110821,-0.2421875,2.9353912419239054,0.6930488153011705,-0.6075610338922298,-0.1882403804582793,-0.24163150492264415,-0.2174708438143151,1.8883031301482702,1.485385018334206,-0.3458959806166816,Electronic Gaming & Multimedia,Communication Services,GRVY
2017Q2,2017,Q2,2017-08-09,2017-06-30,3555000000.0,27028000000.0,4373000000.0,512.0,11565000000.0,0.4278895959745449,73397000000.0,36676000000.0,71372000000.0,29741000000.0,37311000000.0,0.0,-42786000000.0,72316864140.12018,55246864140.12018,5277.957662363828,2.399784808849736,0.0,0.0,0.09264112556038367,5277.957662363828,0.09692987239611735,2.6756276505890253,5.085574130810139,1.9717762062416886,,0.0,,0.3682439336757633,2.2951817356511213,0.048435222148044195,0.0,0.4278895959745449,0.6410256410256411,4.157193605683837,0.919057086055098,-0.6397249508840864,0.23254822551422785,0.6382488479262672,0.32595512431776835,2.1728802375453644,1.637392661982826,-0.4214046822742475,Electronic Gaming & Multimedia,Communication Services,GRVY
2017Q1,2017,Q1,2017-03-31,2017-03-31,2170000000.0,23352000000.0,3298000000.0,312.0,9383000000.0,0.40180712572798905,62409000000.0,33076000000.0,60515000000.0,25646000000.0,29911000000.0,0.0,-46341000000.0,80880669544.91075,61184669544.91075,4759.890054541006,2.3596272323169307,0.0,0.0,0.06350526955142786,4759.890054541006,0.0656064820413593,3.463543574208237,9.31804948674087,2.4452977852494486,,0.0,,0.3741768014228717,2.2372299773843873,0.03477062603150187,0.0,0.40180712572798905,3.656716417910448,0.923758865248227,0.4276456562939414,-0.678405444822557,0.21809684538491497,3.617021276595745,0.6965020576131687,1.7308858201414619,1.1688492616327668,-0.5014620323757273,Electronic Gaming & Multimedia,Communication Services,GRVY
2016Q4,2016,Q4,2017-01-25,2016-12-31,470000000.0,17500000000.0,1944000000.0,67.0,7703000000.0,0.44017142857142855,55190000000.0,30656000000.0,53391000000.0,20686000000.0,25096000000.0,0.0,-48511000000.0,44179608202.84225,27459608202.842247,4411.633495949,2.581020980373199,0.0,0.0,0.012237666190528518,4411.633495949,0.01533141962421712,2.524549040162414,23.499791597256518,1.4411406642367641,,0.0,,0.31708642870085163,2.443149956492314,0.008516035513680015,0.0,0.44017142857142855,-0.8490990990990991,-0.9725128944643813,-0.4715937463923063,-0.8700345612678771,-0.1452507767421216,-0.8477486232588274,-0.4517766497461929,1.034717092628158,0.7000194287934719,-0.5578567822888872,Electronic Gaming & Multimedia,Communication Services,GRVY
2016Q3,2016,Q3,2016-09-30,2016-09-30,3087000000.0,15746000000.0,3546000000.0,444.0,9012000000.0,0.5723358313222405,52260000000.0,30597000000.0,50280000000.0,17983000000.0,22218000000.0,0.0,-48980000000.0,19482095081.385246,10190095081.385246,4403.142943487458,2.7959739754212314,0.0,0.0,0.10060126969337428,4403.142943487458,0.10089224433768017,1.2372726458392764,1.5777530840124105,0.6367321986268343,,0.0,,0.30130118637581327,2.649057443140744,0.05907003444316877,0.0,0.5723358313222405,2.9220779220779223,-0.09657594381035993,0.06499830909705788,-0.6764824056843175,3.0759837177747626,2.9233644859813084,3.354581673306773,2.71119733924612,0.22948387600530964,-0.630587013739647,Electronic Gaming & Multimedia,Communication Services,GRVY
2016Q2,2016,Q2,2016-06-30,2016-06-30,-1605000000.0,9057000000.0,-1506000000.0,-231.0,2211000000.0,0.24412056972507454,46886000000.0,27265000000.0,44782000000.0,15155000000.0,20148000000.0,0.0,-52067000000.0,18748375411.5,4803375411.5,3923.6425909136697,2.9549323655559223,0.0,0.0,-0.07392097728019638,3923.6425909136697,-0.058866678892352836,2.070042553991388,-2.920307696495327,0.687635261745828,,0.0,,0.1931706692829416,2.7763774331903663,-0.0342319668984345,0.0,0.24412056972507454,0.05714285714285714,-1.9325973271353865,-0.37897696105320905,-0.7016142270861834,-0.10666666666666667,0.0564373897707231,-1.6844919786096257,0.007421150278293086,-0.29175789802940266,-0.678872609064355,Electronic Gaming & Multimedia,Communication Services,GRVY
2016Q1,2016,Q1,2016-03-31,2016-03-31,-1701000000.0,9094000000.0,-561000000.0,-245.0,2475000000.0,0.2721574664614031,49642000000.0,28864000000.0,47714000000.0,15736000000.0,21288000000.0,0.0,-50462000000.0,12270652524.900002,-5110347475.099998,4153.750953388306,3.032155566853076,0.0,0.0,-0.025975041218943656,4153.750953388306,-0.05893154101995565,1.349313011315153,-1.8034468731481483,0.4251196135289635,,0.0,,0.18319165222996656,2.8835155058464665,-0.03426533983320575,0.0,0.2721574664614031,0.813119755911518,-1.7063953488372092,-0.34149167270094133,-0.6783202754962164,2.623718887262079,0.8133435751124767,0.9400320684126136,-0.04419889502762426,-0.2290606985418787,-0.6712865423817604,Electronic Gaming & Multimedia,Communication Services,GRVY
2015Q4,2015,Q4,2016-01-26,2015-12-31,-9113000000.0,8703000000.0,-9355000000.0,-1311.0,683000000.0,0.07847868551074343,45729000000.0,30483000000.0,43676000000.0,8804000000.0,15737000000.0,0.0,-48761000000.0,12888555661.800001,-12020444338.199999,4386.737469239736,4.960926851431168,0.0,0.0,-0.3200599448798073,4386.737469239736,-0.29895351507397566,1.4809325131334024,-0.3535760907988588,0.42281126076173603,,0.0,,0.19031686675851212,4.736256247160382,-0.1992827308710009,0.0,0.07847868551074343,-2.7033898305084745,-39.28991596638655,-0.46439780909594436,-0.6512880937128215,-0.5403768506056528,-2.7044715447154473,-2.531521328803322,0.15877411612665007,-0.3470138055222088,-0.6596701983945338,Electronic Gaming & Multimedia,Communication Services,GRVY
2015Q3,2015,Q3,2015-09-30,2015-09-30,-2460000000.0,8671000000.0,-2649000000.0,-354.0,1486000000.0,0.17137585053627033,54431000000.0,40216000000.0,45227000000.0,8070000000.0,14705000000.0,0.0,-39647000000.0,14800624175.72025,936624175.7202492,5787.390810056268,5.604337050805452,0.0,0.0,-0.0762342151265846,5787.390810056268,-0.06116968370797692,1.7069108725314552,-1.5041284731423017,0.36802825183310744,,0.0,,0.15930260329591592,5.3728624535315985,-0.04519483382631221,0.0,0.17137585053627033,0.11055276381909548,-1.929705215419501,-0.365598478197249,-0.5383149459859713,-0.1817180616740088,0.10966340933767643,0.00600375234521576,-0.7659727207465902,-0.3811732800456751,-0.5995858058863356,Electronic Gaming & Multimedia,Communication Services,GRVY
2015Q2,2015,Q2,2015-06-30,2015-06-30,-2763000000.0,9217000000.0,-2665000000.0,-398.0,1816000000.0,0.19702723228816318,56864000000.0,42819000000.0,46523000000.0,8568000000.0,14508000000.0,0.0,-37188000000.0,14242991819.175,-1181008180.8250008,6161.9824720459355,5.4298552754435105,0.0,0.0,-0.07121398987306315,6161.9824720459355,-0.06452742941217683,1.5452958467153086,-1.2887252822271986,0.3326325187224129,,0.0,,0.16208849184018007,5.205532212885154,-0.048589617332583004,0.0,0.19702723228816318,-0.05291005291005291,-6.941935483870967,-0.18620872329154164,-0.4935599474860731,0.3036611629576454,-0.05136986301369863,-0.041422430636967565,-1.4538188277087036,-0.34556944049985805,-0.5793811394891946,Electronic Gaming & Multimedia,Communication Services,GRVY
2015Q1,2015,Q1,2015-03-31,2015-03-31,-2628000000.0,9069000000.0,-2559000000.0,-378.0,1393000000.0,0.1536001764251847,60577000000.0,45630000000.0,49337000000.0,8512000000.0,15389000000.0,0.0,-34424000000.0,14188045129.65,-14005954870.35,6566.506929154255,5.7961701127819545,0.0,0.0,-0.06291608911893086,6566.506929154255,-0.05759368836291913,1.564455301538207,-1.349699879152397,0.3109367768934911,,0.0,,0.1497102860821764,5.544877819548872,-0.0433828020535847,0.0,0.1536001764251847,0.7786885245901639,-7.897637795275591,-0.18436909794046225,-0.4555087526699521,0.07236335642802155,0.778620166793025,0.2338323353293413,-3.3297872340425534,-0.4455584764932444,-0.5563441905687895,Electronic Gaming & Multimedia,Communication Services,GRVY
2014Q4,2014,Q4,2015-04-02,2014-12-31,-11871000000.0,9330000000.0,-3340000000.0,-1708.0,1299000000.0,0.1392282958199357,63096000000.0,48275000000.0,50692000000.0,9651000000.0,15248000000.0,0.0,-31796000000.0,18386872786.800003,-9995127213.199997,6947.142713235188,5.252512692985183,0.0,0.0,-0.27642567825083436,6947.142713235188,-0.24590367685137235,1.9707259149839231,-0.38722249150871874,0.380877737686173,,0.0,,0.14786991251426398,4.977826132007046,-0.18814187904146062,0.0,0.1392282958199357,-2.908466819221968,-39.93448275862069,-0.2812018489984591,-0.42113530624970025,-0.25215889464594127,-2.9113673805601317,-0.14895080839353286,-1.6942541059858107,-0.7182839802194411,-0.7953391977168178,Electronic Gaming & Multimedia,Communication Services,GRVY
2014Q3,2014,Q3,2014-11-18,2014-09-30,-3035000000.0,9545000000.0,-2907000000.0,-437.0,1737000000.0,0.1819800942902043,75631000000.0,60258000000.0,50442000000.0,9868000000.0,15658000000.0,0.0,-8505000000.0,24697510317.950397,-545489682.0496025,8671.588308940984,5.111674098094852,0.0,0.0,-0.05493089357020418,8671.588308940984,-0.050366756281323644,2.5874814371870505,-2.0343912947240854,0.40986276208885786,,0.0,,0.1262048630852428,4.695581678151601,-0.040129047612751385,0.0,0.1819800942902043,-0.0022935779816513763,-190.68750000000003,-0.30823307725757354,-0.2799340375699058,0.27159590043923865,-0.0013196964698119432,-0.07547169811320754,-1.888206028680129,-0.3544132566790666,-0.3628616139401117,Electronic Gaming & Multimedia,Communication Services,GRVY
2014Q2,2014,Q2,2014-06-30,2014-06-30,-3031000000.0,10248000000.0,-2703000000.0,-436.0,1366000000.0,0.13329430132708822,79143000000.0,63388000000.0,52639000000.0,9865000000.0,16028000000.0,0.0,-5469000000.0,22449505478.4,-1965494521.5999985,9122.019312409158,5.335935124176381,0.0,0.0,-0.048386428808975514,9122.019312409158,-0.04781662144254433,2.190623095081967,-1.8516583205542727,0.35416017981952425,,0.0,,0.12948713088965544,4.935631018753168,-0.03829776480547869,0.0,0.13329430132708822,-0.02107728337236534,-2.563983488132095,-0.2689399343700956,-0.24455355865948417,0.05076923076923077,-0.020882452004041766,0.06080611535788742,-2.7611853573503775,-0.29731212287438286,-0.3062872777017784,Electronic Gaming & Multimedia,Communication Services,GRVY
2014Q1,2014,Q1,2014-04-04,2014-03-31,-2969000000.0,10767000000.0,-2878000000.0,-427.0,1300000000.0,0.12073929599702796,83855000000.0,66346000000.0,56063000000.0,10882000000.0,17789000000.0,0.0,-2438000000.0,29366051400.0,-3409948600.0,9547.69819683691,5.151902223855909,0.0,0.0,-0.05048422344156174,9547.69819683691,-0.04475024869622886,2.7274125940373364,-2.4727224149545304,0.44261977210381936,,0.0,,0.12840021465625187,4.7849659988972615,-0.03540635621012462,0.0,0.12073929599702796,0.7808008213552361,0.3421227564812763,-0.14063372974698699,-0.19286122702222658,9.609271523178808,0.780691387206382,0.7396653098145636,-2.23297342192691,-0.22034757422157852,-0.26059579400193916,Electronic Gaming & Multimedia,Communication Services,GRVY
2013Q4,2013,Q4,2013-12-31,2013-12-31,-13538000000.0,10294000000.0,-11055000000.0,-1948.0,-151000000.0,-0.014668739071303671,87765000000.0,69335000000.0,58651000000.0,11400000000.0,18765000000.0,0.0,-10889000000.0,26914294639.26,-4307705360.740002,9977.83821899869,5.144824561403508,0.0,0.0,-0.20324146454631423,9977.83821899869,-0.19525492175668854,2.6145613599436563,-0.49701386170889345,0.3881776107198385,0.0,0.0,0.0,0.11729049165384835,4.785526315789474,-0.15425283427334358,-5.595487450989604,-0.014668739071303671,-6.492307692307692,-6.87680243401852,-0.38996577748666034,-0.0933164206038891,-1.0409325020330713,-6.504434589800444,-7.394077448747153,-57.88235294117647,-0.3664840913286972,-0.2068385650224216,Electronic Gaming & Multimedia,Communication Services,GRVY
2013Q3,2013,Q3,2013-10-11,2013-09-30,-1804000000.0,12807000000.0,-1317000000.0,-260.0,3689000000.0,0.2880456000624658,100729000000.0,82826000000.0,63072000000.0,8621000000.0,17657000000.0,0.0,2649000000.0,33563321252.747997,11354321252.747997,11919.296579314712,7.3160886208096505,0.0,0.0,-0.02123821486033884,11919.296579314712,-0.021780600294593486,2.6207012768601543,-4.651236315513858,0.40522687625562015,,0.0,,0.12714312660703472,6.542164482078645,-0.017909440181079928,0.0,0.2880456000624658,-0.11587982832618025,-3.029194025832942,0.04828228465425892,0.12385023346942103,-0.15175902506323294,-0.11564625850340136,0.16698292220113853,-1.6817838246409673,-0.06299385425812112,-0.04914645206470197,Electronic Gaming & Multimedia,Communication Services,GRVY
2013Q2,2013,Q2,2013-07-18,2013-06-30,-1617000000.0,12788000000.0,-1581000000.0,-233.0,4349000000.0,0.3400844541757898,102397000000.0,84904000000.0,63584000000.0,8787000000.0,17510000000.0,0.0,4453000000.0,35895015475.2,12082015475.199997,12218.33671516355,7.236144304085581,0.0,0.0,-0.03176528785451805,12218.33671516355,-0.019045039102986903,2.806929580481701,-5.549631335064935,0.42277178313389235,,0.0,,0.12488647128333838,6.465801752589052,-0.015791478265964824,0.0,0.3400844541757898,0.004273504273504274,-1.7724147186738624,0.1524525796514304,0.295861020453698,-0.011366219595362582,0.007366482504604052,-0.018685567010309278,-4.47741935483871,0.1290835246335865,0.004198748654626309,Electronic Gaming & Multimedia,Communication Services,GRVY
2013Q1,2013,Q1,2013-04-04,2013-03-31,-1629000000.0,11796000000.0,-1552000000.0,-234.0,4399000000.0,0.37292302475415395,106199000000.0,87809000000.0,64940000000.0,9090000000.0,18284000000.0,0.0,6070000000.0,39180399804.0,15141399804.0,12636.3884931428,7.144114411441144,0.0,0.0,-0.03132466854134591,12636.3884931428,-0.01855162910407817,3.3214987965412006,-6.012952701657458,0.44620027336605583,,0.0,,0.11107449222685713,6.392189218921892,-0.01533912748707615,0.0,0.37292302475415395,0.849903784477229,-0.2569060350156388,-0.004598546344004953,0.23493824397592847,0.0994751312171957,0.8496261423428413,0.9006211180124224,-5.275590551181103,0.060886770393020956,0.047802584633008405,Electronic Gaming & Multimedia,Communication Services,GRVY
2012Q4,2012,Q4,2013-02-13,2012-12-31,-10833000000.0,13328000000.0,-15617000000.0,-1559.0,4001000000.0,0.3001950780312125,110555000000.0,89569000000.0,67929000000.0,10375000000.0,20477000000.0,0.0,7699000000.0,39304534953.6,2849534953.5999985,12889.665990300624,6.547373493975903,0.0,0.0,-0.18479330533152283,12889.665990300624,-0.12094586296598153,2.9490197294117646,-0.9070556391027417,0.43881850811776396,0.0,0.0,0.0,0.12055537967527476,5.886361445783132,-0.09798742707249786,-7.796971821781392,0.3001950780312125,-6.795,-0.6297514039912484,0.14177763211127734,0.18605018718478258,-0.19188042819632398,-6.776740847092606,-5.2468,-36.3551724137931,0.026810477657935275,0.0740203367067965,Electronic Gaming & Multimedia,Communication Services,GRVY
2012Q3,2012,Q3,2012-11-21,2012-09-30,-1393000000.0,14012000000.0,-2500000000.0,-200.0,4951000000.0,0.35333999429060803,127604000000.0,100436000000.0,69996000000.0,10020000000.0,20464000000.0,0.0,18532000000.0,40817838600.0,2893838600.0,14453.510627581343,6.98562874251497,0.0,0.0,-0.02796571886812541,14453.510627581343,-0.013869528854195706,2.913062988866686,-7.325527386934674,0.40640645386116536,,0.0,,0.10980846995391993,6.194311377245509,-0.010916585686969061,0.0,0.35333999429060803,-0.2345679012345679,0.8865823989630361,0.5359469114876658,0.2622488006675014,0.12702025950375598,-0.23712255772646537,-0.44675925925925924,-88.0625,0.015509494129583964,0.20018163567707087,Electronic Gaming & Multimedia,Communication Services,GRVY
2012Q2,2012,Q2,2012-08-29,2012-06-30,-1126000000.0,14084000000.0,-1728000000.0,-162.0,4393000000.0,0.31191422891224085,130605000000.0,101800000000.0,68872000000.0,10711000000.0,20763000000.0,0.0,19925000000.0,56284004162.5848,18996004162.5848,14649.800687878656,6.43002520773037,0.0,0.0,-0.025575068612306722,14649.800687878656,-0.01106090373280943,3.996308162637376,-12.496448526328775,0.5528880566069234,,0.0,,0.10783660656177023,5.725235738959948,-0.008621415719153171,0.0,0.31191422891224085,-2.0,0.6574361524478082,0.5551522249142894,0.12624075107323315,-0.5390346274921302,-1.99822695035461,-2.2790525536639525,-1.5810113519091848,0.004708232272792184,0.21323354149783094,Electronic Gaming & Multimedia,Communication Services,GRVY
2012Q1,2012,Q1,2012-04-27,2012-03-31,1128000000.0,16357000000.0,1351000000.0,162.0,9530000000.0,0.5826251757657273,134210000000.0,102850000000.0,70441000000.0,12733000000.0,22908000000.0,0.0,21051000000.0,86986330200.0,48109330200.0,14800.903740160313,5.532160527762507,0.0,0.0,0.019624130164702124,14800.903740160313,0.010967428293631502,5.317988029589778,19.278885239361703,0.8457591657754011,,0.0,,0.12187616422025184,4.9263331500824625,0.008404738842113107,0.0,0.5826251757657273,-0.9341641832373826,2.1927931757991694,0.6013926464930414,0.08773247421607881,0.17625277709207604,-0.8471958818748306,1.305725277212039,1.2499446044759583,0.30553116769095695,0.2512317668098152,Electronic Gaming & Multimedia,Communication Services,GRVY
2011Q4,2011,Q4,2012-03-05,2011-12-31,7382000000.0,14298000000.0,-4419000000.0,2460.66667,8102000000.0,0.5666526786963212,132878000000.0,101834000000.0,71833000000.0,12062000000.0,22219000000.0,0.0,19923000000.0,20103960417.6,-22326039582.4,33944.666666666664,5.955314209915437,0.0,0.0,0.015947580161867564,33944.666666666664,0.07249052379362492,1.4060680107427612,0.6808439588729343,0.1974189408016969,0.0,0.0,0.0,0.10760246240912717,5.2948101475708835,0.05555471936663706,-3.9173734250974275,0.5666526786963212,4.001355020325203,3.1131763453148213,3.110766644421848,1.5204778896207947,-0.030281268701376422,1.1603745976002342,-2.4828859060402686,10.94865317343655,0.9626376929133632,2.084543084306469,Electronic Gaming & Multimedia,Communication Services,GRVY
2011Q3,2011,Q3,2011-11-09,2011-09-30,3417000000.0,14785000000.0,2980000000.0,492.0,8355000000.0,0.5650997632735881,125670000000.0,94576000000.0,75126000000.0,9665000000.0,20629000000.0,0.0,12541000000.0,41875739136.0,3180739136.0,13610.211688180863,7.772995344024832,0.0,0.0,0.03534275973039984,13610.211688180863,0.036129673490103195,2.8323124204261076,3.063779568042142,0.442773421756048,,0.0,,0.11764939922017983,7.036316606311433,0.027190260205299594,0.0,0.5650997632735881,0.9919028340080972,1.3704634424866027,0.4583343026719188,0.0,0.0005988023952095808,0.9854735618826264,0.5266393442622951,2.843545446935234,0.2101861152973544,0.283283747622775,Electronic Gaming & Multimedia,Communication Services,GRVY
2011Q2,2011,Q2,2011-07-07,2011-06-30,1721000000.0,14584000000.0,1952000000.0,247.0,8350000000.0,0.5725452550740537,126358000000.0,91375000000.0,75851000000.0,12312000000.0,24423000000.0,0.0,9124000000.0,46101560662.42272,7147560662.422722,13149.563240225072,6.160737491877843,0.0,0.0,0.029149441327959314,13149.563240225072,0.018834473324213407,3.161105366320812,6.696914680770297,0.5045314436380052,,0.0,,0.11541809778565662,5.5622157244964265,0.01362003197264914,0.0,0.5725452550740537,-0.2881844380403458,4.948176455348275,0.4527435380495852,-0.26164591196188425,-0.009137296784146197,-0.28529900332225916,-0.2628398791540785,3.95072710626946,0.3143078215230262,0.39462570366480576,Electronic Gaming & Multimedia,Communication Services,GRVY
2011Q1,2011,Q1,2011-04-06,2011-03-31,2408000000.0,13810000000.0,2648000000.0,347.0,8427000000.0,0.6102099927588703,123983000000.0,89729000000.0,74010000000.0,10891000000.0,23478000000.0,0.0,7403000000.0,57882447966.55105,20153447966.55105,12912.69121731497,6.795519236066477,0.0,0.0,0.02162704311165572,12912.69121731497,0.026836362825842258,4.191343082299134,6.009390361975815,0.64508072046441,,0.0,,0.1113862384359146,6.194197043430355,0.01942201753466201,0.0,0.6102099927588703,39.8235294117647,6.393080587370847,0.3429836288311365,-0.2547301450190203,-0.12953207313294082,9.117647058823529,1.8412017167381973,2.857967914252706,0.16535215962947528,0.26194095928340005,Electronic Gaming & Multimedia,Communication Services,GRVY
2010Q4,2010,Q4,2010-12-31,2010-12-31,238000000.0,16249000000.0,932000000.0,8.5,9681000000.0,0.5957905101852422,125490000000.0,87416000000.0,76343000000.0,14065000000.0,27078000000.0,0.0,4995000000.0,53571598358.86857,9449598358.868568,12579.832779288809,5.427870600782083,0.0,0.0,0.0695848510985328,12579.832779288809,0.0027226137091607944,3.2969166323385175,56.2726873517527,0.6128351601408045,0.0,0.0,0.0,0.1294844210694079,4.967223604692499,0.0018965654633835366,29.00465531070307,0.5957905101852422,-0.9776902887139107,-0.984231101123368,0.02593884754047125,-0.2799183083526436,0.05618590442941305,-0.91005291005291,-0.7317213586643638,1.0358054863980353,0.3920126608775621,0.15754070228477432,Electronic Gaming & Multimedia,Communication Services,GRVY
2010Q3,2010,Q3,2010-10-19,2010-09-30,2646000000.0,13668000000.0,3474000000.0,381.0,9166000000.0,0.670617500731636,106270000000.0,87107000000.0,85786000000.0,8499000000.0,18899000000.0,0.0,4757000000.0,47051002733.868,3784002733.867996,12535.36530961735,10.093658077420873,0.0,0.0,0.028057480428423695,12535.36530961735,0.03037643358168689,3.4424204517023704,4.445484007357143,0.5401517987517421,,0.0,,0.12861578996894701,9.278385692434403,0.024898842570810202,0.0,0.670617500731636,4.686567164179104,1.4376218618774075,0.08397646681057935,0.0,0.4357769423558897,4.690322580645161,11.772058823529411,1.215436448200866,0.4982388228813458,0.09473402245951695,Electronic Gaming & Multimedia,Communication Services,GRVY
2010Q2,2010,Q2,2010-08-19,2010-06-30,465000000.0,11326000000.0,272000000.0,67.0,6384000000.0,0.5636588380716935,103854000000.0,84549000000.0,83956000000.0,8820000000.0,19063000000.0,0.0,2111000000.0,48863330611.2,7829330611.199997,12167.249492725467,9.518820861678005,0.0,0.0,0.0013667895970575464,12167.249492725467,0.0054997693645105206,4.3142619292954265,26.270607855483867,0.5779291370826384,,0.0,,0.1090569453270938,8.736621315192744,0.004477439482350223,0.0,0.5636588380716935,0.21818181818181817,-0.7610104685502189,-0.1601491499716179,-0.3358079056724955,0.020134228187919462,0.2204724409448819,-0.7844690966719493,1.1414673082697773,0.2506144631766004,-0.06461169683211407,Electronic Gaming & Multimedia,Communication Services,GRVY
2010Q1,2010,Q1,2010-04-08,2010-03-31,381000000.0,11119000000.0,1262000000.0,55.0,6258000000.0,0.5628203975177624,101403000000.0,83803000000.0,82307000000.0,7098000000.0,17361000000.0,0.0,1646000000.0,56941843795.200005,21884843795.200005,12059.894371771072,11.595801634263173,0.0,0.0,0.00562725305574607,12059.894371771072,0.004546376621362004,5.121129939311089,37.36341456377953,0.6794726178680954,,0.0,,0.10965158821731112,10.775147928994082,0.003757285287417532,0.0,0.5628203975177624,6.3103462925093226,-0.9466577179478594,-0.3610575484764546,0.6246470433606683,-0.225015479876161,2.3137931034482757,0.33828207847295866,1.4028849290598258,0.08857888588103734,-0.11370690776149678,Electronic Gaming & Multimedia,Communication Services,GRVY
2009Q4,2009,Q4,2010-03-05,2009-12-31,-290000000.0,12980000000.0,943000000.0,-10.35714,8075000000.0,0.6221109399075501,102438000000.0,83396000000.0,82899000000.0,8248000000.0,18828000000.0,0.0,1265000000.0,52152688623.43612,819688623.4361191,12001.323950553326,10.05080019398642,0.0,0.0,0.003035396469307552,12001.323950553326,-0.0034773850064751307,4.017926704424971,-44.95921433054838,0.6253619912638031,0.0,0.0,0.0,0.12671079091743298,9.482662463627547,-0.0028309806907592886,4.176224265169452,0.6221109399075501,-6.17857,-1.001762675975476,-0.9584428699115392,-0.9081997583979444,-0.038919304927398236,-19.125,-0.22001654259718775,0.9641602566946338,0.6111182474518148,-0.10887115314493744,Electronic Gaming & Multimedia,Communication Services,GRVY
2009Q3,2009,Q3,2009-11-19,2009-09-30,16000000.0,13798000000.0,1209000000.0,2.0,8402000000.0,0.6089288302652558,105933000000.0,83684000000.0,84775000000.0,10569000000.0,22051000000.0,0.0,1555000000.0,62845629235.19999,-1515370764.8000107,12042.76935917915,8.02109944176365,0.0,0.0,0.0027190886870497918,12042.76935917915,0.00019119544954830075,4.554691204174517,981.9629567999999,0.7509873958606185,,0.0,,0.1302521405039034,7.581701201627401,0.00015103886418774132,0.0,0.6089288302652558,-0.992831541218638,-0.9998562648360174,-0.9557308528430327,-0.8894454644970474,-0.020403404453771715,-0.9917440660474717,-0.6207653701380176,1.0017346839566243,0.3609805010664278,0.0,Electronic Gaming & Multimedia,Communication Services,GRVY
2009Q2,2009,Q2,2009-07-08,2009-06-30,1938000000.0,14018000000.0,3188000000.0,279.0,8577000000.0,0.611856184905122,102892000000.0,83908000000.0,80914000000.0,7620000000.0,18809000000.0,0.0,1539000000.0,38909947882.19616,-22024052117.80384,12075.004676999237,10.618635170603675,0.0,0.0,0.025397848322548412,12075.004676999237,0.02309672498450684,2.77571321744872,5.019343122058329,0.4637215507722287,,0.0,,0.1362399409089142,10.008136482939632,0.018835283598336118,0.0,0.611856184905122,1.4295907603397542,-0.773216696561752,-0.274108292104565,0.0,0.706865671641791,1.4294261023709285,2.8908659549228943,5.4459999828384404,0.39636306338309696,-0.3219828747567473,Electronic Gaming & Multimedia,Communication Services,GRVY
2009Q1,2009,Q1,2009-04-01,2009-03-31,-4513000000.0,12529000000.0,-1686000000.0,-649.455309,5025000000.0,0.40106951871657753,101208000000.0,82199000000.0,78346000000.0,7660000000.0,18853000000.0,0.0,-399000000.0,24538349949.24539,-33227650050.75461,11829.066470952237,10.227937336814621,0.0,0.0,-0.08315151307219774,11829.066470952237,-0.05490334432292364,1.9585242197498118,-1.3593147545560267,0.29852370405047984,,0.0,,0.12379456169472769,9.535378590078329,-0.044591336653228994,0.0,0.40106951871657753,-9.580416046985418,-1.5281078681201308,-0.3512129256511695,0.0,-0.49129875227361464,-1.6257947543747657,-1.9175097592927361,-9.107546798506908,0.21840998447685084,-0.31727271217129854,Electronic Gaming & Multimedia,Communication Services,GRVY
2008Q4,2008,Q4,2009-03-16,2008-12-31,-1718717730.12,16874463136.82,1837582633.78,-61.38277607571428,9878096471.08,0.5853873033463234,95935000000.0,76471000000.0,72550000000.0,8397000000.0,19327000000.0,0.0,-5652000000.0,17263846479.0078,-35904153520.9922,11004.763343838593,8.6399904727879,0.0,0.0,0.018280541970834906,11004.763343838593,-0.022475418526238702,1.0230753025462582,-2.5111520897911563,0.22575677680438075,0.0,0.0,0.0,0.1758947530809402,7.9773728712635465,-0.01791543993453901,15.838391265144772,0.5853873033463234,-1.480059633533781,-1.201855263485215,-0.2688619461667223,1.7483385606459148,0.7063850715380732,-2.933265936836285,7.017663159933553,-1.11387515161234,0.06542970419430585,-0.37007679324191234,Electronic Gaming & Multimedia,Communication Services,GRVY
2008Q3,2008,Q3,2008-10-14,2008-09-30,889022920.94,12217129095.36,229191797.8,127.864898,5788902303.380001,0.47383491311216436,91809409108.2,73698431991.52,63683956700.28,7566948145.26,17986731036.82,0.0,-3805790116.1,36502072863.76299,-13758482121.157005,10605.769545038784,8.416068866571019,0.0,0.0,0.0016751834391358603,10605.769545038784,0.01206298284666754,2.9877782725260946,10.264660225286393,0.4952896808980013,0.0,0.0,0.0,0.13307055577453686,7.739040331579786,0.009683353041650244,0.0,0.47383491311216436,2.526387210907475,-0.814643422491345,-0.15093106422086935,0.0,0.28090864078930955,2.5242673044233057,1.3611850934954357,1.1470354746460523,-0.03108864271604751,0.0,Electronic Gaming & Multimedia,Communication Services,GRVY
2008Q2,2008,Q2,2008-07-07,2008-06-30,-583246073.94,11096335090.74,-634554974.52,-83.769634,4519371732.719999,0.4072850806832122,82991623127.94,65519371799.82,58729842996.54,7738219903.8,17378010490.32,0.0,-4306806287.46,39250166760.0,-6101665750.620003,9428.740059551872,7.589580514208389,0.0,0.0,0.025896842056988476,9428.740059551872,-0.008901887455850155,3.5372189501337834,-16.824016703127334,0.5990620129863308,,0.0,,0.13370427848644284,7.011096075778078,-0.007027770417754899,0.0,0.4072850806832122,0.5509165045060019,-1.1121357143475323,-0.28886764515810864,0.0,-0.04904886466859545,0.5499782012066522,0.6021722382364308,-1.29976280845343,-0.1771793697547455,-0.48529907184301546,Electronic Gaming & Multimedia,Communication Services,GRVY
2008Q1,2008,Q1,2008-04-01,2008-03-31,-1296039604.09,11850495050.69,-1595049505.11,-186.534653,4752475248.000001,0.4010360096917036,89918811890.18001,71103960403.15,63031683174.62,8077227723.58,18729702972.17,0.0,-4018811881.59,37923900814.34955,-10124614041.940453,10232.405186885693,7.803628340279481,0.0,0.0,-0.09082688968470051,10232.405186885693,-0.018227389821068023,3.2001954899041465,-7.315343739240401,0.5333584880409766,,0.0,,0.131791054636746,7.165113998529051,-0.01441344226915369,0.0,0.4010360096917036,0.1625829270482604,-1.261952304123332,-0.10180277080247482,0.0,0.018778045762687344,0.8050196285060519,0.726610627313206,-1.181453307380875,-0.31902290138901795,0.37845708435511466,Electronic Gaming & Multimedia,Communication Services,GRVY
2007Q4,2007,Q4,2008-04-01,2007-12-31,-6647026027.08,11673026012.39,-5834350799.5,-222.75,4664877956.259999,0.39962884956382333,96982209943.43,75518726751.86,72707865322.68,10117977549.54,21395131131.5,0.0,-2880149818.84,80078555273.09526,26460577631.33526,10867.723920600383,7.186007773459188,0.0,0.0,-0.09228772418012708,10867.723920600383,-0.08801824809521548,6.860136796414072,-3.0118189302574954,1.0603801032850828,0.0,0.0,0.0,0.12036254916441799,6.63779381824912,-0.06853861167895875,-3.9564503593426514,0.39962884956382333,0.8739625389064699,0.0,3.446145977962712,0.0,-0.006473317201368387,0.4588013309248569,0.551734663624169,-1.0404019071941306,-0.9626273142894547,-0.9168708647740855,Electronic Gaming & Multimedia,Communication Services,GRVY
2007Q3,2007,Q3,2007-11-21,2007-09-30,-12282044297.04,9122711140.08,-13015395851.64,-1767.331697,4695271940.88,0.5146794487717196,97563997629.12001,79569099171.96,73179375191.88,6444383723.28,17936594731.08,0.0,3279584592.0,105736755537.0,49444508006.76,11450.603573509477,11.3555272830082,0.0,0.0,-0.17112950175579364,11450.603573509477,-0.15435696048910616,11.59049693818024,-2.152262949468493,1.3288670682131012,,0.0,,0.093504892806454,10.644896805202148,-0.12588705460521402,0.0,0.5146794487717196,-2.7637367902193137,0.0,1.7657895585761725,0.0,-0.04822548626120253,-2.7365757994675644,-3.7412004687305984,-1.1103351031923,-0.9707309289802357,-0.8948816404647912,Electronic Gaming & Multimedia,Communication Services,GRVY
2007Q2,2007,Q2,2007-07-16,2007-06-30,-3286978494.8,9056348166.03,-2745168852.8,-469.568356,4933176790.410001,0.5447203110978164,110853349737.12999,90389199558.79,80429835322.76,11471013137.21,20418999374.84,0.0,15337727948.95,161376472406.5754,138550935205.18542,13007.698996789419,7.011572069589861,0.0,0.0,-0.038343501501897824,13007.698996789419,-0.0363647262155709,17.81915507752806,-12.27392213410226,1.7853512719914577,0.0,0.0,0.0,0.08169665767886673,6.705030307801307,-0.029651593773165313,0.0,0.5447203110978164,-2.53953012902811,0.0,1.7456698794714431,0.0,-0.22464750219376145,-2.4757850333298452,-1.6584291435094913,-1.3846397530346874,-0.5310366644646021,0.0,Electronic Gaming & Multimedia,Communication Services,GRVY
2007Q1,2007,Q1,2007-04-03,2007-03-31,-945679454.65,10214234488.85,-1032628181.76,-132.664037,6362495515.74,0.6229047827994734,113922552843.95999,94554499785.55,82606669026.28,9844030114.66,19333990670.47,0.0,18798852628.36,161712752442.17184,151342548071.70184,13607.11764243981,8.391549808778,0.0,0.0,-0.2856002792297052,13607.11764243981,-0.010001422003128407,15.832097120807214,-42.75041390796167,1.710259721207738,,0.0,,0.08965945928933372,7.958204334365325,-0.008301073238284077,0.0,0.6229047827994734,0.88607050715657,0.0,1.9186525036125706,0.0,0.0,0.8831279003316734,0.9757885933946738,-1.110662699029519,-0.47107803410216986,0.0,Electronic Gaming & Multimedia,Communication Services,GRVY
