Quarters,Year,Quarter,FillingDate,Date,NetIncome,Revenue,OperatingIncome,EPSDiluted,GrossProfit,GrossProfitRatio,TotalAssets,CommonStockEquity,CurrentAssets,CurrentLiability,TotalLiability,Inventory,RetainedEarnings,MarketCap,EnterpriseValue,bookValuePerShare,currentRatio,debtToAssets,debtToEquity,roic,shareholdersEquityPerShare,roe,priceToSalesRatio,peRatio,pbRatio,payoutRatio,inventoryTurnover,dividendYield,assetTurnover,quickRatio,returnOnAssets,priceToFreeCashFlowsRatio,grossProfitMargin,epsdilutedGrowth,fiveYNetIncomeGrowthPerShare,fiveYRevenueGrowthPerShare,fiveYShareholdersEquityGrowthPerShare,grossProfitGrowth,netIncomeGrowth,operatingIncomeGrowth,threeYNetIncomeGrowthPerShare,threeYRevenueGrowthPerShare,threeYShareholdersEquityGrowthPerShare,Industry,Sector,Symbol
2023Q1,2023,Q1,2023-05-25,2023-03-31,1814508.0,0.0,-743580.0,0.55,0.0,0.0,38566744.0,15273085.0,1681915.0,10279659.0,23293659.0,-4410.0,-21202198.0,1365039.25,-125299.75,0.559437576611808,0.16361583589494555,0.0,0.0,-0.03531855205425088,0.559437576611808,0.1188042887209755,0.0,0.18807291701111267,0.08937547653273717,0.0,0.0,0.0,0.0,0.14540842259456271,0.047048514129167864,-1.0601085628680664,0.0,0.3095238095238097,0.0,0.0,0.0,0.0,-0.5408698662164706,0.9186355261553989,0.0,0.0,0.0,,,ACAHW
2022Q4,2022,Q4,2023-04-21,2022-12-31,3952056.0,0.0,-9138878.0,0.42,0.0,0.0,350656275.0,330798236.0,1353445.0,6904706.0,19858039.0,0.0,-17290719.0,1725000.0,472590.0,9.588354666666667,0.1960177594817216,0.0,0.0,-0.028978014892584114,9.588354666666667,0.01194702864134983,0.0,0.10912041732202175,0.005214659004408959,0.0,0.0,0.0,0.0,0.1813849858342991,0.011270455662029718,-2.328742897334163,0.0,4.999999999999999,0.0,0.0,0.0,0.0,0.36087880120397503,-7.8586148850215425,0.0,0.0,0.0,,,ACAHW
2022Q3,2022,Q3,2022-11-10,2022-09-30,2904047.0,0.0,1332467.0,0.07,0.0,0.0,348298753.0,326846180.0,1890213.0,8671393.0,21452573.0,0.0,-18592614.0,1376550.0,-243846.0,9.47380231884058,0.21798262401438845,0.0,0.0,0.0030661355812880912,9.47380231884058,0.008885057185003662,0.0,0.1185027308442322,0.0042116141605204015,0.0,0.0,0.0,0.0,0.1868668621062383,0.008337804758089387,0.8578810950814318,0.0,-0.8679245283018868,0.0,0.0,0.0,0.0,-0.36709367537617976,18.84307082501975,0.0,0.0,0.0,,,ACAHW
2022Q2,2022,Q2,2022-08-11,2022-06-30,4588431.0,0.0,-74677.0,0.53,0.0,0.0,345659624.0,323942133.0,551517.0,8553358.0,21717491.0,0.0,-21058730.0,2156215.5,2437421.5,9.38962704347826,0.06447958801677657,0.001157207762281197,0.0012347884367360142,-0.00046856133327910737,9.38962704347826,0.014164353853902667,0.0,0.11748108994120211,0.006656174916277409,0.0,0.0,0.0,0.0,0.013888580368084675,0.01327441992472919,-6.9838070252149835,0.0,0.0,0.0,0.0,0.0,0.0,-0.7777881038596779,0.974086547053302,0.0,0.0,0.0,,,ACAHW
2022Q1,2022,Q1,2022-06-01,2022-03-31,20648899.0,0.0,-2881785.0,0.0,0.0,0.0,345459423.0,321687472.0,626253.0,8553417.0,23771951.0,0.0,-23313391.0,0.0,34961.0,0.0,0.07321670392078394,0.00018091849820521468,0.0001942879516302705,-0.020818674039271397,0.0,0.06418931664208546,0.0,0.0,0.0,0.0,0.0,,0.0,0.0032196489426389477,0.05977228474673855,0.0,0.0,0.0,0.0,0.0,0.0,0.0,2.3840679718844275,0.28986736137704056,0.0,0.0,0.0,,,ACAHW
2021Q4,2021,Q4,2022-04-21,2021-12-31,-14918992.0,0.0,-4058094.0,0.0,0.0,0.0,345416461.0,312300199.0,392762.0,5941857.0,33116262.0,0.0,-32700664.0,0.0,-189608.0,0.0,0.06610088394924347,0.0,0.0,-0.020431007944631232,0.0,-0.04777131762250334,0.0,0.0,0.0,0.0,0.0,,0.0,0.03191056264060209,-0.04319131739352746,0.0,0.0,0.0,0.0,0.0,0.0,0.0,-4.530553300166293,-1.4798518234249516,0.0,0.0,0.0,,,ACAHW
2021Q3,2021,Q3,2021-11-15,2021-09-30,4225681.0,0.0,-1636426.0,0.0,0.0,0.0,345764316.0,321788742.0,747906.0,2238907.0,23975574.0,0.0,-23212121.0,0.0,-212592.0,0.0,0.3340496054548045,0.0,0.0,-0.005085404759126098,0.0,0.013131848472188005,0.0,0.0,0.0,0.0,0.0,,0.0,0.09495347506618185,0.01222127560439175,0.0,0.0,0.0,0.0,0.0,0.0,0.0,2.1124487303016424,-0.3925880161382422,0.0,0.0,0.0,,,ACAHW
2021Q2,2021,Q2,2021-08-16,2021-06-30,-3798540.0,0.0,-1175097.0,0.0,0.0,0.0,346158968.0,317563061.0,1146998.0,1001573.0,28595907.0,0.0,-4454895.0,0.0,-282415.0,0.0,1.1451966057391723,0.0,0.0,-0.0037003579581946404,0.0,-0.011961529744796105,0.0,0.0,0.0,0.0,0.0,,0.0,0.2819714588951579,-0.010973397632731561,0.0,0.0,0.0,0.0,0.0,0.0,0.0,-4.796156281709913,-0.5548382572429634,0.0,0.0,0.0,,,ACAHW
2021Q1,2021,Q1,2021-05-24,2021-03-31,-655355.0,0.0,-755768.0,0.0,0.0,0.0,301932840.0,279475601.0,1932427.0,611905.0,22457239.0,0.0,-656355.0,0.0,-799733.0,0.0,3.1580506778012927,0.0,0.0,-0.0027042360667470216,0.0,-0.0023449453106283865,0.0,0.0,0.0,0.0,0.0,,0.0,1.306956145153251,-0.0021705323607726806,0.0,0.0,0.0,0.0,0.0,0.0,0.0,0.0,0.0,0.0,0.0,0.0,,,ACAHW
