Quarters,Year,Quarter,FillingDate,Date,NetIncome,Revenue,OperatingIncome,EPSDiluted,GrossProfit,GrossProfitRatio,TotalAssets,CommonStockEquity,CurrentAssets,CurrentLiability,TotalLiability,Inventory,RetainedEarnings,MarketCap,EnterpriseValue,bookValuePerShare,currentRatio,debtToAssets,debtToEquity,roic,shareholdersEquityPerShare,roe,priceToSalesRatio,peRatio,pbRatio,payoutRatio,inventoryTurnover,dividendYield,assetTurnover,quickRatio,returnOnAssets,priceToFreeCashFlowsRatio,grossProfitMargin,epsdilutedGrowth,fiveYNetIncomeGrowthPerShare,fiveYRevenueGrowthPerShare,fiveYShareholdersEquityGrowthPerShare,grossProfitGrowth,netIncomeGrowth,operatingIncomeGrowth,threeYNetIncomeGrowthPerShare,threeYRevenueGrowthPerShare,threeYShareholdersEquityGrowthPerShare,Industry,Sector,Symbol
2023Q1,2023,Q1,2023-05-15,2023-03-31,-8308000.0,11230000.0,-7706000.0,-0.47,5304000.0,0.4723063224,79234000.0,35937000.0,65716000.0,9268000.0,43297000.0,0.0,-263215000.0,42590034.09,25035034.090000004,2.0504071402118007,7.090634441087613,0.43704722720044425,0.9636029718674347,-0.10978986687897303,2.0504071402118007,-0.23118234688482622,3.7925230712377562,-1.2815970778165624,1.1851304808414727,0.0,0.0,0.0,0.14173208471110887,6.6343331894691415,-0.10485397682812934,-4.198130516510597,0.47230632235084596,-586.4999999999999,-0.022191803178491676,-0.5965298933816189,0.0,-0.1875,0.4212066322976174,0.14234835837506957,-1072.2688856585642,841.0813763818948,510.0383278008763,Diagnostics & Research,Healthcare,XGN
2022Q4,2022,Q4,2023-03-20,2022-12-31,-14354000.0,12837000.0,-8985000.0,-0.0008,6528000.0,0.5085300304,86221000.0,42460000.0,72611000.0,9623000.0,43761000.0,0.0,-255527000.0,40997635200.0,40969745200.0,0.0024856067795832283,7.54556791021511,0.40014613609213534,0.8125529910504004,-0.10681844714051206,0.0024856067795832283,-0.33805934997644843,3193.7084365505957,-714.0454786122335,965.5590014130946,0.0,0.0,0.0,0.14888484243977684,7.1150368907825,-0.16647916400876817,-6677.1392833876225,0.5085300303809301,0.9942857142857143,0.9962796490534853,-0.9995454954859587,1.0021523040372833,-0.2510325837540156,-5.069344608879493,-0.1494179352692849,0.11761178275933176,-0.7366980762961429,-0.840180070425702,Diagnostics & Research,Healthcare,XGN
2022Q3,2022,Q3,2022-11-21,2022-09-30,-2365000.0,14726000.0,-7817000.0,-0.14,8716000.0,0.5918783105,101597000.0,56186000.0,82060000.0,11332000.0,45411000.0,0.0,-241174000.0,46289398.89,11368398.89,3.2893937629614354,7.241440169431698,0.33251966101361263,0.6012707791976649,-0.023850044298382646,3.2893937629614354,-0.04209233616915246,3.143378982072525,-4.893171130021141,0.8238600165521661,0.0,0.0,0.0,0.14494522476057364,7.001676667843276,-0.023278246404913532,-6.12212655601111,0.5918783104712753,0.8292682926829268,0.5402320530366865,-0.38865472039108767,0.0,2.0221914008321775,0.8299784327821711,0.38487566887000313,-65.70281063114165,123.97030331092995,83.86742470216286,Diagnostics & Research,Healthcare,XGN
2022Q2,2022,Q2,2022-08-04,2022-06-30,-13910000.0,8962000.0,-12708000.0,-0.82,2884000.0,0.3218031689,107724000.0,64180000.0,89039000.0,9573000.0,43544000.0,1985000.0,-231721000.0,97915881.84,56041881.84,3.7623436880441417,9.301055050663324,0.3203835728342802,0.537753194141477,-0.12604016393574827,3.7623436880441417,-0.2167341851043939,10.925673046195046,-1.7598109604601009,1.5256447778124027,0.0,3.061964735516373,0.0,0.08319408859678437,8.981197116891257,-0.12912628569306747,-7.474494796946566,0.3218031689355055,-0.2812499999999999,-2.2891346228865554,-0.436528325827993,60.69612951396108,-0.3698929429757483,-0.2802577082374597,-0.3129455522264697,-2.2891346228865554,-0.436528325827993,60.69612951396108,Diagnostics & Research,Healthcare,XGN
2022Q1,2022,Q1,2022-05-11,2022-03-31,-10865000.0,10394000.0,-9679000.0,-0.64,4577000.0,0.440350202,122044000.0,76156000.0,103636000.0,11884000.0,45888000.0,1976000.0,-218412000.0,136448899.73,81173899.72999999,4.481770693718147,8.720632783574555,0.28248828291435873,0.4527023478123851,-0.08716182311644398,4.481770693718147,-0.1426676821261621,13.127660162593804,-3.1396433439944773,1.7917025543620988,0.0,2.943825910931174,0.0,0.08516600570286126,8.470380343318748,-0.0890252695749074,-14.123682820618983,0.44035020203963826,-1.500657544269712,-0.3788367757493938,-0.6148219407328266,0.0,-0.40941935483870967,-0.5404792286970084,-0.5513704119249879,-0.3788367757493938,-0.6148219407328266,0.0,Diagnostics & Research,Healthcare,XGN
2021Q4,2021,Q4,2022-03-22,2021-12-31,-7053000.0,12689000.0,-6239000.0,1.2783188974682098,7750000.0,0.6107652297,123445000.0,84936000.0,112734000.0,9318000.0,38509000.0,0.0,-208140000.0,185757337280.0,185685960280.0,0.0053177209280893065,12.098518995492595,0.22734821175422254,0.3304252613732693,-0.056324097968197616,0.0053177209280893065,-0.08303899406612038,14639.241648672078,-6584.337773996881,2187.027141377037,0.0,0.0,0.0,0.10279071651342703,11.708091865207127,-0.057134756369233264,-26122.53371958937,0.6107652297265348,4.043616422543357,0.9980449127022305,-0.999519511099484,1.0046046511928934,0.14577173270254287,0.017551190973673213,0.04074415744157442,0.9980449127022305,-0.999519511099484,1.0046046511928934,Diagnostics & Research,Healthcare,XGN
2021Q3,2021,Q3,2021-11-10,2021-09-30,-7179000.0,12251000.0,-6504000.0,-0.42,6764000.0,0.5521181944331075,127772000.0,90803000.0,118381000.0,8096000.0,36969000.0,0.0,-201087000.0,230460037600.0,230381145600.0,0.005358502987591286,14.622159090909092,0.21815421219046427,0.30697223660011236,-0.05453493539488358,0.005358502987591286,-0.07906126449566644,18811.52865888499,-8025.4923248363275,2538.0222856073033,0.0,0.0,0.0,0.09588172682590865,14.325098814229248,-0.05618601884606956,-39160.584129141884,0.5521181944331075,-0.1052631578947368,0.9985932172663162,-0.9994873407035816,0.0,-0.07608250239038383,-0.11996879875195007,-0.13270637408568442,0.9985932172663162,-0.9994873407035816,0.0,Diagnostics & Research,Healthcare,XGN
2021Q2,2021,Q2,2021-08-09,2021-06-30,-6410000.0,12772000.0,-5742000.0,-0.38,7321000.0,0.5732070153460695,133323000.0,96380000.0,124528000.0,8265000.0,36943000.0,0.0,-193908000.0,253759908870.0,253674952870.0,0.00569331935227062,15.06690865093769,0.2071660553692911,0.28657397800373524,-0.04610307755305226,0.00569331935227062,-0.06650757418551567,19868.455126057,-9897.032327223089,2632.9104468769456,0.0,0.0,0.0,0.09579742430038328,14.68312159709619,-0.048078726101272846,-49140.183747095274,0.5732070153460695,0.2083333333333333,0.9984726716286324,-0.9991908185290832,1.0903344185427593,0.2459155888359428,-0.032372362699307454,-0.031435243398598885,0.9984726716286324,-0.9991908185290832,1.0903344185427593,Diagnostics & Research,Healthcare,XGN
2021Q1,2021,Q1,2021-05-11,2021-03-31,-6209000.0,10587000.0,-5567000.0,-0.48,5876000.0,0.5550203079248135,137522000.0,101470000.0,129369000.0,7884000.0,36052000.0,0.0,-187498000.0,226506647.5,135714647.5,7.839615391420245,16.40905631659056,0.19820828667413215,0.26863112249926085,-0.04311426402936758,7.839615391420245,-0.061190499655070466,21.39479054500803,-9.120093714768885,2.232252365231103,0.0,0.0,0.0,0.0769840461889734,16.016108574327752,-0.0451491397739998,-50.570807657959364,0.5550203079248135,-1.457718679695513,-0.03446637033518787,-0.4849334688472967,0.0,-0.2948517940717629,-0.7981465392412395,-1.0162984425932633,-0.03446637033518787,-0.4849334688472967,0.0,Diagnostics & Research,Healthcare,XGN
2020Q4,2020,Q4,2021-03-16,2020-12-31,-3453000.0,12668000.0,-2761000.0,1.0486790714316248,8333000.0,0.6577991790337859,78375000.0,41839000.0,70517000.0,8771000.0,36536000.0,0.0,-181289000.0,166752696000.0,166722215000.0,0.0033119392564423668,8.039790217763082,0.3440765550239234,0.644542173570114,-0.04040484448581501,0.0033119392564423668,-0.08253065321828916,13163.300915693086,-12073.030408340574,3985.580343698463,0.0,0.0,0.0,0.16163317384370016,7.565613955079239,-0.04405741626794259,-42713.29303278688,0.6577991790337859,4.084350210093014,0.9993707738499769,-0.9986857105445268,1.0008705361570178,0.29515076157911097,0.19846796657381616,0.27073428420496565,0.998789802704625,-0.999393499244124,1.0028678310227626,Diagnostics & Research,Healthcare,XGN
2020Q3,2020,Q3,2020-11-10,2020-09-30,-4308000.0,10775000.0,-3786000.0,-0.34,6434000.0,0.5971229698375871,79993000.0,44474000.0,72555000.0,8274000.0,35519000.0,0.0,-177836000.0,137064732.32,102355732.32,3.51730275060446,8.769035532994923,0.3340917330266398,0.6009128929262041,-0.05297253431461712,3.51730275060446,-0.09686558438638306,12.720624809280741,-7.954081494893222,3.081907009038989,0.0,0.0,0.0,0.1346992861875414,8.548585931834662,-0.05385471228732514,-58.549650713370355,0.5971229698375871,-0.25925925925925924,0.4333542309469542,0.06629955917836604,2.1022438938529246,0.14688057040998218,-0.28099910793933985,-0.10798946444249341,-0.13135539083142267,-0.39572468128770694,0.0,Diagnostics & Research,Healthcare,XGN
2020Q2,2020,Q2,2020-07-28,2020-06-30,-3363000.0,8948000.0,-3417000.0,-0.27,5610000.0,0.6269557443004024,80513000.0,47841000.0,73463000.0,5755000.0,32672000.0,0.0,-173528000.0,156833137220.0,156795928220.0,0.003785595445732677,12.765073848827107,0.32902761044800216,0.5537300641708994,-0.045820259071526266,0.003785595445732677,-0.07029535335799837,17527.172241841752,-11658.722659827536,3278.216116301917,0.0,0.0,0.0,0.11113733185945127,12.330668983492615,-0.0417696521058711,-31948.082546343452,0.6269557443004024,0.38636363636363635,0.9998398006824297,-0.9990761661313314,1.001411102179837,0.11331613415360191,0.3954700701060579,0.3455276766902892,0.9989266123717486,-0.999240603968225,1.0600650591103753,Diagnostics & Research,Healthcare,XGN
2020Q1,2020,Q1,2020-05-11,2020-03-31,-5563000.0,9584000.0,-5221000.0,-0.44,5039000.0,0.5257721202003339,84644000.0,50537000.0,77575000.0,7329000.0,34107000.0,0.0,-170165000.0,200775697100.0,200733340100.0,0.004012237495052881,10.584663664892892,0.31060677661736213,0.520232700793478,-0.06633736853819883,0.004012237495052881,-0.11007776480598373,20949.050198247078,-9022.815796332914,3972.8455804657974,0.0,0.0,0.0,0.1132271631775436,10.163869559285033,-0.0657223193610888,-59313.352171344166,0.5257721202003339,-1.0350441369244827,0.9992552585033907,-0.9989842527445728,1.0013695951903576,-0.10385914991997154,-0.6323356807511737,-0.8268019594121764,0.9990475902014514,-0.9995208656574832,0.0,Diagnostics & Research,Healthcare,XGN
2019Q4,2019,Q4,2020-03-25,2019-12-31,-3408000.0,10214000.0,-2858000.0,12.5555952754141,5623000.0,0.5505188956334442,88310000.0,55659000.0,81250000.0,5895000.0,32651000.0,0.0,-164602000.0,90900783400.0,90854791400.0,0.015552545832074754,13.78286683630195,0.29545917789604803,0.4687831258197237,-0.035115933935277295,0.015552545832074754,-0.06122998975906861,8899.626336401017,-6668.191270539905,1633.1731328266767,0.0,0.0,0.0,0.11566074057298155,13.197455470737914,-0.03859132601064432,-22995.39170250443,0.5505188956334442,2.1120987843590875,0.997871685003669,-0.9960731410745973,1.0064518468369454,-0.005834512022630835,-0.08500477554918816,-0.32498840982846544,0.9957837708235173,-0.9982738275981893,1.0134670565993624,Diagnostics & Research,Healthcare,XGN
2019Q3,2019,Q3,2019-11-12,2019-09-30,-3141000.0,10439000.0,-2157000.0,-11.29,5656000.0,0.5418143500335281,92744000.0,58650000.0,85752000.0,7662000.0,34094000.0,0.0,-161194000.0,23439297610.0,23387325610.0,0.03875920324559589,11.19185591229444,0.2787889243509014,0.44085251491901106,-0.025470862608490286,0.03875920324559589,-0.053554987212276216,2245.35852188907,-1865.5919778732887,399.6470180733163,0.0,0.0,0.0,0.11255714655395498,10.971808927173061,-0.03386741999482446,-14052.336696642686,0.5418143500335281,-24.503288998120567,0.997485201418324,-0.9890451267494846,1.0193979549421959,0.031740240788033565,-0.12782764811490124,0.1049792531120332,0.9931072177826842,-0.995108075571459,0.0,Diagnostics & Research,Healthcare,XGN
2019Q2,2019,Q2,2019-06-30,2019-06-30,-2785000.0,10474000.0,-2410000.0,-0.442688,5482000.0,0.5233912545350391,33088000.0,-708000.0,24931000.0,6721000.0,33796000.0,0.0,-158053000.0,208721254.15999997,217967254.15999997,-0.06302491834356272,3.709418241333135,0.7701583655705996,-35.99293785310734,-0.09668231235206803,-0.06302491834356272,3.9336158192090394,19.92755911399656,-18.73619875763016,-294.804031299435,0.0,0.0,0.0,0.3165498065764023,3.4176461836036305,-0.08416948742746615,-95.74369456880733,0.5233912545350391,0.4642338893655955,0.6378754167078794,1.3066214619538838,0.9479093734535895,0.13781652137816522,-0.029955621301775148,-0.28601921024546423,0.0,0.0,0.0,Diagnostics & Research,Healthcare,XGN
2019Q1,2019,Q1,2019-03-31,2019-03-31,-2704000.0,9260000.0,-1874000.0,-0.826271,4818000.0,0.5203023758099352,,,,,,,,108340295.85999998,,,0.0,0.0,0.0,0.0,,0.0,11.69981596760259,-10.016669365754437,0.0,0.0,0.0,0.0,0.0,0.0,0.0,-46.839730159965406,0.5203023758099352,-2.658332595413088,0.24194000560695267,5.63323782234957,0.0,-0.14544164597374956,-1.053151100987092,-11.410596026490067,0.0,0.0,0.0,Diagnostics & Research,Healthcare,XGN
2018Q4,2018,Q4,2018-12-31,2018-12-31,-1317000.0,9641000.0,-151000.0,-0.22586,5638000.0,0.5847941084949694,28887000.0,-6734000.0,21312000.0,8952000.0,35621000.0,0.0,-152564000.0,108340295.85999998,119874295.85999998,-1.1548585778432818,2.3806970509383376,0.8549866722054904,-3.6676566676566678,-0.008367968966472707,-1.1548585778432818,0.19557469557469556,11.237454191473912,-20.5657357365224,-16.088550023760025,0.0,0.0,0.0,0.3337487451102572,2.135388739946381,-0.045591442517395366,-55.845513329896896,0.5847941084949694,0.7088874023491623,0.7960353105157194,7.82067703568161,-15.931263858093125,0.28986501944635096,0.25,0.8667255075022066,0.48006316620607975,1.1670038210833895,0.6964478903714388,Diagnostics & Research,Healthcare,XGN
2018Q3,2018,Q3,2018-09-30,2018-09-30,-1756000.0,8223000.0,-1133000.0,-0.775851,4371000.0,0.5315578256110909,,,,,,,,108340295.85999998,,,0.0,0.0,0.0,0.0,,0.0,13.175276159552473,-15.424301802391797,0.0,0.0,0.0,0.0,0.0,0.0,0.0,-51.98670626679462,0.5315578256110909,0.0,0.27825729551993417,7.794652406417112,0.0,0.0,0.0,0.0,0.49914432401597253,0.7645922746781116,0.0,Diagnostics & Research,Healthcare,XGN
2015Q4,2015,Q4,2015-12-31,2015-12-31,-2533000.0,4449000.0,-2554000.0,-0.4344,1943000.0,0.43672735446167676,14627000.0,-22184000.0,3866000.0,34917000.0,36811000.0,0.0,-108452000.0,108340295.85999998,131734295.85999998,-3.804482134077126,0.11071970673310995,1.770903124359062,-1.1676433465560765,-0.6904345524537693,-3.804482134077126,0.11418139199423008,24.35160617217352,-10.692883523489932,-4.883713300576992,0.0,0.0,0.0,0.3041635331920421,0.07185611593206748,-0.17317289943255623,-30.578689206886814,0.43672735446167676,0.2775292297969298,0.6077125600123896,3.0704483074107958,-50.188470066518846,-0.10460829493087558,0.2775242441528808,0.06720233747260775,0.6077125600123896,3.0704483074107958,-50.188470066518846,Diagnostics & Research,Healthcare,XGN
2015Q3,2015,Q3,2015-09-30,2015-09-30,-3506000.0,4660000.0,-2738000.0,-0.60127,2170000.0,0.4656652360515021,15792000.0,-18607000.0,3634000.0,32462000.0,34399000.0,0.0,-105919000.0,108340295.85999998,127052295.85999998,-3.1910385443911413,0.11194627564536998,1.3582193515704153,-1.152738216800129,-0.961108624761836,-3.1910385443911413,0.18842371150642231,23.248990527896993,-7.725349105818597,-5.822555804804643,0.0,0.0,0.0,0.29508611955420466,0.08431396709999384,-0.2220111448834853,-34.48131631444939,0.4656652360515021,0.6380333750722404,-0.44101931771475533,3.9839572192513364,0.0,0.06060606060606061,0.6380342762750362,-0.031261770244821095,-0.44101931771475533,3.9839572192513364,0.0,Diagnostics & Research,Healthcare,XGN
2015Q2,2015,Q2,2015-06-30,2015-06-30,-9686000.0,4469000.0,-2655000.0,-1.66112,2046000.0,0.45782054150816737,15849000.0,-15643000.0,3653000.0,28809000.0,31492000.0,0.0,-102413000.0,108340295.85999998,124025295.85999998,-2.6827224136029786,0.12680065257384845,1.1737018108398005,-1.1891580898804577,-0.8859856888067914,-2.6827224136029786,0.6191906923224445,24.242626059521143,-2.7963115801156304,-6.925800412964265,0.0,0.0,0.0,0.2819736260962837,0.10125308063452393,-0.6111426588428291,-33.45901663372452,0.45782054150816737,-1.4502969350637087,-1.4263527054108216,0.8960543063215952,-1.217292700212615,-0.09228039041703638,-1.801041064198959,-0.0876689881196231,-1.4263527054108216,0.8960543063215952,-1.217292700212615,Diagnostics & Research,Healthcare,XGN
2015Q1,2015,Q1,2015-03-31,2015-03-31,-3458000.0,4368000.0,-2441000.0,-0.677926,2254000.0,0.5160256410256411,16146000.0,-17082000.0,4027000.0,28459000.0,33228000.0,0.0,-92727000.0,108340295.85999998,124923295.85999998,-2.9295061221738847,0.14150180962085807,1.2437136132788307,-1.1755649221402646,-0.841261906114488,-2.9295061221738847,0.2024353120243531,24.803181286630032,-7.832583564198958,-6.342365991101745,0.0,0.0,0.0,0.27053140096618356,0.12291366527284867,-0.214170692431562,-38.91533615660919,0.5160256410256411,-0.5151554433095681,0.030557891785814445,2.128939828080229,0.0,0.08365384615384615,-0.3254120352625527,-0.34490358126721765,0.030557891785814445,2.128939828080229,0.0,Diagnostics & Research,Healthcare,XGN
2014Q4,2014,Q4,2014-12-31,2014-12-31,-2609000.0,4238000.0,-1815000.0,-0.44743,2080000.0,0.49079754601226994,17149000.0,-14056000.0,5079000.0,26261000.0,31205000.0,0.0,-89269000.0,108340295.85999998,122252295.85999998,-2.4105571978267255,0.19340466851985835,1.0797714152428712,-1.3173733636881046,-0.3944306007848406,-2.4105571978267255,0.1856146841206602,25.5640150684285,-10.38140052318896,-7.707761515367102,0.0,0.0,0.0,0.24712811242638055,0.1753550892959141,-0.15213715085427723,-43.58016728077232,0.49079754601226994,0.45792999842502513,0.5959423881059316,2.8774016468435497,-32.16629711751663,0.2507516536380036,0.45792644920008313,0.45133010882708585,0.5959423881059316,2.8774016468435497,-32.16629711751663,Diagnostics & Research,Healthcare,XGN
2014Q3,2014,Q3,2014-09-30,2014-09-30,-4813000.0,3672000.0,-3308000.0,-0.82541,1663000.0,0.45288671023965144,16947000.0,-11651000.0,7642000.0,22378000.0,28598000.0,0.0,-86660000.0,108340295.85999998,119421295.85999998,-1.9981077057398393,0.3414961122531057,1.074172419897327,-1.5624409921895117,-0.4929916211819819,-1.9981077057398393,0.4130975881898549,29.504437870370367,-5.627482643881154,-9.298798031070293,0.0,0.0,0.0,0.21667551779075941,0.3183036911252123,-0.2840030683896855,-42.20502370860927,0.45288671023965144,-0.20566453893457576,-0.978216193999178,2.9272727272727272,0.0,1.0108827085852479,-0.20566132264529058,-0.021618282890673256,-0.978216193999178,2.9272727272727272,0.0,Diagnostics & Research,Healthcare,XGN
2014Q2,2014,Q2,2014-06-30,2014-06-30,-3992000.0,2357000.0,-3238000.0,-0.68461,827000.0,0.3508697496817989,15292000.0,-7055000.0,6405000.0,16990000.0,22347000.0,0.0,-81847000.0,108340295.85999998,116546295.85999998,-1.2099090090116356,0.37698646262507357,0.9366989275438138,-2.0303330970942595,-0.43911584752092314,-1.2099090090116356,0.5658398299078667,45.965335536699186,-6.784838167585169,-15.356526698795179,0.0,0.0,0.0,0.15413287993722208,0.3600941730429664,-0.2610515302118755,-34.6467207739047,0.3508697496817989,-0.002000752294571634,0.0,0.0,0.0,2.9759615384615383,-0.11914774320156994,-0.013458528951486698,0.0,0.0,0.0,Diagnostics & Research,Healthcare,XGN
2014Q1,2014,Q1,2014-03-31,2014-03-31,-3567000.0,1396000.0,-3195000.0,-0.683243,208000.0,0.1489971346704871,,,,,,,,108340295.85999998,,,0.0,0.0,0.0,0.0,,0.0,77.60766179083093,-7.593236323240817,0.0,0.0,0.0,0.0,0.0,0.0,0.0,-33.41773468846391,0.1489971346704871,0.3829927303923782,0.0,0.0,0.0,-0.018867924528301886,0.4475762738113675,-0.19528619528619529,0.0,0.0,0.0,Diagnostics & Research,Healthcare,XGN
2013Q4,2013,Q4,2013-12-31,2013-12-31,-6457000.0,1093000.0,-2673000.0,-1.10735,212000.0,0.1939615736505032,16451000.0,451000.0,8027000.0,10579000.0,16000000.0,0.0,-74288000.0,108340295.85999998,109512295.85999998,0.07734499830818535,0.7587673693165705,0.5419123457540576,19.767184035476717,-0.28274143964594495,0.07734499830818535,-14.317073170731707,99.12195412625799,-4.194683903515564,240.22238549889133,0.0,0.0,0.0,0.06643973010759224,0.7370261839493336,-0.39249893623487936,-45.349642469652565,0.1939615736505032,-1.6539245056920313,0.0,0.0,0.0,0.11578947368421053,-1.6539251952322236,-0.2863330125120308,0.0,0.0,0.0,Diagnostics & Research,Healthcare,XGN
2013Q3,2013,Q3,2013-09-30,2013-09-30,-2433000.0,935000.0,-2078000.0,-0.41725,190000.0,0.20320855614973263,,,,,,,,108340295.85999998,,,0.0,0.0,0.0,0.0,,0.0,115.87197418181816,-11.13237729757501,0.0,0.0,0.0,0.0,0.0,0.0,0.0,-74.56317677907776,0.20320855614973263,0.0,0.0,0.0,0.0,0.0,0.0,0.0,0.0,0.0,0.0,Diagnostics & Research,Healthcare,XGN
