Quarters,Year,Quarter,FillingDate,Date,NetIncome,Revenue,OperatingIncome,EPSDiluted,GrossProfit,GrossProfitRatio,TotalAssets,CommonStockEquity,CurrentAssets,CurrentLiability,TotalLiability,Inventory,RetainedEarnings,MarketCap,EnterpriseValue,bookValuePerShare,currentRatio,debtToAssets,debtToEquity,roic,shareholdersEquityPerShare,roe,priceToSalesRatio,peRatio,pbRatio,payoutRatio,inventoryTurnover,dividendYield,assetTurnover,quickRatio,returnOnAssets,priceToFreeCashFlowsRatio,grossProfitMargin,epsdilutedGrowth,fiveYNetIncomeGrowthPerShare,fiveYRevenueGrowthPerShare,fiveYShareholdersEquityGrowthPerShare,grossProfitGrowth,netIncomeGrowth,operatingIncomeGrowth,threeYNetIncomeGrowthPerShare,threeYRevenueGrowthPerShare,threeYShareholdersEquityGrowthPerShare,Industry,Sector,Symbol
2023Q1,2023,Q1,2023-03-31,2023-03-31,514500000.0,1673300000.0,199100000.0,3.05,699500000.0,0.4180362159,17040000000.0,4176300000.0,1311300000.0,1271000000.0,87900000.0,34700000.0,669000000.0,4546878000.0,14897578000.0,27.2426614481409,1.0317073170731708,0.6843896713615023,2.7924239159064244,0.006741500862481877,27.2426614481409,0.12319517276057755,2.7173118986433993,2.2093673469387753,1.0887335679908052,0.0,28.063400576368878,0.0,0.09819835680751174,1.2364280094413846,0.030193661971830987,53.80920710059171,0.41803621586087375,22.46153846153846,5.735743695696676,0.21968656209032555,74.8513493301649,0.04402985074626865,23.735576923076923,-0.18032111980238782,1.6380351941802205,0.13151914635186243,1.4655631488969825,Resorts & Casinos,Consumer Cyclical,PENN
2022Q4,2022,Q4,2023-02-23,2022-12-31,20800000.0,1585600000.0,242900000.0,0.13,670000000.0,0.4225529768,17502100000.0,3597700000.0,2013400000.0,1158700000.0,13905500000.0,106100000.0,154500000.0,4579740000.0,15864640000.0,23.331387808041505,1.7376370069905929,0.737562921020906,3.588097951468994,0.004257436401093027,23.331387808041505,0.005781471495677794,2.888332492431887,55.04495192307692,1.2729632820968952,0.0,8.629594721960414,0.0,0.09059484290456574,1.6142228359368258,0.001188428817113375,115.94278481012658,0.4225529767911201,-0.8194444444444444,1.0362409975957267,0.2144441935084475,29.971098357271565,0.0031441832609672106,-0.8315789473684211,-0.0057306590257879654,1.1679924282258913,-0.11678141765142072,0.4507345363449999,Resorts & Casinos,Consumer Cyclical,PENN
2022Q3,2022,Q3,2022-11-03,2022-09-30,123500000.0,1625000000.0,244300000.0,0.72,667900000.0,0.4110153846,17535100000.0,3617100000.0,2058500000.0,1148300000.0,13919100000.0,111800000.0,133700000.0,4335576000.0,15523976000.0,22.951142131979694,1.7926500043542628,0.7366253970607525,3.5710375715352076,-0.022633945021740733,22.951142131979694,0.03414337452655442,2.668046769230769,8.776469635627532,1.1986331591606538,0.0,8.5608228980322,0.0,0.09267127076549321,1.6408604023338849,0.007043016578177484,16.843729603729603,0.4110153846153846,3.8,-0.9097447190989993,0.16266615282380711,7.024849563268887,-0.08066070199587061,3.731800766283525,-0.19212962962962962,1.0563578969277196,-0.1230585021164646,0.3630124619053823,Resorts & Casinos,Consumer Cyclical,PENN
2022Q2,2022,Q2,2022-08-04,2022-06-30,26100000.0,1626900000.0,302400000.0,0.15,726500000.0,0.4465547975,17880800000.0,3766800000.0,2058900000.0,1085900000.0,14114800000.0,132800000.0,10200000.0,5013216000.0,16287616000.0,22.856796116504853,1.8960309420756976,0.726069303386873,3.4466125092917066,0.0041862193366265085,22.856796116504853,0.006928958266964001,3.0814530702563157,48.01931034482759,1.3308951895508125,0.0,6.780120481927711,0.0,0.09098586193011499,1.7291647481351875,0.0014596662341729676,33.51080213903743,0.44655479746757637,-0.46428571428571436,-0.15682348788070505,0.12703054154881305,5.0158886184852,0.029474280855887772,-0.4941860465116279,0.03561643835616438,-0.643655140063522,-0.13462659277112762,0.40121873113516393,Resorts & Casinos,Consumer Cyclical,PENN
2022Q1,2022,Q1,2022-05-05,2022-03-31,51600000.0,1564200000.0,292000000.0,0.28,705700000.0,0.451157141,18071100000.0,3953500000.0,2113000000.0,1122900000.0,14118400000.0,134300000.0,-15900000.0,7135044000.0,18323344000.0,23.50475624256837,1.8817347938373854,0.7190375793393872,3.2866573921841407,0.0065848624940581,23.50475624256837,0.013051726318452004,4.561465285769083,34.56901162790698,1.8047411154673076,0.0,6.3924050632911396,0.0,0.0865580955226854,1.7173390328613412,0.0028553878845228014,44.78998116760829,0.45115714103055876,0.07692307692307698,4.454619537869158,0.087253070592124,4.944800998959415,0.07347125038028597,0.15178571428571427,0.4852492370295015,-0.12968157819257217,-0.1567847579812543,0.4681532852605075,Resorts & Casinos,Consumer Cyclical,PENN
2021Q4,2021,Q4,2022-02-28,2021-12-31,44800000.0,1572500000.0,196600000.0,0.26,657400000.0,0.4180604134,16872000000.0,4097000000.0,2223000000.0,1133000000.0,12775000000.0,0.0,-86000000.0,8653765000.0,14438765000.0,24.547633313361295,1.9620476610767872,0.45329540066382173,1.866731754942641,0.014069585317132274,24.547633313361295,0.010934830363680741,5.5031891891891895,48.29109933035715,2.1122199170124483,0.0,0.0,0.0,0.09320175438596491,1.8164165931156222,0.0026552868658131818,275.59761146496817,0.418060413354531,-0.5,3.8409708125635236,0.1509316484052126,5.100202957411564,-0.059917059917059916,-0.4796747967479675,-0.17774989544123798,1.7253667472661585,-0.07368886290332355,2.8129726505415418,Resorts & Casinos,Consumer Cyclical,PENN
2021Q3,2021,Q3,2021-11-04,2021-09-30,86100000.0,1511800000.0,239100000.0,0.52,699300000.0,0.46256118534197643,15748700000.0,3071900000.0,3039100000.0,1077700000.0,12677300000.0,0.0,-131500000.0,11311005999.999998,20180106000.0,19.67905188981422,2.8199870093718102,0.7364671369700356,3.775643738402943,0.007145359657519936,19.67905188981422,0.028028256128129172,7.4818137319751274,32.84264227642276,3.6820879585924016,0.0,0.0,0.0,0.09599522500269864,2.675512665862485,0.00546711792084426,56.753667837430996,0.46256118534197643,-0.5555555555555555,-0.015448134173564209,0.05077391811228303,3.9513496958220973,-0.09918845807033363,-0.5666834423754403,-0.3672929346387933,0.40389516967430605,0.12771286627746437,24.6819783008493,Resorts & Casinos,Consumer Cyclical,PENN
2021Q2,2021,Q2,2021-08-05,2021-06-30,198700000.0,1545800000.0,377900000.0,1.17,776300000.0,0.5021995083451934,15078200000.0,2958300000.0,2552400000.0,958100000.0,12120400000.0,0.0,-217600000.0,11932440000.0,20807740000.0,18.963461538461537,2.6640225446195593,0.7394781870515048,3.7690565527498903,0.013023313113353962,18.963461538461537,0.06716695399384781,7.719265105447017,15.013135379969803,4.033546293479363,0.0,0.0,0.0,0.1025188682999297,2.5187349963469368,0.013177965539653275,44.77463414634146,0.5021995083451934,1.127272727272727,2.055538397501817,0.051488038406985355,3.5510768139516133,0.2440705128205128,1.1835164835164835,0.7454965357967668,1.1579690548516952,0.09606943737329875,61.492790747946394,Resorts & Casinos,Consumer Cyclical,PENN
2021Q1,2021,Q1,2021-05-06,2021-03-31,91000000.0,1274900000.0,216500000.0,0.55,624000000.0,0.4894501529531728,14888200000.0,2756300000.0,2347700000.0,947300000.0,12132400000.0,0.0,-416300000.0,16323588000.0,25445788000.0,17.702633269107256,2.47830676659981,0.7512258029849143,4.057758589413344,0.007758349385972033,17.702633269107256,0.033015274099336064,12.803818338693231,44.84502197802198,5.922282770380583,0.0,0.0,0.0,0.08563157399819991,2.322073260846617,0.006112223102859983,105.44953488372093,0.4894501529531728,6.857142857142857,0.9960493432241705,-0.12356417966317938,3.208216661813375,0.19907763259031513,7.198198198198198,0.810200668896321,0.17299215840281584,-0.08503582172712534,48.98956064220577,Resorts & Casinos,Consumer Cyclical,PENN
2020Q4,2020,Q4,2021-02-26,2020-12-31,11100000.0,1027400000.0,119600000.0,0.07,520400000.0,0.5065213159431575,14667300000.0,2656200000.0,2085000000.0,860000000.0,12011500000.0,0.0,-507300000.0,13387350000.0,22691050000.0,17.136774193548387,2.4244186046511627,0.7607057877046218,4.200549657405316,0.003385607730095033,17.136774193548387,0.004178902191100068,13.030319252481993,301.51689189189193,5.040038400722837,0.0,0.0,0.0,0.07004697524425081,2.2676744186046514,0.0007567855024442126,181.40040650406505,0.5065213159431575,-0.924731182795699,1.6395713157276746,-0.2687855905625009,3.046375130933032,-0.13482959268495429,-0.9217758985200846,-0.3904179408766565,1.0192403276379647,-0.21715431418202835,22.279110131482508,Resorts & Casinos,Consumer Cyclical,PENN
2020Q3,2020,Q3,2020-11-04,2020-09-30,141900000.0,1129700000.0,196200000.0,0.93,601500000.0,0.5324422413030008,14812000000.0,2633700000.0,2186500000.0,921400000.0,12180300000.0,0.0,-518400000.0,10047140000.0,19448040000.0,19.057163531114327,2.3730193184284785,0.7611396165271401,4.280669780157194,0.009599722963526815,19.057163531114327,0.05387857386946122,8.893635478445605,17.70109231853418,3.8148384402171853,0.0,0.0,0.0,0.07626924115581961,2.2527675276752768,0.009580070213340534,30.650213544844416,0.5324422413030008,1.5502958579881658,15.814556986325643,-0.112755534662533,3.2614602932662238,3.605666156202144,1.6618470149253732,2.1862152357920195,-0.8817404477983163,-0.07825038865242943,5.663322877806396,Resorts & Casinos,Consumer Cyclical,PENN
2020Q2,2020,Q2,2020-08-06,2020-06-30,-214400000.0,305500000.0,-165400000.0,-1.69,130600000.0,0.42749590834697215,14321500000.0,1506200000.0,1646600000.0,827800000.0,12816600000.0,0.0,-660300000.0,3872472000.0,14618172000.0,11.878548895899053,1.9891278086494322,0.8372028069685438,7.9604302217501,-0.005811169274689193,11.878548895899053,-0.1423449741070243,12.675849427168576,-4.515475746268657,2.5710211127340328,0.0,0.0,0.0,0.021331564431100094,1.6665861319159216,-0.01497049890025486,-30.11253499222395,0.42749590834697215,0.6787072243346007,-8.986435667498993,-0.7258580746226654,0.5810682583539573,-0.7149716281099956,0.6477160696680907,0.7049589725294327,-10.002035632151426,-0.7249421813765087,3.087034817653851,Resorts & Casinos,Consumer Cyclical,PENN
2020Q1,2020,Q1,2020-05-08,2020-03-31,-608600000.0,1116100000.0,-560600000.0,-5.26,458200000.0,0.4105366902607293,13938400000.0,1278400000.0,1270000000.0,813900000.0,12660800000.0,0.0,-446400000.0,1463605000.0,3629905000.0,11.049265341400172,1.5603882540852685,0.207843080984905,2.266113892365457,-0.036847291606321886,11.049265341400172,-0.47606382978723405,1.3113565092733626,-0.6012179592507394,1.144872496871089,0.0,0.0,0.0,0.08007375308500259,1.0255559651062784,-0.04366354818343569,-19.257960526315788,0.4105366902607293,-5.574999999999999,-38.98257117462058,0.1532724609751617,0.5257620762943478,-0.2184888282449258,-5.57945945945946,-50.610619469026545,-94.52750363739321,0.12780522411283765,2.854397148675142,Resorts & Casinos,Consumer Cyclical,PENN
2019Q4,2019,Q4,2020-02-27,2019-12-31,-92500000.0,1341200000.0,11300000.0,-0.8,586300000.0,0.43714583954667463,14194500000.0,1852700000.0,642800000.0,905600000.0,12342600000.0,0.0,161600000.0,2944512000.0,4892212000.0,16.08246527777778,0.7098056537102474,0.16802987072457642,1.2873643871107032,0.0007739753474950392,16.08246527777778,-0.049927133372915204,2.1954309573516255,-7.9581405405405405,1.5893085766718842,0.0,0.0,0.0,0.09448730141956392,0.5809408127208481,-0.006516608545563423,24.415522388059703,0.43714583954667463,-3.105263157894737,0.747305050572113,0.40855265722250966,1.2856820121973824,-0.015944947969117152,-3.1070615034168565,-0.9371523915461624,-15.481049581290847,0.42218561224703444,3.6862618832798555,Resorts & Casinos,Consumer Cyclical,PENN
2019Q3,2019,Q3,2019-11-07,2019-09-30,43900000.0,1354500000.0,179800000.0,0.38,595800000.0,0.4398671096345515,14318000000.0,1939800000.0,628200000.0,877300000.0,12378600000.0,0.0,254100000.0,2145600000.0,4193600000.0,16.838541666666668,0.7160606406018466,0.17145551054616567,1.2655428394679864,0.00930601347791157,16.838541666666668,0.022631199092689968,1.5840531561461795,12.21867881548975,1.106093411691927,0.0,0.0,0.0,0.09460120128509568,0.5682206770773965,0.0030660706802626064,13.227053318784561,0.4398671096345515,-0.13636363636363635,2.5202150007844057,0.42908917140136854,0.6561400312312871,0.007494487358125567,-0.14835004946941627,-0.09365863494303861,-0.3197784411076489,0.27568772515109125,3.5253465006475744,Resorts & Casinos,Consumer Cyclical,PENN
2019Q2,2019,Q2,2019-08-08,2019-06-30,51547000.0,1323094000.0,198380000.0,0.44,591368000.0,0.44695841716461565,14209225000.0,1891908000.0,609234000.0,860506000.0,12317517000.0,0.0,210242000.0,2247731160.0,4421083160.0,16.31208290941698,0.7079950633696918,0.1796099365025186,1.348965171667967,0.010976151128293504,16.31208290941698,0.027246039448006985,1.6988446474702477,10.901367489863619,1.1880763546641802,0.0,0.0,0.0,0.09311514174770263,0.5638635872382064,0.003627713686003283,17.142942257678257,0.44695841716461565,0.25714285714285723,7.350059005555823,0.37243727502822904,0.6246379269987385,0.03139524946500235,0.2574892661982826,0.08769313434145165,0.0661720130799363,0.21053050633505574,3.1943977059815856,Resorts & Casinos,Consumer Cyclical,PENN
2019Q1,2019,Q1,2019-05-08,2019-03-31,40992000.0,1282571000.0,182386000.0,0.35,573367000.0,0.4470450368829484,13498171000.0,1861821000.0,639204000.0,820383000.0,11636360000.0,0.0,158695000.0,2378191850.0,4351795850.0,16.009742632832587,0.7791531516377107,0.17586708599261336,1.27503342158027,0.01062756732599281,16.009742632832587,0.02201715417325296,1.8542379720109061,14.503999865827478,1.2773472046990553,0.0,0.0,0.0,0.09501813245661209,0.6274130497584665,0.0030368558821784078,27.12663225732862,0.4470450368829484,1.9459459459459458,5.053533880844293,0.34044141115719123,0.6030748824742006,0.16573548846192945,1.9752801503652067,0.46659697651978127,0.2038268546658075,0.18048494373682147,2.9970464221760214,Resorts & Casinos,Consumer Cyclical,PENN
2018Q4,2018,Q4,2019-02-28,2018-12-31,-42031000.0,1155269000.0,124360000.0,-0.37,491850000.0,0.4257449996494323,10961012000.0,731226000.0,677658000.0,738436000.0,10229791000.0,0.0,-967949000.0,2138730229.9999998,4071360230.0,6.437925357234044,0.9176936119040784,0.22007347496745738,3.2988816043193214,0.005931737217475102,6.437925357234044,-0.057480177127180926,1.8512833201617975,-12.721147664818822,2.92485528413924,0.0,0.0,0.0,0.10539802346717621,0.7941581938042024,-0.0038345911855584137,-32.687302919150234,0.4257449996494323,-1.9736842105263157,0.9675480561160622,0.22962658321634324,-0.3383894192807699,0.4561295995310543,-2.1634878892733562,-0.2020174149624943,-2.3049259409023035,0.12205542458358334,1.7687800631000188,Resorts & Casinos,Consumer Cyclical,PENN
2018Q3,2018,Q3,2018-11-08,2018-09-30,36125000.0,789651000.0,155843000.0,0.38,337779000.0,0.42775732570464675,5083842000.0,70456000.0,348366000.0,472637000.0,5013386000.0,0.0,-925918000.0,3011297000.0,3819719000.0,0.7662591899769435,0.7370688287205615,0.20712091367119592,14.945072101737255,0.026998257811727006,0.7662591899769435,0.5127313500624503,3.813453031782395,20.83942560553633,42.74010730101056,0.0,0.0,0.0,0.15532563757882326,0.6222322839726894,0.0071058463264593984,43.05789579043697,0.42775732570464675,-0.33333333333333326,-0.25225644300843125,-0.054751338031385946,-0.9748122390645375,-0.05096931894807822,-0.33086982292361267,-0.14256554152568018,5.433934652949359,-0.06786006249874668,1.0909298348442034,Resorts & Casinos,Consumer Cyclical,PENN
2018Q2,2018,Q2,2018-08-01,2018-06-30,53988000.0,826913000.0,181755000.0,0.57,355920000.0,0.43042012884063985,5091830000.0,27756000.0,308505000.0,489344000.0,5064074000.0,0.0,-962043000.0,3072410120.0000005,3950714120.0000005,0.30345038702059735,0.630446066570756,0.21180106170080304,38.854842196281886,0.030730875165797457,0.30345038702059735,1.945092952875054,3.7155179807307426,14.227282544269098,110.69354806168037,0.0,0.0,0.0,0.1623999622925353,0.5213510332199843,0.010602867731247901,25.817921565002568,0.43042012884063985,0.18749999999999994,4.794685675423164,-0.07020042000372896,-0.9898000504777887,0.0042747703898082705,0.18819464313224904,0.05589250235281815,1.787889308220847,0.028665404377947894,-0.9596099002404975,Resorts & Casinos,Consumer Cyclical,PENN
2018Q1,2018,Q1,2018-05-07,2018-03-31,45437000.0,816085000.0,172134000.0,0.48,354405000.0,0.4342746160020096,5165533000.0,-33639000.0,334683000.0,475319000.0,5199172000.0,0.0,-1016031000.0,2394675660.0,3376323660.0,-0.3688850873441458,0.7041229153473773,0.23224031285832458,-35.662326466303995,0.027292689412895588,-0.3688850873441458,-1.3507238621837747,2.9343458830881586,13.175801989567974,-71.18748060287167,0.0,0.0,0.0,0.15798660080189209,0.5776331263845964,0.008796188118438117,43.44161635585226,0.4342746160020096,1.1411764705882352,-0.4079805067208469,-0.13054868510133893,-1.0123384682309349,0.11665122785791254,1.1344051351831035,5.42890756302521,2.59785322448445,0.06990591772797337,-1.05093830760597,Resorts & Casinos,Consumer Cyclical,PENN
2017Q4,2017,Q4,2018-03-01,2017-12-31,-338060000.0,769036000.0,26775000.0,-3.4,317382000.0,0.4127010959174863,5234812000.0,-73146000.0,401032000.0,530009000.0,5307958000.0,0.0,-1051818000.0,2845609910.0,3817893910.0,-0.8053332158939522,0.7566513021476994,0.23883130855511142,-17.09234954748038,0.022337418401840208,-0.8053332158939522,4.621715473163262,3.700229781180595,-2.1043675013311245,-38.903151368495884,0.0,0.0,0.0,0.1469080455993453,0.642928704984255,-0.06457920551874642,31.191260755664192,0.4127010959174863,-1.4033214709371293,-15.121390650294495,-0.12590868649590833,-1.0274727108890813,-0.07106982298398426,-1.4282818557275698,-0.8136263338507479,-0.17134849951853656,0.024386207061012882,-1.1144560621521966,Resorts & Casinos,Consumer Cyclical,PENN
2017Q3,2017,Q3,2017-11-03,2017-09-30,789340000.0,806247000.0,143663000.0,8.43,341664000.0,0.4237708791474573,5569401000.0,260012000.0,402328000.0,492203000.0,5309389000.0,0.0,-713758000.0,2126455070.0,3180239070.0,2.8600090196121566,0.8174025757665029,0.2367742958354049,5.071654385182223,0.7298390793984945,2.8600090196121566,3.0357829638632063,2.6374734665679376,0.6734914833911877,8.178295886343708,0.0,0.0,0.0,0.14476368284488764,0.6480821937290102,0.1417279883420138,18.630072191412378,0.4237708791474573,45.833333333333336,13.269843285168312,-0.04253020878284185,-0.9007123857447885,0.005814141759079629,45.216991627144445,0.06425708761454638,79.20386002328831,0.07789118616216686,-0.7187063154976956,Resorts & Casinos,Consumer Cyclical,PENN
2017Q2,2017,Q2,2017-08-04,2017-06-30,17079000.0,796463000.0,134989000.0,0.18,339689000.0,0.4264968994165454,4984019000.0,-517525000.0,373553000.0,500576000.0,5501544000.0,0.0,-1503098000.0,1945859199.9999998,3060158200.0,-5.691591149041,0.7462463242344819,0.26859809322556755,-2.58673107579344,0.02254298766454628,-5.691591149041,-0.03300130428481716,2.4431256693656827,28.483213302886586,-3.759932756871648,0.0,0.0,0.0,0.1598033635104521,0.5461368503483987,0.003426752586617346,18.840254836273502,0.4264968994165454,2.0,-0.7851508680935392,-0.0625853670708407,-1.2025163223232767,0.009963191789212043,2.3461990595611284,-0.03776543799496746,2.528917805498755,0.053805267128733014,-1.5668665919031202,Resorts & Casinos,Consumer Cyclical,PENN
2017Q1,2017,Q1,2017-05-03,2017-03-31,5104000.0,776224000.0,140287000.0,0.06,336338000.0,0.4333001813909387,4947040000.0,-540732000.0,417117000.0,467122000.0,5487772000.0,0.0,-1520177000.0,1672540930.0,2836155930.0,-5.95841368139194,0.8929508779291063,0.2876675749539118,-2.6318083634776563,0.022379325628859234,-5.95841368139194,-0.009439056686121775,2.1547142706229128,81.92304711990596,-3.0931051426584704,0.0,0.0,0.0,0.15690675636340115,0.6614503277516366,0.0010317280636501828,33.67712890625,0.4333001813909387,0.08208664546899831,-0.9456360461081584,-0.11691537313227306,-1.21932871298674,0.09509622929629376,0.014308426073131956,0.2322306935563207,-0.034121075364252795,0.039574556736181876,-1.5966231644749473,Resorts & Casinos,Consumer Cyclical,PENN
2016Q4,2016,Q4,2017-02-24,2016-12-31,5032000.0,742910000.0,113848000.0,0.05544842481074589,307131000.0,0.4134161607731758,4974484000.0,-543320000.0,399265000.0,536316000.0,5517804000.0,0.0,-1525281000.0,1251456290.0,2437480290.0,-5.98693127348459,0.7444584908896994,0.28455896129126157,-2.605341235367739,0.017955396654098652,-5.98693127348459,-0.009261576971214018,1.684532837086592,62.17489517090619,-2.3033503092100416,0.0,0.0,0.0,0.1493441329794206,0.5432711311987709,0.0010115622042406811,21.245332144979205,0.4134161607731758,-0.8912775984103022,-0.9043004338973037,-0.08033769010953552,-1.2307586232906602,-0.04276724855307571,-0.8918663371655743,-0.18271356783919598,1.0048625703167773,-0.010352352303710144,-1.6152629701003631,Resorts & Casinos,Consumer Cyclical,PENN
2016Q3,2016,Q3,2016-11-04,2016-09-30,46535000.0,765597000.0,139300000.0,0.51,320853000.0,0.41908863279244823,5251679000.0,-553862000.0,353030000.0,552897000.0,5805541000.0,0.0,-1530313000.0,1127192050.0,2596381050.0,-6.667814362246434,0.6385095234736307,0.3181757681686181,-3.016919377028935,0.03766414400686388,-6.667814362246434,-0.0840191238972885,1.4723046851019532,6.055614322552918,-2.0351496401630733,0.0,0.0,0.0,0.14578137772700883,0.44307890981502884,0.008860975699390613,11.299151455006566,0.41908863279244823,0.3783783783783784,-0.38091549752280224,0.014403007314798277,-1.262041890955106,-0.01425529888507587,0.3672689878066696,-0.06721040331599001,0.06622475082547455,0.014460922144488382,-1.2191782053842126,Resorts & Casinos,Consumer Cyclical,PENN
2016Q2,2016,Q2,2016-08-05,2016-06-30,34035000.0,769422000.0,149337000.0,0.37,325493000.0,0.42303573331669747,5142753000.0,-606924000.0,342709000.0,540553000.0,5749677000.0,0.0,-1576848000.0,1138975650.0,2585432650.0,-7.433512560167551,0.6339970363683117,0.32430431716242253,-2.7479832730292424,0.024642609627236026,-7.433512560167551,-0.056077861478537674,1.4803003423348955,8.366208682238872,-1.8766363663325225,0.0,0.0,0.0,0.14961286299380896,0.49658220378020285,0.006618050682192981,11.860252725625566,0.42303573331669747,0.423076923076923,-0.5699897207455372,0.07388149911256012,-1.3006491116102623,0.007546702573865131,0.4355913615657162,0.06266233073129772,3.6799906252682986,-0.030778415643770457,-1.249864413194129,Resorts & Casinos,Consumer Cyclical,PENN
2016Q1,2016,Q1,2016-05-06,2016-03-31,23708000.0,756451000.0,140531000.0,0.26,323055000.0,0.427066657324797,5128688000.0,-649097000.0,340420000.0,530274000.0,5777785000.0,0.0,-1610883000.0,1351355920.0,2831530920.0,-8.0167103053058,0.6419700004148798,0.3303794264732033,-2.610415700580961,0.023049124027871737,-8.0167103053058,-0.03652458723426545,1.786442109270792,14.249999156402902,-2.0819013491049874,0.0,0.0,0.0,0.1474940569595967,0.49270188619468425,0.004622624733655079,27.126945559659546,0.427066657324797,3.322047209353629,-0.5558456866144155,0.09476837600611726,-1.3390562789771812,0.05918283038910965,3.615045223913523,0.5507040077683616,-0.6520956630679519,-0.09232736793117272,-1.268142922585381,Resorts & Casinos,Consumer Cyclical,PENN
2015Q4,2015,Q4,2016-03-15,2015-12-31,-9066000.0,733967000.0,90624000.0,-0.11197016105127952,305004000.0,0.41555546775263735,5138752000.0,-678043000.0,372476000.0,557774000.0,5816795000.0,0.0,-1634591000.0,1297107360.0,2771057360.0,-8.374209564272306,0.6677901802522168,0.3329522421008058,-2.523378310815096,0.011789384853244479,-8.374209564272306,0.013370833413220106,1.7672556940570898,-35.76845797485109,-1.9130163721179922,0.0,0.0,0.0,0.1428298154882742,0.5059307174590425,-0.0017642415901759805,129.36146005784383,0.41555546775263735,-3.2394032210255905,0.9428479238298324,0.12425781507261434,-1.3681839836978837,-0.03457444283014747,-2.8502040816326533,-0.36257490926483416,-1.4248160856092003,-0.06418882757789618,-1.2856733507861766,Resorts & Casinos,Consumer Cyclical,PENN
2015Q3,2015,Q3,2016-03-08,2015-09-30,4900000.0,739297000.0,142172000.0,0.05,315927000.0,0.4273343460070851,5142006000.0,-676202000.0,373654000.0,534854000.0,5818208000.0,0.0,-1625525000.0,1346477540.0,2809602540.0,-8.426928205575564,0.6986093401189858,0.32800700738194394,-2.494245802289848,0.0037708725125479405,-8.426928205575564,-0.007246355379013963,1.8212944729925862,68.69783367346939,-1.991235666265406,0.0,0.0,0.0,0.14377598937068528,0.49437416566016146,0.0009529354886011412,15.990470162104389,0.4273343460070851,-0.736842105263158,-0.9022184614182709,0.11747132797190385,-1.3417670548212832,0.03740103829748109,-0.7098187847921354,3.09788436040814,-0.8996378389115697,-0.005293983326484193,-1.292547887539533,Resorts & Casinos,Consumer Cyclical,PENN
2015Q2,2015,Q2,2015-08-06,2015-06-30,16886000.0,700956000.0,34694000.0,0.19,304537000.0,0.43445950958405377,2325048000.0,599221000.0,406641000.0,491524000.0,1725827000.0,0.0,-335506000.0,1463559300.0,2491364300.0,7.512989292610146,0.8273064997843442,0.5423212768080486,2.1042703777070564,0.01123198679177618,7.512989292610146,0.028179920263141645,2.0879474603256125,21.66823552054957,2.4424365968482413,0.0,0.0,0.0,0.30148022750498055,0.5661025707798601,0.0072626457604316125,38.38038706632051,0.43445950958405377,0.5833333333333334,0.8201839479891943,0.15626678221287266,-0.6889576936446739,0.04539088406324447,0.5356493270280102,0.47772382656103585,-0.7578294471425407,-0.05945351582274522,-0.7326752886229492,Resorts & Casinos,Consumer Cyclical,PENN
2015Q1,2015,Q1,2015-05-06,2015-03-31,10996000.0,664138000.0,23478000.0,0.12,291314000.0,0.4386347415747932,2280678000.0,574999000.0,417243000.0,454877000.0,1705679000.0,0.0,-352392000.0,1243404000.0,2281626000.0,7.241801007556675,0.9172655465103753,0.5594612654657957,2.2190490766070896,0.006885689800126975,7.241801007556675,0.01912351151915047,1.872207282221466,28.26946162240815,2.162445499905217,0.0,0.0,0.0,0.291202002211623,0.6125765866377064,0.004821373293380302,74.13570236107799,0.4386347415747932,1.0377358490566038,-0.6991459742449524,0.10942331850553437,-0.6984647509270046,0.04743618784629711,1.0439125104330151,1.077056379354483,-0.866135315800851,-0.13641616424879813,-0.7334299060748609,Resorts & Casinos,Consumer Cyclical,PENN
2014Q4,2014,Q4,2015-02-27,2014-12-31,-250407000.0,651361000.0,-304686000.0,-3.18,278121000.0,0.42698442184902075,2236430000.0,554486000.0,386006000.0,435519000.0,1681944000.0,0.0,-363388000.0,1081992650.0,2134151650.0,7.03617790749318,0.8863126522608658,0.5637699369083763,2.2738752646595226,-0.13445363851965525,7.03617790749318,-0.4516020242170226,1.6611259347734972,-1.0802340290007868,1.9513434964994607,0.0,0.0,0.0,0.29125034094516705,0.574695937490672,-0.11196728714960898,-20.984710343088768,0.42698442184902075,-32.8,0.29766477500832084,0.16832267788568295,-0.7016241975933888,-0.0015221956954890592,-30.463113307447934,-14.34527615960755,-6.484202057772626,-0.07143655684753163,-0.7287995046222966,Resorts & Casinos,Consumer Cyclical,PENN
2014Q3,2014,Q3,2014-11-07,2014-09-30,8499000.0,645940000.0,22831000.0,0.1,278545000.0,0.43122426231538535,2463099000.0,798238000.0,404073000.0,440271000.0,1664861000.0,0.0,-113584000.0,880097100.0000001,1878785100.0,10.167341739905744,0.9177824567141601,0.4991252889144935,1.5401358993182483,0.005785510029961884,10.167341739905744,0.010647200459010972,1.3625059603059109,25.888254500529474,1.1025497408041212,0.0,0.0,0.0,0.2622468686804712,0.6200953503637532,0.0034505312210349644,473.67981700753506,0.43122426231538535,2.3333333333333335,-0.6032319188814674,0.03774179487834767,-0.6373754846539066,-0.03160591859155321,1.0352011494252873,-0.02356513557437345,-0.8803724700714876,-0.09448515132272627,-0.6004283696623386,Resorts & Casinos,Consumer Cyclical,PENN
2014Q2,2014,Q2,2014-08-01,2014-06-30,4176000.0,652146000.0,23382000.0,0.03,287636000.0,0.4410607440665127,2253858000.0,787753000.0,497101000.0,395680000.0,1466105000.0,0.0,-121601000.0,952480120.0,1756980120.0,10.040442019934233,1.2563207642539427,0.46844078020886853,1.3402665556335551,0.004096266740758816,10.040442019934233,0.005301154041939542,1.4605320281041363,57.02107998084292,1.2091101144648133,0.0,0.0,0.0,0.28934653381002706,0.8108067124949454,0.0018528230261178832,11.82059768174936,0.4410607440665127,-0.4000000000000001,-0.8542342127656649,0.1161963884013266,-0.6381617066539924,0.03665687564197286,-0.0795679964734406,0.295329898620575,-0.9450944089409727,-0.05280457000278013,-0.5939133822625122,Resorts & Casinos,Consumer Cyclical,PENN
2014Q1,2014,Q1,2014-05-01,2014-03-31,4537000.0,641080000.0,18051000.0,0.05,277465000.0,0.43280869782242465,2253440000.0,778149000.0,507637000.0,394833000.0,1475291000.0,0.0,-125777000.0,959937440.0,1734677440.0,9.986896312743047,1.2857005366825975,0.47147250426015336,1.3653362016785988,0.003924788482547355,9.986896312743047,0.005830502898545137,1.4973754289636239,52.89494379545956,1.2336164924712363,0.0,0.0,0.0,0.2844894916216984,0.8632307836477701,0.0020133662311843225,-24.601795022937544,0.43280869782242465,1.0043859649122808,-0.8885678113499788,0.04573199460863786,-0.6319885081249496,0.01286778126597065,1.0051049398760277,1.0172662820149831,-0.9116739245878894,-0.03587163601671191,-0.5776172802341991,Resorts & Casinos,Consumer Cyclical,PENN
2013Q4,2013,Q4,2014-02-27,2013-12-31,-888747000.0,644702000.0,-1045448000.0,-11.4,273940000.0,0.4249094930681152,2183991000.0,758400000.0,508861000.0,361469000.0,1425591000.0,0.0,-130314000.0,1116865870.0,1874662870.0,9.730686819179102,1.4077583416558543,0.48113385082630833,1.3855379746835443,-0.4582334517299383,9.730686819179102,-1.1718710443037974,1.732375376530552,-0.3141686751122648,1.4726606935654007,0.0,0.0,0.0,0.29519443990382743,0.9559132318400748,-0.40693711649910647,-39.89376589512788,0.4249094930681152,-29.5,-1.343828556511696,0.12708023521752082,-0.6319526220094351,-0.10003022458178377,-22.510443643052497,-12.207632933104632,-4.820402617074043,0.025904609782469612,-0.5721765726419129,Resorts & Casinos,Consumer Cyclical,PENN
2013Q3,2013,Q3,2013-11-08,2013-09-30,41317000.0,714435000.0,93280000.0,0.4,304388000.0,0.4260541546816715,5396738000.0,2392225000.0,401235000.0,478163000.0,3004513000.0,0.0,889581000.0,984211387.0,3116957387.0,30.421885928657723,0.8391176230699573,0.4448274124109786,1.0035080312261597,0.011414302353602818,30.421885928657723,0.01727136870486681,1.3776080217234599,5.955244735823026,0.4114209102404665,0.0,0.0,0.0,0.132382746762952,0.6505166648193189,0.007655921039709543,10.456540170413497,0.4260541546816715,3.5000000000000004,-0.694518833634425,0.260883160256436,0.9554096335993004,-0.0792081604007599,4.392200328407225,0.989718649346217,-0.15864199214118296,0.1019742166530139,0.23380644789013633,Resorts & Casinos,Consumer Cyclical,PENN
2013Q2,2013,Q2,2013-08-02,2013-06-30,-12180000.0,761371000.0,46881000.0,-0.16,330572000.0,0.4341799201703243,5433370000.0,2329618000.0,401282000.0,457048000.0,3103752000.0,0.0,848264000.0,934237563.6,3175302563.6,29.750185170995838,0.8779865572106212,0.45573925574735386,1.0629210454246147,-0.0045028431414708275,29.750185170995838,-0.005228324987186741,1.2270464249360693,-19.175647857142856,0.4010260753479755,0.0,0.0,0.0,0.1401286862481296,0.6289930160508306,-0.0022417026633562596,8.914395507676454,0.4341799201703243,-1.253968253968254,-1.3636619716310225,0.356177592996171,1.1294818629347463,-0.04448741628440035,-1.1866066093671002,-0.6483441473202566,-2.3372573650723805,0.2792129214540658,0.23167568190020837,Resorts & Casinos,Consumer Cyclical,PENN
2013Q1,2013,Q1,2013-05-03,2013-03-31,65271000.0,798246000.0,133315000.0,0.63,345963000.0,0.4334039882442255,5565576000.0,2318614000.0,427458000.0,471715000.0,3246962000.0,0.0,860444000.0,957166881.3000001,3323148881.3,29.89715420422163,0.9061785188090267,0.46961608286366047,1.127261372526863,0.01632952077386262,29.89715420422163,0.028150869441830335,1.1990876011906104,3.6661261559498093,0.4128185550936896,0.0,0.0,0.0,0.1434255861387932,0.6457076836649248,0.011727627113527872,13.681630664665525,0.4334039882442255,2.3157894736842106,0.7907040011769971,0.4541471311708326,1.2549546349229523,0.11784149509518825,2.2250111171500566,0.8189322309088181,0.8283665300722312,0.36520418497823054,0.24486240786465988,Resorts & Casinos,Consumer Cyclical,PENN
2012Q4,2012,Q4,2013-02-22,2012-12-31,20239000.0,743811000.0,73293000.0,0.19,309492000.0,0.416089571141056,5644057000.0,2250929000.0,487140000.0,499619000.0,3393128000.0,0.0,795173000.0,852573739.6999999,3322676739.7,29.313933348092775,0.975022967501236,0.48379561014355454,1.2130857970198083,0.0061647773584706765,29.313933348092775,0.008991398662507791,1.1462236236086853,10.531322443055487,0.37876527411570954,0.0,0.0,0.0,0.13178658542959434,0.6288531861278294,0.0035858957483951705,13.886470449214931,0.416089571141056,-0.5681818181818182,-0.29104952050177696,0.4330972273417153,1.266541772052251,0.0361992768179992,-0.5642466520260087,-0.257160521354874,1.0582576696818355,0.3692089351910462,0.24308516632537688,Resorts & Casinos,Consumer Cyclical,PENN
2012Q3,2012,Q3,2012-11-05,2012-09-30,46446000.0,707044000.0,98666000.0,0.44,298680000.0,0.4224348131092266,4968196000.0,2198881000.0,439127000.0,436588000.0,2769315000.0,0.0,774934000.0,751092804.8,2710109804.8,28.80529501152798,1.005815551503935,0.4380763158297297,0.9897984474830607,0.013465260281230407,28.80529501152798,0.021122561884885996,1.0622999485180553,4.042828256469879,0.34157956014900304,0.0,0.0,0.0,0.1423140310889506,0.6282421871421111,0.009348664988257307,-192.58789866666666,0.4224348131092266,-0.30158730158730157,0.12674375566765994,0.26956445851152877,1.2854575760184348,0.006703944507922384,-0.30331348343258285,-0.22926219583642543,1.230040723209256,0.16825903487724894,0.02735861645714808,Resorts & Casinos,Consumer Cyclical,PENN
2012Q2,2012,Q2,2012-08-02,2012-06-30,66667000.0,712551000.0,128015000.0,0.63,296691000.0,0.4163786171095122,4782989000.0,2143154000.0,377409000.0,383637000.0,2639835000.0,0.0,728488000.0,768762068.4000001,2666669068.4,28.104357632741912,0.9837659037058469,0.43948104417551453,0.9808128580587303,0.017796196653595053,28.104357632741912,0.0311069573161798,1.078887080924734,2.8828433422832886,0.3587059391905575,0.0,0.0,0.0,0.14897609005582074,0.6718017292388377,0.013938355283693941,-29.278366469893747,0.4163786171095122,-0.14864864864864863,0.9427578987148696,0.27192536023317676,1.3437846303055965,-0.03698642586810176,-0.15202431982090844,-0.10237352312169126,1.3942171766732634,0.25478480058703845,0.01282720235097636,Resorts & Casinos,Consumer Cyclical,PENN
2012Q1,2012,Q1,2012-05-03,2012-03-31,78619000.0,736059000.0,142615000.0,0.74,308086000.0,0.4185615555274781,4649963000.0,2064498000.0,377206000.0,394580000.0,2585465000.0,0.0,661821000.0,738448896.8,2551597896.8,27.166592099376267,0.955968371432916,0.43669164679374867,0.9835805120663715,0.021821175415285745,27.166592099376267,0.038081412527403755,1.0032468821113525,2.348188404838525,0.3576893253468882,0.0,0.0,0.0,0.15829351760433363,0.6919255917684627,0.016907446360325876,249.05527716694772,0.4185615555274781,0.2771810769684995,1.0285141138233642,0.36773222850722065,1.371881548781926,0.1547581119727733,0.785537462242511,0.19705719417817993,0.9798045366093653,0.23104438882158465,0.0010735842822050215,Resorts & Casinos,Consumer Cyclical,PENN
2011Q4,2011,Q4,2012-02-24,2011-12-31,44031000.0,676450000.0,119138000.0,0.579401005342527,266797000.0,0.3944075689260108,4606346000.0,1971631000.0,415789000.0,426340000.0,2634715000.0,0.0,583202000.0,654087957.4000001,2458812957.4,25.944561412743113,0.9752521461744148,0.44355439213641357,1.0362816368783003,0.01717481204381749,25.944561412743113,0.02233227211379817,0.9669420613496934,3.713792313370126,0.3317496820652546,0.0,0.0,0.0,0.14685175625105018,0.691858610498663,0.009558769575711421,16.467056655169813,0.3944075689260108,-0.12211968887495908,-0.4415062570753371,0.24555584696598673,1.3714382727791277,-0.08460939349543843,-0.37811957120461,-0.08590938734798788,1.1190917747137754,0.21284985972824166,-0.01868922733648876,Resorts & Casinos,Consumer Cyclical,PENN
2011Q3,2011,Q3,2011-11-04,2011-09-30,70803000.0,710905000.0,130335000.0,0.66,291457000.0,0.4099802364591612,4484261000.0,1990915000.0,370332000.0,363670000.0,2493346000.0,0.0,539171000.0,588880588.8,2348832588.8,25.445604662457505,1.0183188055104904,0.43881767809679234,0.988376198883428,0.02137038422652312,25.445604662457505,0.035563045132514445,0.8283534210618858,2.079292504554892,0.2957838927327384,0.0,0.0,0.0,0.15853336815140778,0.689047763081915,0.015789223687024463,11.58392849162011,0.4099802364591612,-0.07042253521126751,-0.5081939208508331,0.24706807555098148,1.606400155109073,0.020547009863825287,-0.06824671991998842,-0.07295578695800614,-0.4738818704284928,0.26095514726057417,0.6355521352756596,Resorts & Casinos,Consumer Cyclical,PENN
2011Q2,2011,Q2,2011-08-08,2011-06-30,75989000.0,687879000.0,140592000.0,0.71,285589000.0,0.41517330809633674,4547468000.0,1938109000.0,485485000.0,309017000.0,2609359000.0,0.0,468368000.0,714912956.1,2491063956.1,24.724877849643434,1.5710624334583534,0.4613855446591378,1.0825686274610975,0.0231554589277388,24.724877849643434,0.03920780513376699,1.0393004526958958,2.352027780665623,0.3688713875741767,0.0,0.0,0.0,0.1512663750465094,1.212389609633127,0.01671017805952675,5.258220784636771,0.41517330809633674,0.47916666666666663,0.900800371580886,0.3077083398968447,2.0605423742972544,0.028500945349779417,0.4747127775190188,0.14549232085387218,1.2664822720691082,0.2240052523843625,0.7697765120273479,Resorts & Casinos,Consumer Cyclical,PENN
2011Q1,2011,Q1,2011-05-04,2011-03-31,51528000.0,667023000.0,122735000.0,0.48,277675000.0,0.4162899929987422,4434787000.0,1848077000.0,421154000.0,1010086000.0,2586710000.0,0.0,392512000.0,654903765.6,2555563765.6,23.644187712699267,0.41694865585702606,0.48145220954241996,1.1553295668957517,0.01768768230561554,23.644187712699267,0.027881955134986258,0.981830859805434,3.177416965533302,0.35437038911257485,0.0,0.0,0.0,0.15040699812640382,0.27323416025962144,0.011619047318394322,13.7106679562869,0.4162899929987422,1.245002742731761,0.31849236201734854,0.25878312330863934,2.2104410728560193,0.09969425984744676,1.3364940051720084,0.33597840403182794,0.4026514420680813,0.20563361428133606,0.7833326311776845,Resorts & Casinos,Consumer Cyclical,PENN
2010Q4,2010,Q4,2011-02-25,2010-12-31,-153132000.0,630221000.0,91869000.0,-1.9591617409994626,252502000.0,0.40065627771845114,4462879000.0,1777766000.0,465953000.0,691529000.0,2685113000.0,0.0,337940000.0,621153414.0,2545891414.0,22.744632941838745,0.6738010987247101,0.4864848453206999,1.2212647783791568,0.02311927914522152,22.744632941838745,-0.08613732065974937,0.9856120535494691,-1.014081664838179,0.3494011101573548,0.0,0.0,0.0,0.14121400109660154,0.42058684451411293,-0.034312379968177494,13.562005502063274,0.40065627771845114,-5.2590472630423095,-5.374613731112671,0.29111862889525586,2.494282882763903,-0.034069347533357816,-4.167483710828421,-0.1683203273523927,-6.269687258507817,0.19288332136423392,0.7586060540056202,Resorts & Casinos,Consumer Cyclical,PENN
2010Q3,2010,Q3,2010-11-05,2010-09-30,48345000.0,638256000.0,110462000.0,0.46,261408000.0,0.40956606753403024,4489679000.0,1908792000.0,541894000.0,308927000.0,2580887000.0,0.0,491072000.0,518240281.59999996,2263873281.6,24.656935438034463,1.7541166683391223,0.4679788911412152,1.1007354389582522,0.01608787132444254,24.656935438034463,0.02532753699722128,0.8119630392820435,2.679906306753542,0.27150170453354794,0.0,0.0,0.0,0.1421607201762086,1.2927293502995854,0.010768030409300976,5.681836219712751,0.40956606753403024,4.111111111111112,-0.06147543810824671,1.3298826362301925,3.04184918634909,0.07992167295982021,4.280144167758847,1.1361412465432887,0.15648045583965295,0.13009020797715087,0.956320179178893,Resorts & Casinos,Consumer Cyclical,PENN
2010Q2,2010,Q2,2010-08-09,2010-06-30,9156000.0,598311000.0,51711000.0,0.09,242062000.0,0.40457554683099595,4474486000.0,1901349000.0,597502000.0,311471000.0,2575895000.0,0.0,442727000.0,411107404.2,2115287404.2,24.15423606082549,1.918323054152714,0.4698604487755689,1.1057328244314957,0.004553870510985858,24.15423606082549,0.004815528343297312,0.6871132307445459,11.225082028178244,0.2162188026501184,0.0,0.0,0.0,0.1337161408036588,1.471466043387667,0.002046268554645159,20.699229857509692,0.40457554683099595,-0.7352941176470588,-0.20120616455888995,1.0797337689243067,3.4533749025476417,0.016034116570545917,-0.7468200420307488,-0.4400602050871133,-0.7415213144145535,0.03462708096976091,1.0143611882515309,Resorts & Casinos,Consumer Cyclical,PENN
2010Q1,2010,Q1,2010-05-07,2010-03-31,36164000.0,592323000.0,92351000.0,0.34,238242000.0,0.40221635830450614,4655748000.0,1886803000.0,819968000.0,364126000.0,2769519000.0,0.0,433571000.0,493964862.5,2154285862.5,24.016432671868436,2.2518798437903365,0.4946204133041565,1.2204920174496225,0.014217135071125554,24.016432671868436,0.019166812857516126,0.8339450983669383,3.414755437036832,0.2617999136634826,0.0,0.0,0.0,0.127224025011663,1.9059528844411,0.007767602542061984,-18.53596241885249,0.40221635830450614,1.0751502925950933,1.3944600455869547,1.1421227205569175,3.5792647873379515,1.2731960713487107,1.1017443169029935,0.5133058040835053,-0.09741476598497745,0.06465352266607578,1.0968450261847906,Resorts & Casinos,Consumer Cyclical,PENN
2009Q4,2009,Q4,2010-02-26,2009-12-31,-355440000.0,555806000.0,61026000.0,-4.524267148657765,-872055000.0,-1.5689916985422971,4712616000.0,1852641000.0,938448000.0,430256000.0,2860540000.0,0.0,397407000.0,482950329.90000004,2104609329.9,23.58159693494393,2.1811386709307947,0.49543119999592583,1.2602425402439004,0.010459877456117098,23.58159693494393,-0.1918558425512552,0.8689188851865579,-0.33968484828663065,0.2606820910797073,0.0,0.0,0.0,0.11794001463306156,1.8437488379011566,-0.0754230771189505,-853.26913409894,-1.5689916985422971,-23.621335743288824,-23.05989506972185,1.1017260066839636,3.8691259931335504,-2.405574556836754,-17.64746381902487,-0.3017939682394398,-5.361012270510651,-0.010052917922908411,1.1554537236196953,Resorts & Casinos,Consumer Cyclical,PENN
2009Q3,2009,Q3,2009-11-09,2009-09-30,21351000.0,620426000.0,87404000.0,0.2,620426000.0,1.0,5251239000.0,2194130000.0,969256000.0,346042000.0,3057109000.0,0.0,752847000.0,489375467.99999994,2106571468.0,28.038208421187143,2.8009779159755173,0.45353201406372856,1.085443888921805,0.008987195160220637,28.038208421187143,0.009730963981167934,0.7887733073726761,5.730123507095686,0.22303850182076723,0.0,0.0,0.0,0.11814849790687493,2.455892637309922,0.0040658975910256604,21.30683855799373,1.0,-0.25925925925925924,0.28362797017804264,1.2207179464570996,4.972172067210681,2.6158231523899063,-0.25031601123595504,0.13948243269669514,-0.8517180457495896,0.0881692009477023,1.8719612580393217,Resorts & Casinos,Consumer Cyclical,PENN
2009Q2,2009,Q2,2009-08-07,2009-06-30,28480000.0,580817000.0,76705000.0,0.27,-383969000.0,-0.6610843002184853,5217004000.0,2164266000.0,988780000.0,438948000.0,3052738000.0,0.0,731496000.0,513322874.40000004,2097564874.4,27.74842299605108,2.2526130657845576,0.45607766449862797,1.0993838095686945,0.009440707833379216,27.74842299605108,0.013159195773532459,0.8837945073921735,4.505994332865169,0.23718104632240217,0.0,0.0,0.0,0.11133152284337908,1.9891308309868139,0.005459071911771584,-36.03530181818182,-0.6610843002184853,-0.28947368421052627,0.48131845320799066,0.9699055090912132,5.214005974257071,-2.535047074579727,-0.2995745308772534,-0.2393018297218228,-0.28402562859905295,0.10971095784820428,2.4348086536881897,Resorts & Casinos,Consumer Cyclical,PENN
2009Q1,2009,Q1,2009-05-11,2009-03-31,40661000.0,612226000.0,100835000.0,0.38,250135000.0,0.40856644441758433,5166415000.0,2111647000.0,911302000.0,430145000.0,3054768000.0,0.0,703016000.0,424858980.0,2070838980.0,27.137457751275495,2.118592567622546,0.46148364000956177,1.1290788659278752,0.012244868193035833,27.137457751275495,0.019255585805771514,0.6939577541626785,2.6122019871621456,0.2011979180232302,0.0,0.0,0.0,0.11850112699037921,1.8811261318857595,0.007870254325291329,10.480511618728107,0.40856644441758433,1.0781063097473935,1.3419606041583039,0.8962193673685015,5.567648035532463,0.07949886498010478,1.1074059692582408,-0.6148925281473899,0.04509529256036915,0.16055406121482296,2.6847621934077277,Resorts & Casinos,Consumer Cyclical,PENN
2008Q4,2008,Q4,2009-03-02,2008-12-31,-378573000.0,571086000.0,261836000.0,-4.865163918625423,231714000.0,0.4057427427742932,5189676000.0,2057273000.0,906303000.0,470486000.0,3132403000.0,0.0,662355000.0,376124698.1,2060026698.1,26.43867991209695,1.926312366361592,0.4682720077322746,1.181262768723451,0.0497080276712571,26.43867991209695,-0.18401690004194873,0.6586130602045926,-0.24838320356972104,0.18282682857355345,0.0,0.0,0.0,0.11004270786846809,1.6788002193476532,-0.07294732850374475,-16.923495977502814,0.4057427427742932,-3.878795218121552,-43.23928743900909,0.9702748178283065,5.801511192251612,-0.07591625124626121,-3.5667532256205465,3.6422992310331606,-11.863428188259288,0.1752176214003348,3.0618033667966333,Resorts & Casinos,Consumer Cyclical,PENN
2008Q3,2008,Q3,2008-11-10,2008-09-30,147491000.0,617887000.0,-99094000.0,1.69,250750000.0,0.4058185396358881,5049794000.0,1334091000.0,284600000.0,493027000.0,3715703000.0,0.0,1040928000.0,515112315.1251,2783216315.1251,15.557807124362224,0.5772503331460549,0.47403121790710673,1.794300388804062,-0.015363819328982864,15.557807124362224,0.11055542687867619,0.8336675073680139,0.8731249959745002,0.38611482659361324,0.0,0.0,0.0,0.12235885265814804,0.36552764858719705,0.029207330041581894,4.487510150234345,0.4058185396358881,3.023809523809524,8.905724821701579,0.7876743382787156,3.149679794685332,-0.023848082343231755,2.9837668476352537,-1.8723754522805505,1.5848898153506583,1.03624782523946,1.5502889531835595,Resorts & Casinos,Consumer Cyclical,PENN
2008Q2,2008,Q2,2008-08-11,2008-06-30,37023000.0,620586000.0,113591000.0,0.42,256876000.0,0.4139249032366183,5040174000.0,1209297000.0,291364000.0,498227000.0,3830877000.0,0.0,893437000.0,629178672.0,3462013672.0,13.970621534195933,0.584801706852499,0.5867269661721997,2.4453926537484176,0.014653389125962823,13.970621534195933,0.03061530790202903,1.0138460616256249,4.248566242605947,0.5202846546381906,0.0,0.0,0.0,0.12312789201325193,0.35937835564913184,0.007345579735937688,37.53153614889048,0.4139249032366183,-0.0869565217391305,1.1748092430400234,0.7359675276259818,2.978114701502673,0.0024703113841158587,-0.09114787902592301,-0.04190318744253916,1.9373237317809113,0.9617064344166972,1.575797270371361,Resorts & Casinos,Consumer Cyclical,PENN
2008Q1,2008,Q1,2008-05-12,2008-03-31,40736000.0,613494000.0,118559000.0,0.46,256243000.0,0.4176780865012535,5005573000.0,1149139000.0,296361000.0,482271000.0,3856434000.0,0.0,856414000.0,856912091.1119999,3707030091.112,13.258428236736195,0.6145113432074497,0.6029313726919975,2.6263289297465318,0.01593615147297377,13.258428236736195,0.03544914931962104,1.3967733850893405,5.258936144393165,0.7456992505797818,0.0,0.0,0.0,0.12256219218059551,0.4727031067594776,0.008138129241147816,-25.383970943539307,0.4176780865012535,0.2372925053533192,1.7956214590884143,1.4652935459026921,2.997342422599259,0.04406587675407859,0.26419017471992057,0.07070351304976068,1.444820920748973,1.011099729974776,1.5280129813388243,Resorts & Casinos,Consumer Cyclical,PENN
2007Q4,2007,Q4,2008-02-29,2007-12-31,32223000.0,585841000.0,110730000.0,0.3717795088952254,245428000.0,0.41893278210299384,4967032000.0,1120962000.0,302703000.0,493874000.0,3846070000.0,0.0,815678000.0,1166913049.59,3983978049.59,12.93333028737888,0.6129154399705188,0.6022584513246543,2.668633727102257,0.01447840551848126,12.93333028737888,0.028745845086630948,1.9918596506389958,9.053417198817614,1.0409925132074058,0.0,0.0,0.0,0.11794588800716403,0.467323649351859,0.006487375156834101,-26.514725053169734,0.41893278210299384,-0.28503940597072047,2.825982828486446,2.242352179536535,3.1071439719895726,-0.09119253485401121,-0.3083708950418545,-0.1729098663718731,0.8127614231919406,1.0080298620164065,1.6704728629612482,Resorts & Casinos,Consumer Cyclical,PENN
2007Q3,2007,Q3,2007-11-08,2007-09-30,46590000.0,629450000.0,133879000.0,0.52,270055000.0,0.429033283024863,4843552000.0,1087422000.0,304437000.0,452396000.0,3756130000.0,0.0,783455000.0,1160625925.2116,3907450925.2116003,12.603732098895732,0.6729436157702544,0.6040942680082716,2.6907327606025997,0.018967687959893027,12.603732098895732,0.04284445229175058,1.8438731038392249,6.227870386411246,1.0673187825992116,0.0,0.0,0.0,0.12995628001929163,0.5079355255130461,0.009618973843988875,-150.32067416288047,0.429033283024863,0.20930232558139542,3.248209964922898,2.253932228400414,3.131635247886446,0.01894089459882657,0.21648084806391812,0.04250895499143435,1.540544496074222,1.04351483492557,1.6846100739715069,Resorts & Casinos,Consumer Cyclical,PENN
2007Q2,2007,Q2,2007-08-09,2007-06-30,38299000.0,625244000.0,128420000.0,0.43,265035000.0,0.4238905131436687,4732942000.0,1020542000.0,262197000.0,379699000.0,3712400000.0,0.0,736865000.0,1155293591.9527,3941148591.9526997,11.991015415557827,0.6905390849067288,0.6223294094877985,2.8861614710614556,0.016928761036737995,11.991015415557827,0.037528097814690624,1.847748386154365,7.541277787623045,1.1320392418466854,0.0,0.0,0.0,0.13210472471456444,0.5289215931566846,0.008092007043399222,42.41010212373627,0.4238905131436687,-0.12244897959183673,2.8025540225406123,2.4464145127467996,3.083560588344559,0.044938238506211634,-0.10810181411704432,0.02917134156114762,0.8255481484026952,0.9433589176547122,1.6852784188956946,Resorts & Casinos,Consumer Cyclical,PENN
2007Q1,2007,Q1,2007-05-10,2007-03-31,42941000.0,596258000.0,124780000.0,0.49,253637000.0,0.425381294674453,4509819000.0,964371000.0,286285000.0,361243000.0,3545448000.0,0.0,698566000.0,807509712.8334,3430125712.8334,11.453604044151195,0.792499785462971,0.6194124420514437,2.896642474732235,0.018488844964971055,11.453604044151195,0.04452746920013149,1.354295812942384,4.701274497760881,0.837343421601645,0.0,0.0,0.0,0.1322132883825271,0.5976503350929984,0.009521668164509485,8.540196214156989,0.425381294674453,-0.527681292386949,7.4029629844884495,2.1381218638085513,2.8012624371531025,-0.04145770897973221,-0.5084029765311964,-0.37311603231381374,1.285724411319901,0.7067158055649233,1.7719339368405163,Resorts & Casinos,Consumer Cyclical,PENN
