Quarters,Year,Quarter,FillingDate,Date,NetIncome,Revenue,OperatingIncome,EPSDiluted,GrossProfit,GrossProfitRatio,TotalAssets,CommonStockEquity,CurrentAssets,CurrentLiability,TotalLiability,Inventory,RetainedEarnings,MarketCap,EnterpriseValue,bookValuePerShare,currentRatio,debtToAssets,debtToEquity,roic,shareholdersEquityPerShare,roe,priceToSalesRatio,peRatio,pbRatio,payoutRatio,inventoryTurnover,dividendYield,assetTurnover,quickRatio,returnOnAssets,priceToFreeCashFlowsRatio,grossProfitMargin,epsdilutedGrowth,fiveYNetIncomeGrowthPerShare,fiveYRevenueGrowthPerShare,fiveYShareholdersEquityGrowthPerShare,grossProfitGrowth,netIncomeGrowth,operatingIncomeGrowth,threeYNetIncomeGrowthPerShare,threeYRevenueGrowthPerShare,threeYShareholdersEquityGrowthPerShare,Industry,Sector,Symbol
2023Q3,2023,Q3,2023-04-28,2023-03-31,97187000.0,1132035000.0,126911000.0,2.47,333118000.0,0.2942647533,2608638000.0,1380660000.0,1506745000.0,480592000.0,1227978000.0,526978000.0,1727534000.0,5488634210.0,5928709210.0,35.752647797602094,3.1351853547291673,0.23851603787110362,0.4506554836092883,0.05036177004422732,35.752647797602094,0.07039169672475483,4.8484668848578005,14.11874584563779,3.97536990280011,0.1396277279883112,1.516034824983206,0.002472381922496526,0.4339563404351236,1.8472321636648135,0.037255840020731124,81.66152190085104,0.29426475329826374,0.20487804878048801,1.659883343458404,0.36976424278332765,0.7154464868769613,0.0797815270417011,0.20793715897933057,0.12417067488683975,2.176058383610869,0.3648826817768262,0.6651222333207042,Industrial Distribution,Industrials,AIT
2023Q2,2023,Q2,2023-01-27,2022-12-31,80457000.0,1060280000.0,112893000.0,2.05,308505000.0,0.290965594,2522904000.0,1295876000.0,1422252000.0,447205000.0,1227028000.0,523021000.0,1643874000.0,4862111370.0,5345814370.0,33.59019155499106,3.180313279144911,0.25733876516902743,0.5010054974395698,0.044074171626075735,33.59019155499106,0.0620869589374292,4.585686205530615,15.107794753719379,3.751988130037133,0.16355320233168028,1.4373705835903339,0.0027064373887429076,0.42026173013321155,1.8337183171028946,0.0318906307968912,87.42131668374778,0.2909655939940393,0.040609137055837484,1.6088788617913075,0.5948642610376398,0.6689014047067467,0.005613088078544118,0.0465270551508845,0.05970975857019487,1.119402221847026,0.2745808720087856,0.3491706479030196,Industrial Distribution,Industrials,AIT
2023Q1,2023,Q1,2022-10-28,2022-09-30,76880000.0,1062405000.0,106532000.0,1.97,306783000.0,0.28876276,2474174000.0,1221440000.0,1390496000.0,451263000.0,1252734000.0,490099000.0,1576551000.0,3959702280.0,4461411280.0,31.704303587187873,3.081342808960628,0.2624245505772836,0.5315725700812156,0.04420338883447008,31.704303587187873,0.06294210112653917,3.7271118641196153,12.876243106139437,3.2418311828661253,0.17039542143600417,1.5417742129651357,0.0033083295343103425,0.4293978515658155,1.8209137465291858,0.031072996482866606,194.20777281867674,0.28876275996442036,-0.024752475247524774,1.303911135669396,0.5771990678917368,0.5954026110119564,0.0005087614593626785,-0.028225449673252183,-0.024646597817329526,0.9858661438700783,0.24327885732502194,0.3202133956751715,Industrial Distribution,Industrials,AIT
2022Q4,2022,Q4,2022-08-12,2022-06-30,79113000.0,1061459000.0,109224000.0,2.02,306627000.0,0.2888731454,2452588000.0,1149355000.0,1359529000.0,499627000.0,1303233000.0,449821000.0,1499676000.0,3699756070.0,4204606070.0,29.875880533388788,2.7210879315969714,0.2810598437242619,0.5997485546241152,0.04667246455441687,29.875880533388788,0.06883251910854349,3.4855383674734495,11.6913657363518,3.2189846218096236,0.1667614677739436,1.678071944173349,0.0035659107655710933,0.4327914023880081,1.6830615639266893,0.0322569465397368,78.2239057445504,0.28887314535935915,0.1542857142857143,0.5152984698090554,0.5799893231811799,0.5643971493486318,0.06718199663098105,0.15821450531432085,0.13961374330937054,0.9931938464113634,0.20583096533239878,0.2848806122149284,Industrial Distribution,Industrials,AIT
2022Q3,2022,Q3,2022-04-28,2022-03-31,68306000.0,980662000.0,95843000.0,1.75,287324000.0,0.2929898375,2383571000.0,1098394000.0,1295040000.0,464356000.0,1285177000.0,425373000.0,1446847000.0,3947584980.0,4480863980.0,28.564585337945022,2.788894727321279,0.3026396109031365,0.6567433908051209,0.04018612013271895,28.564585337945022,0.062187156885416345,4.025428720598942,14.448163338506133,3.593960800951207,0.19247211079553772,1.629953005950072,0.0033303906227751426,0.41142554595604663,1.7360882598695828,0.028657002455559327,81.57009980369872,0.2929898374771328,0.1986301369863014,1.3488128870610498,0.46412588326628323,0.5781804915841697,0.11527996118389132,0.19780451022340687,0.212496521013081,3.151406505379967,0.11301071440082526,0.25029594133328664,Industrial Distribution,Industrials,AIT
2022Q2,2022,Q2,2022-01-28,2021-12-31,57026000.0,876874000.0,79046000.0,1.46,257625000.0,0.2937993372,2225709000.0,1021689000.0,1143618000.0,399855000.0,1204020000.0,399763000.0,1391655000.0,3949431200.0,4516036200.0,26.567739754524652,2.8600817796451214,0.3241430034204831,0.706132688127209,0.035896624394919446,26.567739754524652,0.05581541936929927,4.503989398704945,17.31416897555501,3.8655904096060545,0.22363483323396346,1.549040306381531,0.0032290725813884287,0.39397513331706885,1.6880544197271512,0.02562149858764106,137.45279643615356,0.2937993371909761,0.07352941176470577,1.4002677419386882,0.46177050031280265,0.5200024278078856,0.00894885251037832,0.07659196888746247,0.05939904039456402,0.4838853551891611,0.05164073071618846,0.15664298422832368,Industrial Distribution,Industrials,AIT
2022Q1,2022,Q1,2021-10-28,2021-09-30,52969000.0,891681000.0,74614000.0,1.36,255340000.0,0.286358013684266,2303180000.0,976570000.0,1210567000.0,466827000.0,1326610000.0,377978000.0,1347375000.0,3470185260.0,4041580260.0,25.364136927951794,2.593181199887753,0.3554685261247493,0.8383505534677493,0.032596806396944206,25.364136927951794,0.054239839438033115,3.891733994556349,16.378378202344766,3.5534424158022464,0.23998942777851195,1.683539782738678,0.0036632050013375946,0.3871521114285466,1.6668637418144194,0.022998202485259512,77.07925767974945,0.286358013684266,-0.0993377483443708,0.9624659208372135,0.44712532258329873,0.45539021676153046,-0.029066407081799653,-0.10591789885895618,-0.0799866832714763,0.0883292799759851,0.037102630472376885,0.1276302609636656,Industrial Distribution,Industrials,AIT
2021Q4,2021,Q4,2021-08-17,2021-06-30,59244000.0,895888000.0,81101000.0,1.51,262984000.0,0.29354562177415033,2271807000.0,932546000.0,1196575000.0,427700000.0,1339261000.0,362547000.0,1294413000.0,3523293520.0,4093928520.0,24.101778145353045,2.797696983867197,0.3646348479426289,0.8882993439465721,0.03693098008937077,24.101778145353045,0.06352930579295821,3.932738824495919,14.867722976166363,3.778144477591454,0.21760853419755588,1.745715727891832,0.00365907635194697,0.39435040036411545,1.809836333878887,0.026077919471152258,101.79104729436916,0.29354562177415033,0.0633802816901409,1.2926126980885855,0.42540318125905874,0.42980623820233776,0.06374355344321973,0.056739739221946736,0.0890864409738542,0.4674369037129106,-0.0022997606957156588,0.1439844290091041,Industrial Distribution,Industrials,AIT
2021Q3,2021,Q3,2021-04-30,2021-03-31,56063000.0,840937000.0,74467000.0,1.42,247225000.0,0.29398754008921,2305388000.0,934907000.0,1226356000.0,465746000.0,1370481000.0,358237000.0,1260761000.0,3540586950.0,4088618950.0,24.073825157718552,2.6331004453070985,0.36958984778267256,0.9113719332511148,0.034098445065672826,24.073825157718552,0.059966392379135036,4.21028798827974,15.788429757594134,3.7871006955772075,0.22961668123361217,1.657316245948911,0.003635837837565322,0.3647702686055449,1.7479398642178354,0.024318249249150253,87.80128828270304,0.29398754008921,11.142857142857142,2.2621996235281943,0.3374358237344763,0.43330523998602327,0.17988011492168335,11.510498687664041,31.746077621800165,0.5257591033088823,0.011823249491204488,0.15508532476490555,Industrial Distribution,Industrials,AIT
2021Q2,2021,Q2,2021-01-29,2020-12-31,-5334000.0,751287000.0,-2422000.0,-0.14,209534000.0,0.2789000741394434,2241017000.0,880707000.0,1151596000.0,425867000.0,1360310000.0,363757000.0,1217582000.0,3024530190.0,3597469190.0,22.7097547768237,2.704121239729775,0.3845191714297571,0.9784343714765523,-0.0007291863259624777,22.7097547768237,-0.006056497790979293,4.025798649517428,-141.75713301462318,3.434207051834492,-2.3404574428196474,1.4893266658785949,0.004127583199954768,0.3352437754822922,1.7211359415028635,-0.00238016936060726,41.62464823429028,0.2789000741394434,-1.1573033707865168,-1.2255045517103023,0.2461869140900287,0.26013563669257056,-0.028950649037681724,-1.1533463661453542,-1.0463026688078305,-1.172058072339356,0.12419330198507607,0.12831573423865567,Industrial Distribution,Industrials,AIT
2021Q1,2021,Q1,2020-10-29,2020-09-30,34784000.0,747807000.0,52308000.0,0.89,215781000.0,0.28855172524461525,2249253000.0,885406000.0,1136334000.0,414051000.0,1363847000.0,365355000.0,1235351000.0,2133582200.0,2734000200.0,22.86570941583596,2.7444300339813212,0.38745218968253015,0.9842693634332724,0.02310023702807648,22.86570941583596,0.0392859321034644,2.8531187859969216,15.334508682152714,2.409721867708148,0.35691697332106714,1.4561891858603275,0.005818852444494521,0.3324690463900682,1.734308092481361,0.015464689832579972,27.267968560291393,0.28855172524461525,0.15584415584415584,0.4649205850100366,0.19178906815772218,0.2755245881199593,0.03596428057035864,0.15989196038547468,0.11227353916815515,0.037117616577138766,0.10454158573947227,0.15063282826396535,Industrial Distribution,Industrials,AIT
2020Q4,2020,Q4,2020-08-14,2020-06-30,29989000.0,725076000.0,47028000.0,0.77,208290000.0,0.28726643827681514,2283551000.0,843542000.0,1159769000.0,426083000.0,1440009000.0,389150000.0,1200570000.0,2413931490.0,3079169490.0,21.802021141867616,2.7219321118185893,0.40891970444277354,1.1069857813837367,0.019798546176541042,21.802021141867616,0.03555128256802862,3.329211682637406,20.12347435726433,2.8616612925023297,0.4152522591616926,1.3279866375433638,0.005158804237646363,0.31752126403132663,1.686406169689943,0.013132616700918876,19.59391783957532,0.28726643827681514,1.3598130841121496,0.10720799198521107,0.10808037310626278,0.17819989395449837,-0.12021862539703994,1.3622866255119175,1.6033098139833226,-0.4288688650279802,0.07314394496656054,0.1416239158627932,Industrial Distribution,Industrials,AIT
2020Q3,2020,Q3,2020-05-01,2020-03-31,-82777000.0,830797000.0,-77950000.0,-2.14,236752000.0,0.2849697338820434,2289529000.0,830560000.0,1162519000.0,447861000.0,1458969000.0,421201000.0,1195411000.0,1768541040.0,2546477040.0,21.471485445426815,2.5957138487164544,0.4120498146125251,1.135860142554421,-0.042628053546989175,21.471485445426815,-0.0996640820651127,2.1287282452873564,-5.341281515396789,2.1293356771335,-0.15001751694311222,1.4103598994304383,0.007021606917303994,0.36286808334814713,1.5396406474330204,-0.036154597736040905,29.24803678039261,0.2849697338820434,-3.20618556701031,-4.051708640674937,0.2886681101697636,0.18976438783803862,-0.01857947055556016,-3.1765664852357287,-2.3269214401225637,-3.8295707491806894,0.23303469890857162,0.18628991299559458,Industrial Distribution,Industrials,AIT
2020Q2,2020,Q2,2020-01-29,2019-12-31,38031000.0,833375000.0,58745000.0,0.97,241234000.0,0.28946632668366584,2418997000.0,962241000.0,1142555000.0,420701000.0,1456756000.0,463609000.0,1290685000.0,2577501810.0,3397546810.0,24.896918419622757,2.71583618769625,0.39197816285014,0.9854017860390484,0.023683816483480186,24.896918419622757,0.03952336265031318,3.0928475296235187,16.943426481028634,2.678644757394457,0.31597906970629225,1.2772422450815235,0.004662266367137876,0.34451262238026753,1.4999797956268228,0.015721805359824755,53.85278112072208,0.28946632668366584,-0.030000000000000027,0.3656297042395859,0.2852139847825164,0.31315696551238886,-0.04066650759564146,-0.01979432459599474,-0.03958081286989504,0.5927601136953652,0.3823191223131041,0.4244108378213279,Industrial Distribution,Industrials,AIT
2020Q1,2020,Q1,2019-10-31,2019-09-30,38799000.0,856404000.0,61166000.0,1.0,251460000.0,0.29362310311488504,2429732000.0,927225000.0,1144923000.0,478722000.0,1502507000.0,465165000.0,1264648000.0,2193104800.0,3047984800.0,24.0145295382145,2.391623948763583,0.3922588993354,1.027888592304996,0.024695680591869055,24.0145295382145,0.04184421256976462,2.5608297018696784,14.131194102940798,2.365234759632236,0.3088997139101523,1.3004933733191448,0.005464855122290554,0.3524685026990631,1.3108526451677591,0.015968427793682596,48.657809726659565,0.29362310311488504,-0.01960784313725492,0.43083943715879347,0.3095802785064881,0.25939572452575954,-0.022890915520048495,-0.02522422932944753,-0.15017714484195901,0.433418885356876,0.38594998271153536,0.3779499554558864,Industrial Distribution,Industrials,AIT
2019Q4,2019,Q4,2019-08-16,2019-06-30,39803000.0,882743000.0,71975000.0,1.02,257351000.0,0.2915355885008434,2331697000.0,897034000.0,1148138000.0,423794000.0,1434663000.0,447555000.0,1229148000.0,2353704790.0,3203371790.0,23.251872780528267,2.7091888983798733,0.41081066708067127,1.0678368935848586,0.024862274048811823,23.251872780528267,0.04437178523890956,2.6663533893783353,14.783463495213928,2.623874669187567,0.30178629751526265,1.397352280725274,0.005103443750054993,0.3785839240690364,1.5316899248219653,0.017070399798944716,24.47289126185327,0.2915355885008434,1.4285714285714288,0.44818687723110484,0.455898950601216,0.21014285132044577,0.007012079402408055,1.4071968551557303,1.0856877915905996,0.5448002809891603,0.408602645050242,0.37938672204965096,Industrial Distribution,Industrials,AIT
2019Q3,2019,Q3,2019-04-30,2019-03-31,16535000.0,885443000.0,34509000.0,0.42,255559000.0,0.2886227571961154,2322810000.0,882848000.0,1125770000.0,416557000.0,1439962000.0,454555000.0,1213314000.0,2315102130.0,3249434130.0,22.846259348394277,2.7025593136113426,0.42263422320379196,1.1119683116459458,0.011853337278171725,22.846259348394277,0.01872915836021603,2.614625820069728,35.00305609313577,2.6223111226394575,0.7244632597520412,1.3857156999703006,0.005174285766822736,0.381194759795248,1.492796904145171,0.00711853315596196,332.10473820111895,0.2886227571961154,-0.5757575757575758,-0.4104071907474495,0.5527579284446628,0.224984817674622,0.0522893848307667,-0.5729266213807888,-0.4339539079799885,1.3741178125805633,0.41521549185553963,0.3602185370875417,Industrial Distribution,Industrials,AIT
2019Q2,2019,Q2,2019-01-25,2018-12-31,38717000.0,840038000.0,60965000.0,0.99,242860000.0,0.28910596901568736,2289988000.0,889915000.0,1081783000.0,393788000.0,1400073000.0,445881000.0,1208748000.0,2089797420.0,2977564420.0,22.969697751851946,2.747120277916036,0.42253234514766014,1.0872881117859572,0.025192290869160187,22.969697751851946,0.04350640229684857,2.487741530740276,13.494055711961153,2.3483112656826775,0.3084174910246145,1.3393214781522425,0.005713950972338744,0.3668307432178684,1.5029939967698356,0.016907075495592117,41.91330565583634,0.28910596901568736,-0.20161290322580647,0.6229018202346658,0.5676720157833758,0.24951421125450388,-0.03570733721655092,-0.2088561036413421,-0.08100815508222915,0.6384370361558482,0.3947680863348247,0.27455954437277463,Industrial Distribution,Industrials,AIT
2019Q1,2019,Q1,2018-11-01,2018-09-30,48938000.0,864515000.0,66339000.0,1.24,251853000.0,0.2913228804589857,2305688000.0,870806000.0,1089083000.0,394173000.0,1434882000.0,431658000.0,1181683000.0,3002657840.0,3918649840.0,22.4933099137263,2.762956874265868,0.4217396282584634,1.1166666283879532,0.03139517570418686,22.4933099137263,0.05619851034558788,3.4732281568278167,15.339091503535085,3.448136370213343,0.231599166292043,1.4193227045485084,0.0037746558562263624,0.3749488222170563,1.5776575260101529,0.02122490120085632,348.1746103896104,0.2913228804589857,0.20388349514563103,0.985183416240568,0.5552489749073866,0.2241460557961943,-0.04487896635025618,0.21247708240424162,-0.0634185596702009,1.0614391078339247,0.3780727315813258,0.2547509172529828,Industrial Distribution,Industrials,AIT
2018Q4,2018,Q4,2018-08-17,2018-06-30,40362000.0,897721000.0,70831000.0,1.03,263687000.0,0.2937293435265522,2285741000.0,814963000.0,1058020000.0,432551000.0,1470778000.0,422069000.0,1129678000.0,2713542300.0,3623097300.0,21.068274649707874,2.446000587213993,0.4216160098628847,1.182513807375304,0.026690284105025757,21.068274649707874,0.049526174807936064,3.022701151025764,16.80753121748179,3.329650916667383,0.2890837916852485,1.5022046158329563,0.004299914543436451,0.39274834725369145,1.393965104692857,0.017658168620154253,28.838632643951794,0.2937293435265522,0.10752688172043008,0.362002141676316,0.5263921610964953,0.16835643005857462,0.10087924383360332,0.1030279842588544,0.2548898022819077,0.49053074891853066,0.3722402407336618,0.13854760513105774,Industrial Distribution,Industrials,AIT
2018Q3,2018,Q3,2018-04-27,2018-03-31,36592000.0,827665000.0,56444000.0,0.93,239524000.0,0.2893972803006047,2272323000.0,806028000.0,1051240000.0,369964000.0,1466295000.0,432449000.0,1112136000.0,2819334600.0,3812320600.0,20.841599007084863,2.8414656561178924,0.45614509909022616,1.285946642052137,0.02263684238257493,20.841599007084863,0.045397926622896476,3.4063716600315344,19.2619602645387,3.4978122348107017,0.317528421512899,1.3600239565821635,0.004121185190292773,0.3642373905470305,1.5597625714934427,0.016103344462913064,139.18515995260663,0.2893972803006047,0.17721518987341772,0.3593498829237478,0.4492664172453285,0.18890706387742015,0.2716287959227012,0.1822940226171244,0.2082628705983089,0.34930260758618675,0.2840755592763748,0.1548615184196113,Industrial Distribution,Industrials,AIT
2018Q2,2018,Q2,2018-01-26,2017-12-31,30950000.0,667187000.0,46715000.0,0.79,188360000.0,0.28231964951355465,1405882000.0,779262000.0,903511000.0,271627000.0,626620000.0,386943000.0,1087156000.0,2636627700.0,2864260700.0,20.12712761835886,3.3262930415606697,0.22260545337375398,0.4016069049947258,0.029683244720900812,20.12712761835886,0.039717065633894634,3.951857125513537,21.297477382875606,3.383493228208228,0.3632956381260097,1.237461331513944,0.004264538372254832,0.47456827813429575,1.763558114620417,0.022014649878154782,398.28212990936555,0.28231964951355465,-0.08139534883720925,0.2430561382322538,0.2292386285289958,0.17209791639970914,-0.021120026607907537,-0.08217431274280122,-0.09880973050137933,0.1094108936121241,0.027115097792843105,0.061580288063826476,Industrial Distribution,Industrials,AIT
2018Q1,2018,Q1,2017-10-26,2017-09-30,33721000.0,680701000.0,51837000.0,0.86,192424000.0,0.2826850555530255,1384907000.0,773668000.0,876879000.0,280260000.0,611239000.0,364979000.0,1067473000.0,2561725600.0,2774726600.0,19.87229014692284,3.128805394990366,0.2099563364182577,0.37583304466515355,0.032594515561360095,19.87229014692284,0.04358587921434,3.7633639439342677,18.992064292280773,3.3111432810973183,0.33590344295839386,1.337822176070404,0.004421628920755603,0.49151387060647395,1.72461642760294,0.024348927400901287,825.2981958762887,0.2826850555530255,-0.35820895522388063,0.23083105974069487,0.20184390686057047,0.18612105593346576,-0.01878056367187301,-0.36327416918429,0.07436423552819747,0.23331822637429467,0.03231957549488785,0.0421639619358034,Industrial Distribution,Industrials,AIT
2017Q4,2017,Q4,2017-08-18,2017-06-30,52960000.0,681471000.0,48249000.0,1.34,196107000.0,0.2877701325514952,1387595000.0,745256000.0,882542000.0,309753000.0,642339000.0,345145000.0,1033751000.0,2304367200.0,2490893200.0,19.09737597375974,2.8491798303809808,0.21013552225253046,0.3912521334950675,0.05313665653650125,19.09737597375974,0.0710628294170057,3.3814603996354946,10.877866314199395,3.0920478332277765,0.21493580060422962,1.4062611366237379,0.004939750921641308,0.49111664426579804,1.601237114733352,0.03816675615002937,28.49999628965432,0.2877701325514952,0.7866666666666667,0.7823232907151192,0.18530962923566377,0.19574007221762557,0.027803691785201413,0.7956194480233267,0.061187234697692834,0.9049165756198911,0.11112651919393822,-0.0060777799809065905,Industrial Distribution,Industrials,AIT
2017Q3,2017,Q3,2017-04-28,2017-03-31,29494000.0,679304000.0,45467000.0,0.75,190802000.0,0.28087866404437484,1346691000.0,705870000.0,836111000.0,270565000.0,640821000.0,344743000.0,1003480000.0,2412088150.0,2666169150.0,18.09969486397087,3.0902407924158704,0.23865459856789717,0.4553161346990239,0.030114026163121692,18.09969486397087,0.04178389788487965,3.5508228274822464,20.445583423747205,3.417184679898565,0.3845866955991049,1.4170033909317956,0.004702564456444098,0.5044245487643416,1.6934451980115683,0.021901089411008167,86.85636635339023,0.28087866404437484,0.2295081967213115,0.08253510585507903,0.21143315341653854,0.1338141129127242,0.10638075799044394,0.22457961386755243,0.20743042277459103,0.04207509986838275,0.180387718694146,-0.029519402944798784,Industrial Distribution,Industrials,AIT
2017Q2,2017,Q2,2017-01-27,2016-12-31,24085000.0,608123000.0,37656000.0,0.61,172456000.0,0.28358736637160575,1294516000.0,681409000.0,782432000.0,237222000.0,613107000.0,349020000.0,985297000.0,2315709000.0,2580040000.0,17.478748236501218,3.298311286474273,0.25274929008216196,0.48016389569260165,0.0251408900771742,17.478748236501218,0.035345878906794595,3.807961547252776,24.036838281087814,3.3984127007421385,0.4546398173136807,1.2482579794854163,0.004728573408835048,0.4697686239490281,1.6843842476667426,0.018605409280379695,27900.10843373494,0.28358736637160575,-0.12857142857142853,0.23840693200176594,0.14763526648067926,0.1351153843394528,-0.03293893343800819,-0.120054071827847,-0.1286963765097876,0.0033048404887354977,0.1278293985608284,-0.04918451464225247,Industrial Distribution,Industrials,AIT
2017Q1,2017,Q1,2016-10-27,2016-09-30,27371000.0,624848000.0,43218000.0,0.7,178330000.0,0.28539740864978363,1299439000.0,680448000.0,777361000.0,264301000.0,618991000.0,342044000.0,972174000.0,1824916560.0,2071913560.0,17.42772256940887,2.9411958335382766,0.23473129558217046,0.44826202737020315,0.028945376883002676,17.42772256940887,0.040224969431903686,2.9205767802729623,16.668340214095213,2.6819339023702033,0.3998027108983961,1.3054402357591421,0.0059964385440175955,0.480859817198037,1.533509142984703,0.02106370518354459,46.95526978000772,0.28539740864978363,0.06060606060606049,0.12658449982401393,0.17070187129841266,0.16761505556961118,-0.0006724572709442421,0.050024935742509685,0.018211803510425256,0.10092777412188239,0.11459096026085483,-0.05153674907429717,Industrial Distribution,Industrials,AIT
2016Q4,2016,Q4,2016-08-24,2016-06-30,26067000.0,634006000.0,42445000.0,0.66,178450000.0,0.2814642132724296,1312529000.0,657916000.0,781626000.0,274388000.0,654613000.0,338221000.0,944821000.0,1761814200.0,2030287200.0,16.85667435306175,2.8486158286805545,0.2501537108894356,0.49905155065388285,0.027733970399545043,16.85667435306175,0.03962055946351814,2.7788604524247407,16.89697893888825,2.677871035208142,0.42152913645605555,1.3469181393231053,0.006236753001536712,0.4830415175588501,1.4859177515051678,0.019860132614212715,26.317731238049713,0.2814642132724296,1.5789473684210527,0.0014401844191130812,0.167562831235648,0.128021084796238,0.020921890464721128,1.5827893042389554,2.2849660934851053,-0.12822073815687332,0.06838671641871563,-0.06520091477560852,Industrial Distribution,Industrials,AIT
2016Q3,2016,Q3,2016-05-03,2016-03-31,-44728000.0,633172000.0,-33032000.0,-1.14,174793000.0,0.27605926983505275,1334339000.0,656842000.0,803841000.0,252475000.0,677497000.0,346979000.0,940696000.0,1697243800.0,2005482800.0,16.79602117268008,3.183843944945044,0.27816844145303404,0.5650841450455361,-0.04053461045550488,16.79602117268008,-0.068095523733257,2.680541464246682,-9.486472679306027,2.5839453019143113,-0.24532731175102843,1.3210568939330622,0.006465187853389124,0.4745210924660075,1.6535696603624122,-0.03352071699920335,31.598968573130772,0.27605926983505275,-2.8688524590163933,-2.8294741993201415,0.21425683915797678,0.16263438127645552,0.009389779807931072,-2.8677913726145237,-1.8610604243782911,-2.643195275764114,0.09642752919617592,-0.04187254488267157,Industrial Distribution,Industrials,AIT
2016Q2,2016,Q2,2016-01-29,2015-12-31,23947000.0,610346000.0,38362000.0,0.61,173167000.0,0.28371939850511024,1350395000.0,707567000.0,780824000.0,221374000.0,642828000.0,359726000.0,996392000.0,1589718380.0,1901074380.0,18.02167490194081,3.5271712125181818,0.2717649280395736,0.5186646635583627,0.02364975302634412,18.02167490194081,0.03384414479476855,2.604618331241624,16.59621643629682,2.2467390084613896,0.44364638576857224,1.2153110978911728,0.00668294468608962,0.45197590334679855,1.7387814287133991,0.017733329877554344,101.0628340750159,0.28371939850511024,0.0,0.220575842142481,0.24509442667376177,0.29712164337887487,-0.043339668088303536,-0.014161623646618089,-0.06493443182372154,-0.05155864335453783,0.10890414359926821,0.04948743820406659,Industrial Distribution,Industrials,AIT
2016Q1,2016,Q1,2015-11-04,2015-09-30,24291000.0,641904000.0,41026000.0,0.61,181012000.0,0.28199232283955233,1376260000.0,710123000.0,813906000.0,258297000.0,666137000.0,350807000.0,983072000.0,1511235950.0,1802584950.0,17.92651402317421,3.1510470504883914,0.25817432752532227,0.500356980410436,0.024721945750108536,17.92651402317421,0.03420675009822242,2.3543021230588996,15.55345549792104,2.1281326615248344,0.4423449014038121,1.3138050266955905,0.007110074373230733,0.46641186985017363,1.6282496505960193,0.0176500079926758,131.68664604391773,0.28199232283955233,-0.12857142857142853,0.25182432494028,0.3015699844291245,0.3346964724728267,-0.05627561181610586,-0.13385630237118917,-0.14306005221932114,-0.1286103914782264,0.11386033834589313,0.069983156705569,Industrial Distribution,Industrials,AIT
2015Q4,2015,Q4,2015-08-26,2015-06-30,28045000.0,677540000.0,47875000.0,0.7,191806000.0,0.2830917731794433,1434968000.0,741328000.0,859305000.0,310072000.0,693640000.0,362419000.0,969548000.0,1588458300.0,1839983300.0,18.50451799710449,2.7713079542815864,0.22369488378834929,0.4329999676256664,0.028336963685406048,18.50451799710449,0.03783075777523579,2.34444947899755,14.159906400427882,2.1427199566183925,0.3870921732929221,1.340255339813862,0.006834299647652066,0.47216383919362664,1.43764996516938,0.019543989831132123,14.271606080753266,0.2830917731794433,0.0,0.07062850769294901,0.36993554601233525,0.41257898550789623,0.023713326537256555,-0.01974833974134918,0.0937357214657772,-0.08062411824896969,0.1479382564633047,0.15861957771646507,Industrial Distribution,Industrials,AIT
2015Q3,2015,Q3,2015-05-04,2015-03-31,28610000.0,679994000.0,43772000.0,0.7,187363000.0,0.2755362547316594,1466148000.0,736311000.0,886017000.0,269067000.0,729842000.0,381085000.0,952355000.0,1849872000.0000002,2184383000.0,18.046838235294118,3.292923323930471,0.26578217205902815,0.529227459592482,0.026145912594811048,18.046838235294118,0.038855863894468504,2.72042400374121,16.16455784690668,2.512351438454675,0.3867528836071304,1.2927063516013488,0.005981494935865832,0.46379628796001493,1.670858931046914,0.019513718942426005,52.950309136707126,0.2755362547316594,-0.027777777777777804,0.7958586366467918,0.4509037014436748,0.43326604055292334,-0.04266451385447058,-0.03692732352644158,-0.06484072895079795,0.0037359496453417255,0.1591340716688056,0.13050302993563012,Industrial Distribution,Industrials,AIT
2015Q2,2015,Q2,2015-02-04,2014-12-31,29707000.0,691702000.0,46807000.0,0.72,195713000.0,0.2829441002050016,1480450000.0,781666000.0,877757000.0,271651000.0,698784000.0,401474000.0,934821000.0,1879584520.0000002,2195756520.0,18.959590569515864,3.2311937007410245,0.23597960079705496,0.4469376946163707,0.027644700508509746,18.959590569515864,0.03800472324496652,2.717332782036195,15.817690443329857,2.4045877906932116,0.3480661123640893,1.2354199773833423,0.00550121576868488,0.4672241548177919,1.5406164527279487,0.020066196089026985,129.02145249862716,0.2829441002050016,0.0285714285714286,1.9062642101556773,0.5902501608191063,0.5358489836550417,0.004006525352430591,0.020087906050408624,0.013906639228853027,0.44437775459386797,0.23434555885694616,0.23128513810223877,Industrial Distribution,Industrials,AIT
2015Q1,2015,Q1,2014-11-04,2014-09-30,29122000.0,702325000.0,46165000.0,0.7,194932000.0,0.2775524151923967,1468919000.0,790705000.0,874760000.0,271982000.0,678214000.0,367291000.0,915482000.0,1892968550.0,2165195550.0,19.068295270938336,3.2162422513254554,0.2207473659201086,0.4100897300510304,0.027244020957341186,19.068295270938336,0.03683042348284126,2.6952885772256434,16.250330935375317,2.3940262803447556,0.35718700638692397,1.381446863658516,0.0054950728050922985,0.47812370865922493,1.674941724084682,0.019825463487094932,-89.28675770010848,0.2775524151923967,-0.014084507042253534,1.6540500264448785,0.6357633112498376,0.5718077276589696,0.06795669705469845,-0.018602143290422594,0.030261777767859134,0.12861545192289456,0.23897271890564636,0.2775294393012364,Industrial Distribution,Industrials,AIT
2014Q4,2014,Q4,2014-08-22,2014-06-30,29674000.0,654618000.0,44809000.0,0.71,182528000.0,0.27883131841776426,1334169000.0,800308000.0,836148000.0,290955000.0,533861000.0,335747000.0,896776000.0,2113005959.9999998,2212528960.0,19.21415538269471,2.873805227612517,0.12795380495274586,0.21330787646756,0.030523514566579306,19.21415538269471,0.037078224883419886,3.227845797090822,17.801829547752238,2.6402409572314656,0.35212644065511894,1.4060885130768108,0.0049450878027812095,0.4906559813636803,1.5360485298413844,0.022241560102205942,40.56763736896671,0.27883131841776426,-0.013888888888888902,4.750842681679991,0.5627170597133829,0.5987279072197793,0.06604368648522368,-0.023688885964335066,0.11540089114579444,0.06824961792386468,0.12963340736095003,0.28577986050338733,Industrial Distribution,Industrials,AIT
2014Q3,2014,Q3,2014-05-05,2014-03-31,30394000.0,618006000.0,40173000.0,0.72,171220000.0,0.27705232635281857,1096651000.0,781072000.0,774511000.0,268223000.0,315579000.0,320045000.0,877547000.0,2020291200.0,1981205200.0,18.650238777459407,2.887563706318996,0.02735601390050253,0.03840875104983919,0.03710532998660852,18.650238777459407,0.03891318598029375,3.269047873321618,16.617516615121406,2.5865620582993634,0.3451339080081595,1.3960099361027356,0.005192320790191038,0.5635393575531322,1.540442094824083,0.02771528954972913,217.30571151984512,0.27705232635281857,0.180327868852459,1.6520907817028716,0.3802314614153714,0.5591383780411447,0.04796704675517037,0.1731058705469142,0.008434370057986295,0.16086708467479177,0.10669864142261935,0.29098484687309617,Industrial Distribution,Industrials,AIT
2014Q2,2014,Q2,2014-02-03,2013-12-31,25909000.0,581949000.0,39837000.0,0.61,163383000.0,0.2807514060510457,1074159000.0,773479000.0,750479000.0,250854000.0,300680000.0,323257000.0,857638000.0,2065510840.0000002,2013926840.0000002,18.382902367145167,2.991696365216421,0.013964413089682253,0.019392898837589642,0.032515030254393326,18.382902367145167,0.03349670773220734,3.5492987186162366,19.930437685746266,2.670416184537654,0.37535219421822535,1.2948397095809216,0.00470827836468774,0.5417717488751665,1.4850072153523564,0.024120265249371834,157.04918187347934,0.2807514060510457,-0.03174603174603177,0.6090393979181717,0.1649172716701126,0.5406830987683003,-0.037763185017226655,-0.03483087468335568,0.0075368623384506435,0.23225979555201057,0.10776868714475284,0.32312122254390585,Industrial Distribution,Industrials,AIT
2014Q1,2014,Q1,2013-11-08,2013-09-30,26844000.0,605305000.0,39539000.0,0.63,169795000.0,0.28051147768480356,1050089000.0,774622000.0,733736000.0,225575000.0,275467000.0,302404000.0,841448000.0,2171085500.0,2094208500.0,18.3746945940176,3.2527363404632608,0.0,0.0,0.03377448856314487,18.3746945940176,0.03465432172078769,3.58676287161018,20.219467106243478,2.8027676724905826,0.36306064669944865,1.4401595216994485,0.004488998705946864,0.5764320928987924,1.7606472348442868,0.025563547470738194,141.11702957426064,0.28051147768480356,-0.17105263157894737,0.19565341009492326,0.11708269038635635,0.5100924385809399,-0.06247584341008227,-0.16819533961328706,-0.17687103153950245,0.29990992190364896,0.15329322360962674,0.3680652036250316,Industrial Distribution,Industrials,AIT
2013Q4,2013,Q4,2013-08-20,2013-06-30,32272000.0,640481000.0,48035000.0,0.76,181110000.0,0.282771854278269,1058706000.0,759615000.0,737280000.0,245900000.0,299091000.0,281417000.0,824362000.0,2089821250.0,2016657250.0,18.03240356083086,2.9982919886132575,0.0,0.0,0.042931557615791066,18.03240356083086,0.04248467973907835,3.262893434777925,16.189120987233515,2.751158481599231,0.3013758056519584,1.6323498580398483,0.0046539865550702005,0.6049658734341734,1.6390565270435136,0.03048249466801926,52.2939031103771,0.282771854278269,0.10144927536231894,0.3266082280979527,0.21451834500855665,0.5198111618386072,0.03847477064220183,0.10135826906013241,0.10483704027416794,0.17166094131175608,0.23158434074971984,0.3765391961148741,Industrial Distribution,Industrials,AIT
2013Q3,2013,Q3,2013-05-08,2013-03-31,29302000.0,621654000.0,43477000.0,0.69,174400000.0,0.28054190916490523,1035937000.0,737980000.0,702881000.0,240790000.0,297957000.0,281198000.0,801812000.0,1829579080.0,1786496080.0,17.53004893344102,2.9190622534158397,0.0,0.0,0.03888289711705252,17.53004893344102,0.0397056830808423,2.943082615088136,15.609677496416628,2.479171630667498,0.33209337246604326,1.5905305158642664,0.005318709700156825,0.600088615427386,1.5753478134474024,0.028285503848206984,49.21266051591037,0.28054190916490523,0.07812499999999989,0.25544308459324944,0.1853996591530472,0.545311255272874,0.07047060195557302,0.08353363162371039,0.07168034706302842,0.7825850222400884,0.28552622189966387,0.3922230308683503,Industrial Distribution,Industrials,AIT
2013Q2,2013,Q2,2013-02-08,2012-12-31,27043000.0,589517000.0,40569000.0,0.64,162919000.0,0.27636013889336525,1037626000.0,722112000.0,697944000.0,255494000.0,315514000.0,294651000.0,782236000.0,1766604520.0,1747759520.0,17.171882431275563,2.7317432111908695,0.03180336653090805,0.04569928210582292,0.03545318421418242,17.171882431275563,0.03744986927235664,2.9966981783392166,16.33143992900196,2.4464411614818755,0.32799615427282475,1.4478077454344291,0.005020931340082839,0.5681401584000401,1.3952304163698561,0.026062377002889287,888.634064386318,0.27636013889336525,-0.08571428571428563,0.20802044083523302,0.18356556036429247,0.564297332399744,-0.009809582272249337,-0.08428145740214005,-0.08459316756171308,1.5938017401586764,0.3287655557972666,0.39103310711376243,Industrial Distribution,Industrials,AIT
2013Q1,2013,Q1,2012-11-01,2012-09-30,29532000.0,610519000.0,44318000.0,0.7,164533000.0,0.2694969362132874,1001767000.0,703099000.0,687095000.0,242007000.0,298668000.0,268960000.0,764045000.0,1752080500.0,1695407500.0,16.75401515512558,2.839153412917808,0.0,0.0,0.04159528301830522,16.75401515512558,0.04200261983020883,2.86982141423936,14.832050826222403,2.4919399686246173,0.30025057564675606,1.6581870910172516,0.005060840526448414,0.6094421157814143,1.5802270182267455,0.029479909000795595,87.36377461979556,0.2694969362132874,-0.06666666666666672,0.24249558144888592,0.21147996109362607,0.5336697201948434,-0.047212860336101364,-0.07839221071027337,-0.10961546188773255,1.6594131220683097,0.40503311406765535,0.381040628748665,Industrial Distribution,Industrials,AIT
2012Q4,2012,Q4,2012-08-15,2012-06-30,32044000.0,620013000.0,49774000.0,0.75,172686000.0,0.2785199665168311,962183000.0,672131000.0,665762000.0,230169000.0,290052000.0,228506000.0,743360000.0,1550795400.0,1472353400.0,15.971176694230586,2.892492038458698,0.0,0.0,0.04829131437146793,15.971176694230586,0.047675229977489506,2.5012304580710403,12.098953002122082,2.3072814674520297,0.27652602671326926,1.9576159925778753,0.0057138420709785444,0.6443815781405409,1.6747911317336392,0.033303436040753163,74.8272810615199,0.2785199665168311,0.08695652173913052,0.3344175980136203,0.20484741853013683,0.5292535461652994,0.030266148807073436,0.08926507580392956,0.18455936600109474,5.008836350900168,0.46491374423744747,0.3288934841862195,Industrial Distribution,Industrials,AIT
2012Q3,2012,Q3,2012-05-02,2012-03-31,29418000.0,605461000.0,42019000.0,0.69,167613000.0,0.27683533704070123,954336000.0,672209000.0,649000000.0,225695000.0,282127000.0,230035000.0,720202000.0,1731943170.0,1652535170.0,15.963546985205063,2.8755621524623938,0.0,0.0,0.04193388770981135,15.963546985205063,0.043763174845918455,2.8605363020904733,14.718396644911278,2.5764950632913277,0.30124413624311647,1.9033973091051362,0.0051167960666977305,0.6344316886295812,1.7150047630651986,0.03082562116487275,63.021001746597776,0.27683533704070123,0.40816326530612235,0.4043791102593432,0.20340507428321514,0.6127125495828564,0.07811203519672733,0.40520659183186053,0.26050697465126743,1.552968260572065,0.3448602272566263,0.33453405349305326,Industrial Distribution,Industrials,AIT
2012Q2,2012,Q2,2012-02-02,2011-12-31,20935000.0,570397000.0,33335000.0,0.49,155469000.0,0.2725627939838393,898013000.0,646186000.0,609951000.0,198964000.0,251827000.0,222626000.0,699612000.0,1475909050.0,1405397050.0,15.398212796377933,3.0656349892442853,0.0,0.0,0.03318218010432595,15.398212796377933,0.0323977925860356,2.5875119434358878,17.624899092428947,2.284031300585281,0.3810843085741581,1.8637894944885143,0.005405482133197841,0.6351767736101815,1.7652037554532478,0.023312580107414927,212.82033886085077,0.2725627939838393,-0.19672131147540983,0.17366190604355114,0.2569983068068237,0.539514673611321,-0.02038385926000605,-0.20646653020999167,-0.22955139020500612,0.30357556531028873,0.1448131512286032,0.2905343091533543,Industrial Distribution,Industrials,AIT
2012Q1,2012,Q1,2011-11-02,2011-09-30,26382000.0,579574000.0,43267000.0,0.61,158704000.0,0.2738287086722317,900227000.0,632814000.0,605213000.0,206953000.0,267413000.0,215013000.0,686687000.0,1151502520.0,1078284520.0,14.925914569427082,2.9243982933323025,0.0,0.0,0.04368824257141328,14.925914569427082,0.04168997525339199,1.9868084489642392,10.91181980137973,1.8196539899559745,0.3069896141308468,1.9574165283029399,0.00703341925817062,0.6438087282429876,1.7524172155030369,0.029305941723587494,124.36575440112323,0.2738287086722317,-0.07575757575757582,0.2947048327845732,0.2193224682322145,0.5572349421840657,-0.06171700868495888,-0.06694960212201591,-0.030214053569427322,0.16842371575560322,0.06354170869103686,0.2266604277349618,Industrial Distribution,Industrials,AIT
2011Q4,2011,Q4,2011-08-17,2011-06-30,28275000.0,589861000.0,44615000.0,0.66,169143000.0,0.28675060734647656,914931000.0,633563000.0,618914000.0,214688000.0,281368000.0,204066000.0,668421000.0,1509757170.0,1418665170.0,14.943580913743897,2.8828532568191982,0.0,0.0,0.04428117196537278,14.943580913743897,0.04462855311942143,2.559513461646049,13.34886976127321,2.3829629729008794,0.28654288240495135,2.0616761243911284,0.005366425913380494,0.644705447733217,1.7785949843493813,0.03090396980755926,170.11348394366198,0.28675060734647656,0.08196721311475418,0.453113910621831,0.2123965685403706,0.5827900029582945,0.0803303399205447,0.06553361471208924,0.16790136383864296,0.15484635012632988,0.11135369501334902,0.2594783049265284,Industrial Distribution,Industrials,AIT
2011Q3,2011,Q3,2011-05-04,2011-03-31,26536000.0,565970000.0,38201000.0,0.61,156566000.0,0.2766330370867714,891858000.0,613197000.0,592483000.0,208643000.0,278661000.0,196427000.0,648232000.0,1411753960.0,1323194960.0,14.4465202845969,2.8396974736751295,0.0,0.0,0.04052414654824591,14.4465202845969,0.04327483663488243,2.4943971588600102,13.300365164305093,2.3022845186783365,0.27234700030147724,2.0842552194963013,0.005119163965369717,0.6345965389109028,1.7698413078799673,0.02975361548587331,34.12176632667859,0.2766330370867714,0.24489795918367346,0.3883858293468462,0.19056071059042856,0.5568630162774821,0.08514634636577234,0.25211154626527627,0.1556449661181026,0.12761259293023727,0.07037059828004885,0.273491618881258,Industrial Distribution,Industrials,AIT
2011Q2,2011,Q2,2011-02-02,2010-12-31,21193000.0,529517000.0,33056000.0,0.49,144281000.0,0.2724766154816559,829630000.0,589241000.0,528969000.0,172140000.0,240389000.0,194991000.0,628912000.0,1377509279.9999998,1323594279.9999998,13.893588927400911,3.0728999651446496,0.0,0.0,0.03600691088246238,13.893588927400911,0.03596660789048963,2.6014448639042747,16.24957863445477,2.3377688925244504,0.3404897843627613,1.9756604150960813,0.005238440208547996,0.6382568132782084,1.7694086208899733,0.02554512252449887,546.8476697102024,0.2724766154816559,0.020833333333333353,0.4537325985372512,0.21774636987834972,0.5531533339702939,0.008112073784237004,0.021103348590701034,-0.05259235906107592,-0.06131474489114716,0.054105396339745426,0.2656564697302928,Industrial Distribution,Industrials,AIT
2011Q1,2011,Q1,2010-11-05,2010-09-30,20755000.0,527501000.0,34891000.0,0.48,143120000.0,0.2713170211999598,872709000.0,569078000.0,571215000.0,235557000.0,303631000.0,190758000.0,614919000.0,1296522000.0,1226929000.0,13.431154118480057,2.4249544696188186,0.028646433118026744,0.04393070897135366,0.03573641355472168,13.431154118480057,0.03647127458801781,2.457856951929949,15.616983859311011,2.278285226278296,0.3471934473620814,2.0150190293460826,0.005557946567817592,0.604440884647689,1.5097619684407595,0.0237822687745858,355.8940433708482,0.2713170211999598,-0.25000000000000006,0.30711807245622663,0.26302114928896553,0.5029747663081804,-0.06467908794447676,-0.25083020502454517,-0.24915535087908067,-0.13510409029603276,0.036762905956899655,0.22949359828418572,Industrial Distribution,Industrials,AIT
2010Q4,2010,Q4,2010-08-13,2010-06-30,27704000.0,523071000.0,46469000.0,0.64,153017000.0,0.29253581253787725,891520000.0,555039000.0,618860000.0,271332000.0,336481000.0,173253000.0,601370000.0,1072808400.0,972031400.0,13.099811187160727,2.280822018781419,0.08412598707824838,0.13512563981990455,0.045696731367643004,13.099811187160727,0.04991360967427514,2.0509804596316754,9.680988304937916,1.9328522860555746,0.2296419289633266,2.135916838380865,0.005930229479933229,0.5867181891600861,1.5559499063877464,0.031075017946877243,42.48577878103838,0.29253581253787725,0.641025641025641,0.8393999312256055,0.22446887264756854,0.49763470570528445,0.1738393322900365,0.6764901664145234,0.7187187927654696,0.14589827095255464,0.009602567768794212,0.2543178937653405,Industrial Distribution,Industrials,AIT
2010Q3,2010,Q3,2010-05-07,2010-03-31,16525000.0,486141000.0,27037000.0,0.39,130356000.0,0.26814442723407406,866707000.0,532881000.0,590488000.0,272631000.0,333826000.0,174330000.0,580032000.0,1051676850.0000001,970410850.0000001,12.591408520592614,2.165887224857041,0.08653443435901637,0.1407443688178036,0.028203758583676724,12.591408520592614,0.031010675929522728,2.163316506939345,15.910391074130107,1.973567926047279,0.38456883509833584,2.0408707623472724,0.006042730711434791,0.560905819383021,1.4487677483485004,0.019066420370436606,17.78133147349734,0.26814442723407406,0.6250000000000001,0.07047677556664826,0.1522626211338839,0.4757588024060707,0.11505923613190197,0.5757604653380376,0.4303020684547426,-0.215068618914081,-0.03859379348688219,0.2720432718933966,Industrial Distribution,Industrials,AIT
2010Q2,2010,Q2,2010-02-09,2009-12-31,10487000.0,446253000.0,18903000.0,0.24,116905000.0,0.26197022765113065,826140000.0,522156000.0,546854000.0,242589000.0,303984000.0,201872000.0,569858000.0,933516860.0,904313860.0,12.344697148801362,2.2542407116563408,0.09078364441862154,0.14363523544687795,0.018956513019726295,12.344697148801362,0.020084036188418787,2.091900469016455,22.254144655287497,1.7878121863964025,0.605320873462382,1.631469445985575,0.006800091430592909,0.5401663156365749,1.3031217408868498,0.012693974386907787,21.336065184101663,0.26197022765113065,-0.07692307692307698,0.10227592638584662,0.15829713482362642,0.4935259475875662,0.012655486642874468,-0.06257262894431036,0.07153789467717249,-0.41670439233302276,-0.02432314378857171,0.23422390982529967,Industrial Distribution,Industrials,AIT
2010Q1,2010,Q1,2009-10-30,2009-09-30,11187000.0,437743000.0,17641000.0,0.26,115444000.0,0.2637255193115595,810505000.0,512881000.0,528401000.0,201525000.0,297624000.0,226028000.0,565716000.0,894581320.0,903894320.0,12.131442628379498,2.622012157300583,0.09253490108019075,0.14623275184691967,0.020065568689870084,12.131442628379498,0.021812077265486535,2.043622216688788,19.99153749888263,1.7442278423259976,0.5677125234647359,1.425925106623958,0.007099410481765928,0.5400867360472792,1.3342165984369185,0.013802505845121252,18.272050491227354,0.2637255193115595,2.3854105610912772,-0.11003934792605748,0.09918663904077121,0.5080317432976378,-0.006822268296669735,2.393150684931507,2.1994152841990755,-0.44943619547471836,-0.0764511813545174,0.26568501193953903,Industrial Distribution,Industrials,AIT
2009Q4,2009,Q4,2009-08-19,2009-06-30,-8030000.0,425183000.0,-14708000.0,-0.18767,116237000.0,0.2733811088401935,809328000.0,508102000.0,525594000.0,156556000.0,301226000.0,254690000.0,560574000.0,832856900.0,885214900.0,12.018402441043593,3.3572268070211297,0.09884743886285906,0.1574487012450256,-0.013304916841950213,12.018402441043593,-0.015803913387469445,1.9588198493354627,-25.929542341220422,1.6391529653494772,-0.7896637608966376,1.213027602183046,0.007613552820418489,0.5253531324753375,1.4463450777996372,-0.009921811675859479,33.062997221119495,0.2733811088401935,-1.695074074074074,-1.7645802395731736,0.08881686720443031,0.5523909931431188,-0.04915498257611701,-1.694636678200692,-1.6997478471858793,-1.4138505694742596,-0.1236010010384264,0.27296177168070246,Industrial Distribution,Industrials,AIT
2009Q3,2009,Q3,2009-05-08,2009-03-31,11560000.0,451647000.0,21019000.0,0.27,122246000.0,0.2706671360597989,847847000.0,505318000.0,540461000.0,201617000.0,342529000.0,249217000.0,574945000.0,712656280.0,789440280.0,11.961888078780419,2.68063208955594,0.14743226077346502,0.2473689834915835,0.019515384443136875,11.961888078780419,0.022876683593301642,1.5779054881356458,15.412116782006922,1.4103124764999466,0.5482698961937716,1.3217437012723852,0.008893487895735654,0.5326987062524252,1.2767226969947971,0.013634535476330045,34.067416224484916,0.2706671360597989,-0.28947368421052627,0.11966033750851995,0.18699334075897073,0.5948302496279017,-0.09760904708826373,-0.2861553661850068,-0.27035095636477247,-0.3922789441307151,-0.0453833594037637,0.28910082067028187,Industrial Distribution,Industrials,AIT
2009Q2,2009,Q2,2009-02-09,2008-12-31,16194000.0,502412000.0,28807000.0,0.38,135469000.0,0.26963726981043445,887728000.0,504900000.0,574873000.0,240104000.0,382828000.0,265659000.0,569723000.0,800618720.0000001,889998720.0000001,11.931657056432556,2.394266651117849,0.15320007930357046,0.26936026936026936,0.028792861378678324,11.931657056432556,0.032073677956030895,1.59355015405683,12.359804865999754,1.5856976034858388,0.3921822897369396,1.381255669862493,0.007932614915624255,0.565952634140187,1.117628194449072,0.018242074148838383,-42.126741383846365,0.26963726981043445,-0.2692307692307693,2.2253162645535367,0.4278931857536138,0.6179888878915955,-0.07249859644798641,-0.2814164004259851,-0.22924414715719063,0.11332030587849362,0.15800609214200034,0.333830519516828,Industrial Distribution,Industrials,AIT
2009Q1,2009,Q1,2008-11-07,2008-09-30,22536000.0,543906000.0,37375000.0,0.52,146058000.0,0.2685353719208834,914195000.0,514898000.0,597625000.0,253523000.0,399297000.0,239387000.0,559880000.0,1139569880.0,1190820880.0,12.167927025238681,2.3572811934222933,0.1181367213778242,0.20975028063810697,0.03769200057955473,12.167927025238681,0.04376789189315165,2.09515960478465,12.641660898118566,2.2131953901549433,0.28168264110756125,1.661944884225125,0.005570522801111592,0.5949562183122856,1.271225884830962,0.024651195860839317,24.13933824775462,0.2685353719208834,-0.08771929824561392,3.7137249918462727,0.5221427153997436,0.6595802655065118,0.019701750956463458,-0.0777918729794983,-0.03311343939981891,0.42109388652228813,0.3039623165647769,0.36161696276348587,Industrial Distribution,Industrials,AIT
2008Q4,2008,Q4,2008-08-20,2008-06-30,24437000.0,529745000.0,38655000.0,0.57,143236000.0,0.2703866954855638,798771000.0,502075000.0,606197000.0,197011000.0,296696000.0,210723000.0,543692000.0,1022777720.0000001,945947720.0000001,11.864897438321202,3.076970321454132,0.03129808167797779,0.049793357566100684,0.046411447098075084,11.864897438321202,0.04867201115371209,1.9306982038527973,10.463413266767606,2.0371014689040483,0.2596881777632279,1.8342041447777413,0.006204671724761466,0.6632000911400139,1.7610641030196283,0.030593248878589732,22.209674491324837,0.2703866954855638,0.03636363636363619,2.2142145713230015,0.437564082675301,0.6482963906570642,-0.008747404844290657,0.0356855265946175,0.025739684224492503,0.6245587877579803,0.24167468979448292,0.3564533052720204,Industrial Distribution,Industrials,AIT
2008Q3,2008,Q3,2008-05-01,2008-03-31,23595000.0,530156000.0,37685000.0,0.55,144500000.0,0.2725612838485276,752667000.0,482779000.0,569115000.0,171799000.0,269888000.0,219265000.0,525601000.0,1272058620.0,1226478620.0,11.34402462521735,3.312679352033481,0.03321522001097431,0.05178352828105613,0.0469693514154116,11.34402462521735,0.04887329399166078,2.399404363998521,13.478052765416404,2.6348673409572494,0.2714134350497987,1.7588580028732357,0.00503435918700036,0.7043699272055238,1.8361166246602134,0.03134852464635755,142.92793483146068,0.2725612838485276,0.057692307692307744,4.360055978202184,0.43363030388643664,0.6026409885847334,0.03590912675369737,0.02734357991901424,0.011189223999141355,0.5199541024189193,0.24959021419053676,0.32956088018243546,Industrial Distribution,Industrials,AIT
2008Q2,2008,Q2,2008-02-01,2007-12-31,22967000.0,511008000.0,37268000.0,0.52,139491000.0,0.2729722430959985,744267000.0,473597000.0,559201000.0,171111000.0,270670000.0,229673000.0,508410000.0,1252009860.0,1197014860.0,10.977377558352456,3.2680599143246196,0.033590096027366526,0.052787496542418974,0.04626435970028823,10.977377558352456,0.04849481732358946,2.4500787854593273,13.628356555057255,2.6436186462329783,0.283232463970044,1.6175910969073422,0.00519564598317141,0.6865923116301005,1.7592323111898125,0.030858549418421078,63.641023738118236,0.2729722430959985,-0.07142857142857148,4.881525971768306,0.42006538323446313,0.5584008496690369,-0.018056259503294477,-0.06092325305638468,-0.04967360261117911,1.3667523490064757,0.30039719612876575,0.32810048089812777,Industrial Distribution,Industrials,AIT
2008Q1,2008,Q1,2007-10-29,2007-09-30,24457000.0,518547000.0,39216000.0,0.56,142056000.0,0.2739500951697725,805356000.0,471726000.0,628230000.0,235930000.0,333630000.0,207138000.0,491947000.0,1377505800.0,1309049800.0,10.924135056273448,2.662781333446361,0.09337237196966311,0.15941033566095572,0.04529954991066013,10.924135056273448,0.05184577487778923,2.6564724123367793,14.080895040274768,2.9201396573434577,0.26466860203622683,1.8175853778640327,0.004699072773414094,0.6438730201302281,1.6653456533717628,0.03036793666403429,50.51544977813634,0.2739500951697725,0.0,5.205561429511549,0.396100938030275,0.5581299858912101,-0.0009775308555153134,-0.007426948051948052,0.01595854922279793,0.9048542880852708,0.274799151443546,0.35795411457437304,Industrial Distribution,Industrials,AIT
2007Q4,2007,Q4,2007-08-27,2007-06-30,24640000.0,528025000.0,38600000.0,0.56,142195000.0,0.26929596136546563,777369000.0,450983000.0,600533000.0,235010000.0,326386000.0,199886000.0,473899000.0,1273869000.0,1229599000.0,10.443772868324764,2.5553508361346324,0.09698740237905036,0.16717925065911576,0.0471426640134651,10.443772868324764,0.054636205799331684,2.4125164528194687,12.924807224025974,2.824649709634288,0.20986201298701299,1.930250242638304,0.004059287100949941,0.6792462781510454,1.5674354282796477,0.031696658858277084,35.18683534513714,0.26929596136546563,0.142857142857143,4.7566704039125005,0.41597066535632576,0.4987481542465407,0.01154568477363913,0.13564087200995528,0.13179885647265796,1.2969399250605604,0.3238379974048418,0.34899950428120574,Industrial Distribution,Industrials,AIT
2007Q3,2007,Q3,2007-05-04,2007-03-31,21697000.0,521129000.0,34105000.0,0.49,140572000.0,0.2697451110953334,741002000.0,431736000.0,569679000.0,228420000.0,309266000.0,206991000.0,454430000.0,1070336640.0,1060911640.0,9.898569332355098,2.4939978986078275,0.10201456946135098,0.1750907962273241,0.043327370860381006,9.898569332355098,0.0502552485778346,2.053880401973408,12.332772272664423,2.4791461448663075,0.2416923998709499,1.8385195491591422,0.004899393147935215,0.7032761045179365,1.4681463969880046,0.029280622724365116,42.8168909512761,0.2697451110953334,0.16666666666666669,6.839465445283159,0.40981297250608784,0.43693799203140327,0.08006853577767363,0.16851572598018097,0.1789208061115144,1.0353886521088975,0.3265193641933415,0.31973629040077917,Industrial Distribution,Industrials,AIT
2007Q2,2007,Q2,2007-01-26,2006-12-31,18568000.0,472365000.0,28929000.0,0.42,130151000.0,0.2755305748732442,724372000.0,436927000.0,551480000.0,209412000.0,287445000.0,215208000.0,437977000.0,,,,,,,,,,,,,,,,,,,,,,,,,,,,,,,Industrial Distribution,Industrials,AIT
2007Q1,2007,Q1,2006-09-30,2006-09-30,21117000.0,492590000.0,33377000.0,0.47,135134000.0,0.2743336243123084,727811000.0,421131000.0,555166000.0,177526000.0,306680000.0,192523000.0,424667000.0,,,,,,,,,,,,,,,,,,,,,,,,,,,,,,,Industrial Distribution,Industrials,AIT
