Quarters,Year,Quarter,FillingDate,Date,NetIncome,Revenue,OperatingIncome,EPSDiluted,GrossProfit,GrossProfitRatio,TotalAssets,CommonStockEquity,CurrentAssets,CurrentLiability,TotalLiability,Inventory,RetainedEarnings,MarketCap,EnterpriseValue,bookValuePerShare,currentRatio,debtToAssets,debtToEquity,roic,shareholdersEquityPerShare,roe,priceToSalesRatio,peRatio,pbRatio,payoutRatio,inventoryTurnover,dividendYield,assetTurnover,quickRatio,returnOnAssets,priceToFreeCashFlowsRatio,grossProfitMargin,epsdilutedGrowth,fiveYNetIncomeGrowthPerShare,fiveYRevenueGrowthPerShare,fiveYShareholdersEquityGrowthPerShare,grossProfitGrowth,netIncomeGrowth,operatingIncomeGrowth,threeYNetIncomeGrowthPerShare,threeYRevenueGrowthPerShare,threeYShareholdersEquityGrowthPerShare,Industry,Sector,Symbol
2023Q2,2023,Q2,2023-04-30,2023-04-30,-1568000.0,118136000.0,-1525000.0,-0.021,31569000.0,0.2672259091,268093000.0,158944000.0,61844000.0,56389000.0,103714000.0,27197000.0,-173437000.0,131470416.219025,179275416.21902502,2.1299335300307507,1.096738725637979,0.2621925973449512,0.4422438091403261,-0.002537934260444582,2.1299335300307507,-0.009865109724179585,1.112873435862269,-20.961482177778223,0.8271492866608681,0.0,3.182961356031915,0.0,0.44065305696157675,0.5740126620440157,-0.005848716676675631,501.7954817520038,0.26722590912169025,0.6060037523452156,0.30352757375050826,12.37162849689016,0.0,-0.01901743264659271,0.5939927498705334,0.4842746026378086,0.9391424586144081,0.1821229413094993,2.90327398907821,Pharmaceutical Retailers,Healthcare,HITI
2023Q1,2023,Q1,2023-01-31,2023-01-31,-3862000.0,118076000.0,-2957000.0,-0.0533,32181000.0,0.2725448017,273834000.0,158559000.0,63995000.0,61011000.0,110099000.0,24867000.0,-171648000.0,154735334.97149,199442334.97149,2.18975924787593,1.048909213092721,0.24979732246543526,0.43140408302272343,-0.008634992842918165,2.18975924787593,-0.024356864006458163,1.310472365014821,-10.016528675005826,0.9758849070156219,0.0,3.4541762174769777,0.0,0.43119554182460906,0.5644228090016554,-0.014103434927729938,364.9418277629481,0.2725448016531725,0.9365476190476191,-5.073630717020057,6.819372132080979,0.0,0.09021613930483095,0.9264408974896194,0.1568291987453664,0.7932937132260826,0.7822573803910247,2.0511738288071104,Pharmaceutical Retailers,Healthcare,HITI
2022Q4,2022,Q4,2022-10-31,2022-10-31,-52502000.0,108248000.0,-3507000.0,-0.84,29518000.0,0.2726886409,274743000.0,156350000.0,64060000.0,59941000.0,112710000.0,23414000.0,-168093000.0,124631924.847531,169431924.84753102,2.4942750126847484,1.068717572279408,0.25436134860578796,0.44697153821554203,-0.01304557070708464,2.4942750126847484,-0.3357978893508155,1.151355450886215,-0.5934627483121168,0.7971341531661721,0.0,3.3625181515332705,0.0,0.39399729929424954,0.5585325570143975,-0.19109495055379028,17.416423259856206,0.2726886408986771,-18.399538106235564,-1.6663053836479145,9.077561475622204,0.30890581736207906,0.14610755193166375,-18.32351858667648,0.2547811304717382,0.18953383021273038,1.259648953650683,2.8844464151957965,Pharmaceutical Retailers,Healthcare,HITI
2022Q3,2022,Q3,2022-07-31,2022-07-31,-2717000.0,95354000.0,-4706000.0,-0.0433,25755000.0,0.2700987898,309659000.0,195564000.0,64142000.0,52212000.0,107158000.0,23539000.0,-115408000.0,118349873.9929485,163217873.9929485,3.1198618393391757,1.2284915345131386,0.20405994981576508,0.3231116156347794,-0.022075737817997137,3.1198618393391757,-0.013893150068519768,1.2411631813342754,-10.889756532291912,0.6051720868510999,0.0,2.9567526233060026,0.0,0.30793227388837396,0.6291657090324063,-0.008774167713517127,-41.17949686602244,0.27009878977284646,0.6907142857142857,0.07489268349349046,8.180307909039206,0.0,0.13488146646690755,0.6717409689501027,0.29970238095238094,0.8414241396760408,1.5006118431609254,0.7447495013974454,Pharmaceutical Retailers,Healthcare,HITI
2022Q2,2022,Q2,2022-04-30,2022-04-30,-8277000.0,81031000.0,-6720000.0,-0.14,22694000.0,0.2800656539,302039000.0,181994000.0,57643000.0,50630000.0,113291000.0,22780000.0,-112393000.0,273311209.24075806,319153209.24075806,3.030697094469826,1.1385147145960892,0.20143425186813624,0.3343022297438377,-0.022259599443355538,3.030697094469826,-0.045479521302900096,3.3729215885372024,-8.255141030589527,1.501759449436564,0.0,2.560886742756804,0.0,0.2682799241157599,0.5210349595101719,-0.027403745873877214,-57.2619336351892,0.28006565388555,-0.07692307692307698,-3.5687182285040118,10.397688644150891,0.0,-0.012531546427639022,-0.12581610446137106,-0.29679660362794286,0.44779210330730185,1.7202414982147314,0.659691659229968,Pharmaceutical Retailers,Healthcare,HITI
2022Q1,2022,Q1,2022-01-31,2022-01-31,-7352000.0,72218000.0,-5182000.0,-0.13,22982000.0,0.318230912,290568000.0,174879000.0,49447000.0,44837000.0,108256000.0,21557000.0,-103948000.0,302955657.787952,351043657.787952,3.047168249203472,1.1028168699957623,0.20017689490928114,0.332601398681374,-0.017022754923213018,3.047168249203472,-0.042040496571915435,4.195015893377717,-10.301810996597935,1.7323729995479848,0.0,2.283991278934917,0.0,0.24854078907519067,0.4357338805004795,-0.025302166790561933,-74.45457306167413,0.31823091196100695,-0.7857142857142857,-10.784264575428383,5.0340514503301135,0.0,0.3104116775002851,-0.7605363984674329,-4.70704845814978,0.5896306939557627,2.0804959195798136,0.4749282077107322,Pharmaceutical Retailers,Healthcare,HITI
2021Q4,2021,Q4,2021-10-31,2021-10-31,-4176000.0,53867000.0,-908000.0,-0.0728,17538000.0,0.3255796684,246215000.0,147209000.0,46287000.0,40787000.0,94211000.0,17042000.0,-87792000.0,410447975.5844573,451862975.5844573,2.565034056673437,1.1348468874886606,0.22512438316105843,0.3765326848222595,-0.0029165350307200147,2.565034056673437,-0.028367830771216435,7.6196553657054835,-24.571837618801318,2.7881989252318626,0.0,2.1317333646285648,0.0,0.21878033426070712,0.547380292740334,-0.016960786304652437,653.5795789561422,0.3255796684426458,-1.011049723756906,0.7683635743953178,4.47735244695289,0.3460376187218995,0.051501888602434195,-1.3862857142857143,0.8673871768657806,0.7683635743953178,4.47735244695289,0.3460376187218995,Pharmaceutical Retailers,Healthcare,HITI
2021Q3,2021,Q3,2021-07-31,2021-07-31,-1750000.0,48069000.0,-6847000.0,-0.0362,16679000.0,0.3469803824,234182000.0,143320000.0,55222000.0,34098000.0,87371000.0,15049000.0,-69777000.0,396636355.12796956,422743355.12796956,2.963236739438057,1.6195084755704148,0.22523934375827348,0.36803656154060843,-0.035228901731296516,2.963236739438057,-0.012210438180295841,8.251396016725323,-56.662336446852805,2.76748782534168,0.0,2.0858528805900725,0.0,0.20526342759050653,1.0268050912076954,-0.007472820285077418,-51.73292749810481,0.34698038236701406,0.8793333333333333,0.2277576306812578,4.997862685643696,0.0,0.11208161088145085,0.8573292026740583,-0.6106798400376382,0.2277576306812578,4.997862685643696,0.0,Pharmaceutical Retailers,Healthcare,HITI
2021Q2,2021,Q2,2021-04-30,2021-04-30,-12266000.0,40868000.0,-4251000.0,-0.3,14998000.0,0.3669863952,200070000.0,103078000.0,56330000.0,43022000.0,93528000.0,11851000.0,-63561000.0,409024641.5389026,434987641.5389026,2.494562882415403,1.309330110176189,0.2764832308691958,0.5366421544849531,-0.022812036220336934,2.494562882415403,-0.11899726420768739,10.008433041472609,-8.336553104901814,3.968108049621671,0.0,2.1829381486794364,0.0,0.20426850602289198,0.8559341732137046,-0.061308542010296396,-65.3916293427502,0.36698639522364684,0.16666666666666666,-8.839372209655943,7.353952189981303,0.0,0.01557421451787649,0.2718314039774414,-1.3053145336225596,-8.839372209655943,7.353952189981303,0.0,Pharmaceutical Retailers,Healthcare,HITI
2021Q1,2021,Q1,2021-01-31,2021-01-31,-16845000.0,38319000.0,-1844000.0,-0.36,14768000.0,0.3853962786,166574000.0,50015000.0,36472000.0,46972000.0,112775000.0,9723000.0,-51228000.0,227547960.1046478,295534960.10464776,1.8461846710306735,0.7764625734480116,0.5076602591040619,1.6907527741677497,-0.01170719209539855,1.8461846710306735,-0.3367989603119064,5.938254132536021,-3.3770845963883613,4.549594323795817,0.0,2.422194795844904,0.0,0.23004190329823382,0.47566635442391214,-0.10112622618175705,-932.5736069862614,0.3853962786085232,-8.703504043126683,-48.49083430042992,5.782562637810822,0.0,0.567894680964009,-8.770881670533642,-0.45311268715524033,-48.49083430042992,5.782562637810822,0.0,Pharmaceutical Retailers,Healthcare,HITI
2020Q4,2020,Q4,2020-10-31,2020-10-31,-1724000.0,26830000.0,-1269000.0,-0.0371,9419000.0,0.3510622438,69811000.0,10171000.0,19281000.0,27464000.0,58088000.0,5702000.0,-34359000.0,67239794.36466841,106680794.36466841,0.3754382543047682,0.7020463151762307,0.6727449828823537,4.617540064890375,-0.016718998076122597,0.3754382543047682,-0.16950152394061546,2.5061421678966984,-9.750550226895072,6.610932490872915,0.0,3.0534900035075414,0.0,0.3843233874317801,0.382646373434314,-0.024695248599790862,26.514114497108995,0.35106224375698847,-1.1236666666666668,0.7974185289238473,4.779425434075869,-0.8029835071831815,0.02069787602947551,-1.4039362699156515,-1.561504424778761,0.7974185289238473,4.779425434075869,-0.8029835071831815,Pharmaceutical Retailers,Healthcare,HITI
2020Q3,2020,Q3,2020-07-31,2020-07-31,4268000.0,23204000.0,2260000.0,0.3,9228000.0,0.3976900534,75874000.0,13651000.0,21284000.0,32669000.0,62223000.0,6439000.0,-32013000.0,34819986.872132644,76595986.87213264,0.8731607241291836,0.6515044843735651,0.6442786725360466,3.580983078162772,0.02594588280752739,0.8731607241291836,0.3126510878323932,1.5006027784921843,2.039596231966532,2.5507279226527464,0.0,2.1705233731945954,0.0,0.3058228115032818,0.3611680798310325,0.05625115322771964,26.239628388946983,0.3976900534390622,1.857142857142857,6.82653236651155,7.957038972197096,0.0,0.24905251759610178,1.845818470075307,16.384615384615383,6.82653236651155,7.957038972197096,0.0,Pharmaceutical Retailers,Healthcare,HITI
2020Q2,2020,Q2,2020-04-30,2020-04-30,-5046000.0,19572000.0,130000.0,-0.35,7388000.0,0.3774780298,73155000.0,7975000.0,19585000.0,40531000.0,65180000.0,7016000.0,-36281000.0,31160460.52030109,73964460.52030109,0.5456787138157708,0.48321038217660556,0.6814025015378307,6.250532915360502,0.00173492445320159,0.5456787138157708,-0.6327272727272727,1.5920938340640245,-1.543819883090621,3.907267776840262,0.0,1.7366020524515393,0.0,0.26754152142710685,0.24171621721645162,-0.06897683001845396,10.243412399835993,0.37747802983854484,-0.34615384615384603,-10.444307646880759,10.31153793705899,0.0,0.5465773498011304,-0.3099688473520249,1.0722222222222222,-10.444307646880759,10.31153793705899,0.0,Pharmaceutical Retailers,Healthcare,HITI
2020Q1,2020,Q1,2020-01-31,2020-01-31,-3852000.0,13659000.0,-1800000.0,-0.26,4777000.0,0.3497327769,69330000.0,10714000.0,16820000.0,27905000.0,58616000.0,7088000.0,-30727000.0,43802286.56768883,88349286.56768882,0.7176776449777168,0.6027593621214836,0.7016587335929612,4.540414411050961,-0.02250540448125137,0.7176776449777168,-0.3595295874556655,3.206844320059216,-2.8428275290556093,4.088322434915888,0.0,1.2531038374717833,0.0,0.19701427953266984,0.2423938362300663,-0.055560363479013414,-53.158114766612655,0.3497327769236401,0.7475728155339806,-20.70733827498697,3.3873417039044154,0.0,0.16115702479338842,0.7503240860772621,0.7272727272727273,-20.70733827498697,3.3873417039044154,0.0,Pharmaceutical Retailers,Healthcare,HITI
2019Q4,2019,Q4,2019-10-31,2019-10-31,-15428000.0,11409000.0,-6600000.0,-1.03,4114000.0,0.3605925147,40743000.0,9586000.0,12739000.0,10800000.0,31336000.0,6719000.0,-26696000.0,54398003.025720775,77606003.02572078,0.6421185276046661,1.179537037037037,0.5894018604422846,2.505111621114125,-0.24368201823719088,0.6421185276046661,-1.609430419361569,4.767990448393442,-0.8814817705749413,5.674734302704024,0.0,1.0857270427146897,0.0,0.28002356232972536,0.32425925925925925,-0.37866627396117125,-20.1101674771611,0.36059251468139186,-2.814814814814815,-2.289841677596196,3.4597907384423237,-0.6630392911994634,0.34444444444444444,-3.142857142857143,-0.6747018523217457,-2.289841677596196,3.4597907384423237,-0.6630392911994634,Pharmaceutical Retailers,Healthcare,HITI
2019Q3,2019,Q3,2019-07-31,2019-07-31,-3724000.0,8288000.0,-3941000.0,-0.27,3060000.0,0.3692084942,50703000.0,24362000.0,16591000.0,2752000.0,26456000.0,5718000.0,-11551000.0,72430855.96242571,93705855.96242571,1.7881431327765638,6.028706395348837,0.4689466106542019,0.9759871931696905,-0.06053888997319989,1.7881431327765638,-0.1528610130531155,8.73924420396063,-4.8624366247600515,2.973107953469572,0.0,0.9143057012941588,0.0,0.1634617281028736,1.9683866279069768,-0.07344733053271009,-7.919402576254725,0.3692084942084942,-0.08000000000000007,-4.833847059802046,2.6712246781310682,0.0,0.30157379838366655,-0.12202470623681833,0.12577639751552794,-4.833847059802046,2.6712246781310682,0.0,Pharmaceutical Retailers,Healthcare,HITI
2019Q2,2019,Q2,2019-04-30,2019-04-30,-3319000.0,6596000.0,-4508000.0,-0.25,2351000.0,0.3564281383,47677000.0,24281000.0,21240000.0,5077000.0,23484000.0,4175000.0,-37553000.0,84600417.70875023,93705417.70875023,1.8260603272995606,4.183572976167028,0.38593032279715583,0.7577941600428318,-0.07812511446618377,1.8260603272995606,-0.13669124006424777,12.826018451902703,-6.372432789149611,3.484222960699734,0.0,1.0167664670658683,0.0,0.13834763093315436,2.1156194603112075,-0.0696142794219435,-13.960640052375282,0.35642813826561554,0.1935483870967742,-7.273547437237189,3.1899546976366198,0.0,0.3137138651853532,0.1314962783084719,0.07548971051630454,-7.273547437237189,3.1899546976366198,0.0,Pharmaceutical Retailers,Healthcare,HITI
2019Q1,2019,Q1,2019-01-31,2019-01-31,-3821515.0,5000688.0,-4876095.0,-0.31,1789583.0,0.3578673575,39124925.0,25291333.0,17512350.0,3418170.0,13888326.0,4805723.0,-34267584.0,65186070.987446256,68600480.98744625,2.0659773358955875,5.123311596556052,0.2652284700865241,0.4103003981640667,-0.10335593412017587,2.0659773358955875,-0.15109978584363268,13.0354205236252,-4.264412869467099,2.5774074853012396,0.0,0.6681835386683752,0.0,0.12781335683071596,2.487154822609759,-0.09767469202816363,-8.894173151901585,0.35786735745161463,0.0,-24.8425838173522,0.9587922230240031,0.0,4.312135048148196,0.006250339678241168,-0.6041042028948319,-24.8425838173522,0.9587922230240031,0.0,Pharmaceutical Retailers,Healthcare,HITI
2018Q4,2018,Q4,2018-10-31,2018-10-31,-3845551.0,2097766.0,-3039762.0,-0.31,-540311.0,-0.2575649524,25922494.0,23328247.0,17509587.0,2589770.0,2607083.0,3463076.0,-30176036.0,65167161.04036876,57028611.04036876,1.9056184024849236,6.7610587040548005,0.002299701564209061,0.002555442764302007,-0.0927650997942119,1.9056184024849236,-0.1648452624837177,31.06502872120568,-4.236529501257996,2.7934872706195524,-0.00010323618123904741,0.7617727707968291,6.092025395337883e-06,0.08092454375724804,3.5198805299312292,-0.14834803317921494,-5.896880809623416,-0.2575649524303473,-5.609808102345416,0.0,0.0,0.0,-1.4590577740016992,-5.252928455284553,-3.698241112828439,0.0,0.0,0.0,Pharmaceutical Retailers,Healthcare,HITI
2018Q3,2018,Q3,2018-07-31,2018-07-31,-615000.0,2175000.0,-647000.0,-0.0469,1177000.0,0.5411494253,,,,,,,,69423372.4984383,,,0.0,0.0,0.0,0.0,,0.0,31.918791953304964,-28.220883129446463,0.0,-0.3284552845528455,0.0,0.0029096829026066693,0.0,0.0,0.0,7.951365536414878,0.5411494252873563,-0.552980132450331,0.0,0.0,0.0,0.40789473684210525,-0.553030303030303,0.06095791001451379,0.0,0.0,0.0,Pharmaceutical Retailers,Healthcare,HITI
2018Q2,2018,Q2,2018-04-30,2018-04-30,-396000.0,1554000.0,-689000.0,-0.0302,836000.0,0.537966538,,,,,,,,68452274.4517923,,,0.0,0.0,0.0,0.0,,0.0,44.049082658811,-43.21481972966686,0.0,0.0,0.0,0.0,0.0,0.0,0.0,-6.363491418012303,0.5379665379665379,-3.3053435114503817,0.0,0.0,0.0,-0.42427771300519457,-3.304241316908825,-2.4380080770555272,0.0,0.0,0.0,Pharmaceutical Retailers,Healthcare,HITI
2018Q1,2018,Q1,2018-01-31,2018-01-31,171857.0,2737325.0,479135.0,0.0131,1452089.0,0.5304773821,,,,,,,,65530443.18616951,,,0.0,0.0,0.0,0.0,,0.0,23.939591822735522,95.32699160664028,0.0,0.0,0.0,0.0,0.0,0.0,0.0,349.9193326649838,0.5304773821157517,0.0,0.0,0.0,0.0,0.0,0.0,0.0,0.0,0.0,0.0,Pharmaceutical Retailers,Healthcare,HITI
