Quarters,Year,Quarter,FillingDate,Date,NetIncome,Revenue,OperatingIncome,EPSDiluted,GrossProfit,GrossProfitRatio,TotalAssets,CommonStockEquity,CurrentAssets,CurrentLiability,TotalLiability,Inventory,RetainedEarnings,MarketCap,EnterpriseValue,bookValuePerShare,currentRatio,debtToAssets,debtToEquity,roic,shareholdersEquityPerShare,roe,priceToSalesRatio,peRatio,pbRatio,payoutRatio,inventoryTurnover,dividendYield,assetTurnover,quickRatio,returnOnAssets,priceToFreeCashFlowsRatio,grossProfitMargin,epsdilutedGrowth,fiveYNetIncomeGrowthPerShare,fiveYRevenueGrowthPerShare,fiveYShareholdersEquityGrowthPerShare,grossProfitGrowth,netIncomeGrowth,operatingIncomeGrowth,threeYNetIncomeGrowthPerShare,threeYRevenueGrowthPerShare,threeYShareholdersEquityGrowthPerShare,Industry,Sector,Symbol
2023Q1,2023,Q1,2023-05-05,2023-03-31,3001871.0,0.0,-675589.0,0.0823,0.0,0.0,25866620.0,10975136.0,748826.0,1057302.0,14891484.0,0.0,-14043570.0,92591476.95,92023240.95,1.2031089045070038,0.7082422997402823,0.0,0.0,-0.15886649713499595,1.2031089045070038,0.27351560837150446,0.0,7.711147227012754,8.436476500154532,0.0,0.0,0.0,0.0,0.537439634087517,0.11605192328955233,-204.24064884359595,0.0,-0.7162068965517242,3.870580936188,0.0,-0.953426787718866,0.0,-0.7539267865482174,-0.3730534881735815,3.870580936188,0.0,-0.953426787718866,Shell Companies,Financial Services,BYTS
2022Q4,2022,Q4,2023-03-31,2022-12-31,12199097.0,0.0,-492034.0,0.29,0.0,0.0,329414104.0,316314982.0,1187672.0,433834.0,13099122.0,0.0,-11812362.0,418235338.08,417180757.08,7.623590663565863,2.737618536122111,0.0,0.0,-0.009730152632088806,7.623590663565863,0.03856629528853616,0.0,8.571030668909348,1.3222115988170298,0.0,0.0,0.0,0.0,2.430839906508019,0.03703271005056905,-3060.251107289982,0.0,2.656998738965952,-0.38906627552485784,0.0,18.564752225069455,0.0,2.7080099856197593,-0.8341751814477799,-0.38906627552485784,0.0,18.564752225069455,Shell Companies,Financial Services,BYTS
2022Q3,2022,Q3,2022-11-07,2022-09-30,3289931.0,0.0,-268259.0,0.0793,0.0,0.0,327088719.0,314364763.0,1471830.0,225958.0,12723956.0,0.0,-11153038.0,90310898.7,89119650.7,34.46108053955176,6.513732640579223,0.0,0.0,-0.0018581890907601638,34.46108053955176,0.01046533004718471,0.0,6.862674224778575,0.28728060307446096,0.0,0.0,0.0,0.0,5.271988599651262,0.010058222154705372,-1225.9176128033882,0.0,-0.20060483870967744,0.0,0.0,75.55766340615837,0.0,-0.20099675923317395,0.06994022854606978,0.0,0.0,75.55766340615837,Shell Companies,Financial Services,BYTS
2022Q2,2022,Q2,2022-08-12,2022-06-30,4117544.0,0.0,-288432.0,0.0992,0.0,0.0,325875501.0,312853927.0,1703748.0,189616.0,13021574.0,0.0,-11218738.0,407862074.12,406597158.12,7.54018158968411,8.98525440891064,0.0,0.0,-0.001982768476769148,7.54018158968411,0.013161234827651691,0.0,24.763674299533896,1.3036821306065947,0.0,0.0,0.0,0.0,6.67093494219897,0.012635328483929205,-1988.2520577568052,0.0,-0.6184615384615384,1.161022813876541,0.0,-0.8043416122280781,0.0,-0.6208170373119415,0.1718482617633885,1.161022813876541,0.0,-0.8043416122280781,Shell Companies,Financial Services,BYTS
2022Q1,2022,Q1,2022-05-12,2022-03-31,10858990.0,0.0,-348284.0,0.26,0.0,0.0,325802365.0,310939371.0,2054759.0,252196.0,14862994.0,0.0,-12754051.0,405372580.28,403902528.28,7.4940383302976965,8.147468635505717,0.0,0.0,-0.002314436919029296,7.4940383302976965,0.034923174781877335,0.0,9.3326492675654,1.3037029661965835,0.0,0.0,0.0,0.0,5.82900601119764,0.03332999132771795,-2099.810311625883,0.0,-0.4583333333333333,3.2830339412051828,0.0,-0.7099003783510959,0.0,-0.4561786728393624,0.3041320431645764,3.2830339412051828,0.0,-0.7099003783510959,Shell Companies,Financial Services,BYTS
2021Q4,2021,Q4,2022-04-06,2021-12-31,19967937.0,0.0,-500503.0,0.48,0.0,0.0,326072415.0,-18008492.0,2235354.0,204589.0,20388397.0,0.0,-18009404.0,406202411.55999994,404539307.55999994,-0.434027794180041,10.9260712941556,0.0,0.0,0.05701430309330387,-0.434027794180041,-1.1088067229615894,0.0,5.085683257614444,-22.556159147584374,0.0,0.0,0.0,0.0,8.129000092869118,0.061237737635672126,0.0,0.0,1.0,0.0,0.0,0.0,0.0,0.0,-1.207757320182442,0.0,0.0,0.0,Shell Companies,Financial Services,BYTS
2021Q3,2021,Q3,2021-11-18,2021-09-30,0.0,0.0,-226702.0,0.24,0.0,0.0,326273208.0,-19177695.0,2563728.0,75385.0,21758393.0,0.0,-19178607.0,402883086.44000006,401155282.44000006,-0.46220708865059895,34.008463222126416,0.0,0.0,,-0.46220708865059895,0.0,0.0,0.0,-21.007899355996642,0.0,0.0,0.0,0.0,22.91973204218346,0.0,-270.92591182601916,0.0,1.3894220003959123,0.0,0.0,0.0,0.0,1.0,0.22927701586308655,0.0,0.0,0.0,Shell Companies,Financial Services,BYTS
2021Q2,2021,Q2,2021-08-20,2021-06-30,-4713145.0,0.0,-294142.0,-0.616298,0.0,0.0,326509384.0,294715586.0,2806066.0,91021.0,31793798.0,0.0,-5947861.0,73798423.25,71977512.25,38.53748196307161,30.82877577701849,0.0,0.0,-0.0009980537642824223,38.53748196307161,-0.015992181017531932,0.0,-3.9144999384699606,0.2504055664365169,0.0,0.0,0.0,0.0,20.005394359543402,-0.014434944999926863,-347.85308431610997,0.0,-4.376176560387316,0.0,0.0,0.0,0.0,-2.8171895399427886,-0.8044746544626918,0.0,0.0,0.0,Shell Companies,Financial Services,BYTS
2021Q1,2021,Q1,2021-03-31,2021-03-31,-1234716.0,0.0,-163007.0,-0.114635,0.0,0.0,303677311.0,278239359.0,2776590.0,193552.0,25437952.0,0.0,-1234716.0,105554290.80000001,104074127.80000001,25.83263738057345,14.345447218318592,0.0004893977739416956,0.0005341408222551289,-0.0005855389344434981,25.83263738057345,-0.004437603667711152,0.0,-21.372180080277573,0.3793650588448919,0.0,0.0,0.0,0.0,8.415216582623792,-0.004065881629200806,-89.31661881589002,0.0,0.0,0.0,0.0,0.0,0.0,0.0,0.0,0.0,0.0,0.0,Shell Companies,Financial Services,BYTS
