Quarters,Year,Quarter,FillingDate,Date,NetIncome,Revenue,OperatingIncome,EPSDiluted,GrossProfit,GrossProfitRatio,TotalAssets,CommonStockEquity,CurrentAssets,CurrentLiability,TotalLiability,Inventory,RetainedEarnings,MarketCap,EnterpriseValue,bookValuePerShare,currentRatio,debtToAssets,debtToEquity,roic,shareholdersEquityPerShare,roe,priceToSalesRatio,peRatio,pbRatio,payoutRatio,inventoryTurnover,dividendYield,assetTurnover,quickRatio,returnOnAssets,priceToFreeCashFlowsRatio,grossProfitMargin,epsdilutedGrowth,fiveYNetIncomeGrowthPerShare,fiveYRevenueGrowthPerShare,fiveYShareholdersEquityGrowthPerShare,grossProfitGrowth,netIncomeGrowth,operatingIncomeGrowth,threeYNetIncomeGrowthPerShare,threeYRevenueGrowthPerShare,threeYShareholdersEquityGrowthPerShare,Industry,Sector,Symbol
2023Q1,2023,Q1,2023-05-12,2023-03-31,-8350000.0,2529000.0,-6770000.0,-0.3,1682000.0,0.6650850138,24846000.0,6620000.0,15453000.0,8213000.0,18226000.0,4841000.0,-451091000.0,14844720.0,17524720.0,0.23546149742130534,1.8815292828442713,0.4054173710053932,1.5216012084592145,-0.4000857506072822,0.23546149742130534,-1.2613293051359518,5.869798339264531,-0.44445269461077846,2.2424048338368583,0.0,0.1749638504441231,0.0,0.10178700796908959,1.0135151588944356,-0.33607019238509217,-2.9820650863800724,0.6650850138394623,0.11764705882352951,-0.11939742844766375,-0.25167104940992796,5.082188534355412,0.09433962264150944,0.08302218317592797,0.15364420552569072,0.34723779192882803,-0.8782972563620682,1.1431741076186155,Health Information Services,Healthcare,OTRK
2022Q4,2022,Q4,2023-04-17,2022-12-31,-9106000.0,2510000.0,-7999000.0,-0.34,1537000.0,0.6123505976,25757000.0,5677000.0,14259000.0,9469000.0,20080000.0,4633000.0,-442741000.0,9936963.2,16168963.2,0.21001035809411067,1.50586123138663,0.43731801063788484,1.9841465562797251,-0.4384553976219995,0.21001035809411067,-1.6040162057424696,3.958949482071713,-0.2728136173951241,1.750389853796019,-0.2458818361519877,0.21001510900064752,0.22532034736729226,0.09744923710059401,0.682014996303728,-0.35353496136972473,-6.218374968710888,0.6123505976095618,0.34615384615384615,-0.9964076173579735,-0.5138912792599704,2.715873696834437,0.0923951670220327,0.28658727671576306,0.21028729390857934,0.35653336849922895,-0.8689887854307201,1.145722190002982,Health Information Services,Healthcare,OTRK
2022Q3,2022,Q3,2022-11-21,2022-09-30,-12764000.0,2843000.0,-10129000.0,-0.52,1407000.0,0.4948997538,30658000.0,13205000.0,19056000.0,7516000.0,17453000.0,0.0,-433635000.0,11439330.0,14778330.0,0.5425448868071819,2.535391165513571,0.34548894252723594,0.8021204089360091,-0.4030390571678669,0.5425448868071819,-0.9666035592578569,4.02368272951108,-0.2240545675336885,0.8662877697841725,-0.17541523033531808,0.0,0.19572824632211852,0.09273272881466502,1.6305215540180946,-0.4163350512101246,-1.3371513734658094,0.49489975378121703,0.27777777777777773,-1.7053902053409016,0.5531120482460009,1.6091088699997922,-0.1708898055391868,0.15234426882720148,0.14953820319059613,-0.014310452925148263,-0.7812797105033107,1.5070610245076772,Health Information Services,Healthcare,OTRK
2022Q2,2022,Q2,2022-08-09,2022-06-30,-15058000.0,3903000.0,-11910000.0,-0.72,1697000.0,0.4347937484,34943000.0,19732000.0,22100000.0,8137000.0,15211000.0,0.0,-420871000.0,22137040.0,19804040.0,0.9448381536104195,2.715988693621728,0.22087399479151762,0.39114129333063047,-0.4112216776084772,0.9448381536104195,-0.763125886884249,5.671801178580579,-0.36752955239739676,1.1218852625177378,0.0,0.0,0.0,0.1116961909395301,1.7696939904141575,-0.43093037232063647,-5.242017523087852,0.4347937483986677,-0.014084507042253534,-1.7189592713035364,0.5585348324766061,1.0650208976673499,-0.29643449419568824,-0.02820075110959372,0.09395207303157094,-1.1427343999938597,-0.6030332060835806,2.2682052222257503,Health Information Services,Healthcare,OTRK
2022Q1,2022,Q1,2022-05-11,2022-03-31,-14645000.0,5258000.0,-13145000.0,-0.71,2412000.0,0.458729555,59683000.0,32083000.0,46631000.0,10440000.0,27600000.0,0.0,-405813000.0,46937595.0,37466595.0,1.5481831781112774,4.466570881226054,0.29785701120922203,0.5540940685098027,-0.25651442330386165,1.5481831781112774,-0.45647227503662374,8.926891403575503,-0.8012563161488564,1.4630051740797307,-0.15288494366678046,0.0,0.04770163447871584,0.08809878859976877,3.5623563218390806,-0.24537975637953857,-4.367913176996091,0.4587295549638646,0.29702970297029707,0.6998266657040383,0.2875777736896802,1.3209529521259389,-0.6136472849591542,0.2696124881552042,0.2693569006725585,-2.918921702799168,-0.3965817109239928,3.3489575795285194,Health Information Services,Healthcare,OTRK
2021Q4,2021,Q4,2022-04-15,2021-12-31,-20051000.0,10332000.0,-17991000.0,-1.01,6243000.0,0.6042392567,93682000.0,45555000.0,80332000.0,10333000.0,48127000.0,0.0,-391168000.0,125183580.0,103814580.0,2.288965933072053,7.774315300493564,0.3998099955167482,0.8221929535726046,-0.2141100075230795,2.288965933072053,-0.44014927011305016,12.116103368176539,-1.5608146725849084,2.7479657556799473,-0.11181487207620568,0.0,0.017909697102447462,0.11028799555944578,6.580567115068228,-0.21403257829679126,-7.994353406986398,0.604239256678281,-1.404761904761905,-5.120276912064352,0.25798055105709633,1.8295348823853115,-0.5098916627414036,-1.5435747811746796,-2.290234089246525,-10.250151453433412,0.4853383642436844,5.108393845963459,Health Information Services,Healthcare,OTRK
2021Q3,2021,Q3,2021-11-05,2021-09-30,-7883000.0,18594000.0,-5468000.0,-0.42,12738000.0,0.6850596966763473,115821000.0,52299000.0,98661000.0,15895000.0,63522000.0,0.0,-371117000.0,189906599.99999997,162776599.99999997,2.7649484536082474,6.207046240956275,0.4159263000664819,0.921107478154458,-0.05345481562585539,2.7649484536082474,-0.15072945945429167,10.213326879638592,-6.022662691868577,3.6311707680835195,-0.28846885703412406,0.0,0.011974307370044013,0.16054083456368015,5.395784837999371,-0.06806192314001779,-12.161027151639342,0.6850596966763473,-1.0999999999999999,0.4842363048047812,5.750246164768006,2.031922496337587,-0.2909940999666036,-1.1207963411353241,-2.311932162325863,-0.5239044247364142,2.581340817877523,6.708130290023667,Health Information Services,Healthcare,OTRK
2021Q2,2021,Q2,2021-08-05,2021-06-30,-3717000.0,26485000.0,-1651000.0,-0.2,17966000.0,0.6783462337171984,133372000.0,59033000.0,115185000.0,26726000.0,74339000.0,0.0,-363234000.0,589706880.0,546307880.0,3.251432033487552,4.30984808800419,0.36094532585550193,0.8154760896447749,-0.015121263188745604,3.251432033487552,-0.06296478240983856,22.26569303379271,-39.66282485875706,9.989444547964696,-0.6020984665052461,0.0,0.0037951057990030577,0.19857991182557058,3.8133278455436654,-0.027869417868818042,-118.77278549848943,0.6783462337171984,0.3548387096774193,0.6023455510575018,9.935252195607543,2.714452603024701,0.1248434760831455,0.3233205898416166,0.4267361111111111,0.22433327825512225,6.092279798389179,12.177368319051073,Health Information Services,Healthcare,OTRK
2021Q1,2021,Q1,2021-05-06,2021-03-31,-5493000.0,28722000.0,-2880000.0,-0.31,15972000.0,0.5560894088155421,144928000.0,56667000.0,125622000.0,40644000.0,88261000.0,0.0,-359517000.0,573772320.0,529423320.0,3.2156962887299967,3.090788308237378,0.3320131375579598,0.8491361815518732,-0.026919661634808616,3.2156962887299967,-0.09693472391338874,19.976753707959055,-26.11379574003277,10.125334321562814,-0.4005097396686692,0.0,0.003834273497194845,0.19818116582026937,2.7233786044680643,-0.03790157871494811,102.36794290811775,0.5560894088155421,-0.7222222222222223,0.33415959449463906,19.525963814275613,3.2958929567486805,0.00928909952606635,-0.7011458655930629,-0.5789473684210527,-0.17487136617828514,12.559425414963135,56.75042486175516,Health Information Services,Healthcare,OTRK
2020Q4,2020,Q4,2021-03-09,2020-12-31,-3229000.0,29251000.0,-1824000.0,-0.18,15825000.0,0.5410071450548699,144701000.0,60751000.0,123638000.0,36410000.0,83950000.0,0.0,-354024000.0,1079594880.0,1040661880.0,3.4770489926739927,3.395715462784949,0.3315388283425823,0.7896824743625619,-0.013698989795051604,3.4770489926739927,-0.053151388454511034,36.907964855902364,-83.58585320532671,17.770816612072228,0.0,0.0,0.0,0.20214787734708123,2.9666300466904696,-0.022314980546091597,-1310.1879611650486,0.5410071450548699,0.4545454545454546,-2.126383358300817,7.92624117446869,3.6817916111904676,0.44467774329012233,0.4308126211880839,0.39361702127659576,-0.09528004438369055,7.764678020016775,60.52208401402792,Health Information Services,Healthcare,OTRK
2020Q3,2020,Q3,2020-11-05,2020-09-30,-5673000.0,24022000.0,-3008000.0,-0.33,10954000.0,0.45599866788776955,83263000.0,15111000.0,74082000.0,20652000.0,68152000.0,0.0,-350795000.0,1036800000.0,1027143000.0,0.8744791666666667,3.5871586287042416,0.5755017234545957,3.17106743431937,-0.04597771425951118,0.8744791666666667,-0.37542187810204486,43.160436266755475,-45.690111052353245,68.61226920786181,0.0,0.0,0.0,0.2885075003302788,3.2015301181483635,-0.0681335046779482,-339.82300884955754,0.45599866788776955,0.10810810810810806,0.6515258591893196,19.515696101387167,1.5740460106621195,0.4903401360544218,0.08691453404152583,0.2640078297039393,-0.6936157895923521,17.48392017278785,3.205387251563761,Health Information Services,Healthcare,OTRK
2020Q2,2020,Q2,2020-08-05,2020-06-30,-6213000.0,17226000.0,-4087000.0,-0.37,7350000.0,0.4266805990943922,25047000.0,-30044000.0,20863000.0,18260000.0,55091000.0,0.0,-345122000.0,420431560.0,445015560.0,-1.7679180887372015,1.142552026286966,1.4865652573162456,-1.239315670350153,-0.42564049156425743,-1.7679180887372015,0.20679669817600851,24.40680134680135,-16.91741348784806,-13.993861003861003,0.0,0.0,0.0,0.6877470355731226,1.0093099671412924,-0.2480536591208528,936.3731848552338,0.4266805990943922,0.1777777777777778,-2.672093205458425,11.6617253210505,-0.9801236747512891,0.4397649363369246,0.18196181698485847,0.3192871419053964,-1.3645494269917633,7.453186975371276,-4.863929271543529,Health Information Services,Healthcare,OTRK
2020Q1,2020,Q1,2020-05-07,2020-03-31,-7595000.0,12338000.0,-6004000.0,-0.45,5105000.0,0.41376236018803697,22887000.0,-27453000.0,19535000.0,15159000.0,50340000.0,0.0,-338909000.0,254234390.0,277947390.0,-1.6445815611334091,1.2886733953427008,1.560449163280465,-1.3009142898772448,-0.5598135198135198,-1.6445815611334091,0.2766546461224638,20.605802399092234,-8.368478933508888,-9.26071431173278,0.0,0.0,0.0,0.5390833224101018,1.1677551289662906,-0.3318477738454144,-55.112592672880986,0.41376236018803697,0.13461538461538464,-6.374790883097014,6.193697135154632,0.8285212652548734,0.05019543303846945,0.12550374208405296,0.14179531160663236,0.8067458872533767,2.7507307499156823,0.6590627552861099,Health Information Services,Healthcare,OTRK
2019Q4,2019,Q4,2020-03-16,2019-12-31,-8685000.0,11758000.0,-6996000.0,-0.52,4861000.0,0.41342064977036913,23855000.0,-23909000.0,20392000.0,14098000.0,47764000.0,0.0,-331314000.0,270582900.0,291157900.0,-1.4411693791440627,1.4464463044403462,1.4330329071473487,-1.4297963110125893,-0.5438432835820896,-1.4411693791440627,0.36325233175791544,23.01266371831944,-7.788799654576856,-11.317198544481156,0.0,0.0,0.0,0.4928945713686858,1.3702652858561497,-0.36407461748061204,-67.20886736214605,0.41342064977036913,0.0,-0.06692189855611516,1.2980127020849432,0.8697582328210057,0.7831988261188555,-0.014247343220833819,-0.25017869907076484,-2.180205570242573,0.7174073649664912,0.47771163644140174,Health Information Services,Healthcare,OTRK
2019Q3,2019,Q3,2019-11-14,2019-09-30,-8563000.0,8845000.0,-5596000.0,-0.52,2726000.0,0.3081967213114754,24450000.0,-17721000.0,21053000.0,9513000.0,42171000.0,0.0,-322629000.0,261017120.0,277464120.0,-1.069979471078372,2.2130768422159153,1.3229856850715747,-1.8253484566333729,-0.32715580239695996,-1.069979471078372,0.48321200835167316,29.510132278123233,-7.620492817937639,-14.72925455674059,0.0,0.0,0.0,0.36175869120654397,2.129927467675812,-0.3502249488752556,-37.719236994219656,0.3081967213114754,-0.5294117647058822,-8.64831584723492,4.6564112319963975,0.8981743262240404,-0.1779252110977081,-0.5597449908925318,-0.14041165681679232,0.36014914957719185,2.667230320635146,0.6006667374271403,Health Information Services,Healthcare,OTRK
2019Q2,2019,Q2,2019-08-14,2019-06-30,-5490000.0,7681000.0,-4907000.0,-0.34,3316000.0,0.43171462049212345,16060000.0,-12155000.0,11414000.0,11875000.0,28215000.0,0.0,-314066000.0,313248000.0,324029000.0,-0.7450199203187251,0.961178947368421,1.1108343711083437,-1.4677087618264089,-0.6141426783479349,-0.7450199203187251,0.4516659810777458,40.78218981903398,-14.26448087431694,-25.771122994652405,0.0,0.0,0.0,0.4782689912826899,0.9002105263157895,-0.34184308841843086,-196.27067669172934,0.43171462049212345,-0.8888888888888891,0.9556555029786268,4.457898340955704,0.9372133025715355,-0.12367864693446089,-0.8794933242040397,-0.9510934393638171,0.34638994452437966,2.529227765107881,0.6071572991407007,Health Information Services,Healthcare,OTRK
2019Q1,2019,Q1,2019-05-09,2019-03-31,-2921000.0,6811000.0,-2515000.0,-0.18,3784000.0,0.5555718690353839,7217000.0,-10676000.0,5845000.0,8480000.0,17893000.0,0.0,-308576000.0,225962100.0,234694100.0,-0.6590937152734906,0.6892688679245284,1.389497020922821,-0.9393031097789434,3.881172839506173,-0.6590937152734906,0.2736043461970776,33.17605344295992,-19.33944710715508,-21.165427126264518,0.0,0.0,0.0,0.9437439379243453,0.5774764150943397,-0.40473881114036303,-51.83805918788713,0.5555718690353839,-1.0,-1.273278967136524,5.252300195063158,0.8655555828694663,0.2740740740740741,-1.0270645385149202,-1.1205733558178752,0.6148003300431623,4.295336505219068,0.5294304925384131,Health Information Services,Healthcare,OTRK
2018Q4,2018,Q4,2019-03-22,2018-12-31,-1441000.0,5624000.0,-1186000.0,-0.09,2970000.0,0.5280938833570412,6323000.0,-8965000.0,5486000.0,7730000.0,15288000.0,0.0,-305655000.0,150772670.0,155082670.0,-0.5571437449505935,0.7097024579560155,1.1817175391428119,-0.8334634690462911,0.794925392572747,-0.5571437449505935,0.1607361963190184,26.80879623044097,-26.15764573213046,-16.817921918572225,0.0,0.0,0.0,0.8894512098687332,0.5878395860284605,-0.2278981496125257,-99.19254605263158,0.5280938833570412,0.6666666666666667,0.8544908109824969,0.8177648937904982,0.9248412069065718,1.6236749116607774,0.6689639329198254,0.7069434148752162,-1.545810325602844,0.8635145888267609,0.5702840470226777,Health Information Services,Healthcare,OTRK
2018Q3,2018,Q3,2018-11-14,2018-09-30,-4353000.0,4369000.0,-4047000.0,-0.27,1132000.0,0.25909819180590526,8479000.0,-7710000.0,7874000.0,8650000.0,16189000.0,0.0,-304218000.0,179225420.0,181785420.0,-0.4843877615128479,0.9102890173410405,0.8745135039509376,-0.9617380025940337,13.71864406779661,-0.4843877615128479,0.564591439688716,41.02206912336919,-10.293212726855042,-23.245839169909207,0.0,0.0,0.0,0.5152730274796556,0.8376878612716763,-0.5133860125014742,-55.50493031898421,0.25909819180590526,-0.03846153846153849,-1.9575879296645466,4.027332400288033,0.9304930273179571,2.4096385542168677,-0.03642857142857143,0.023642943305186973,0.7097120814055802,3.0508080203696086,0.6820268878789705,Health Information Services,Healthcare,OTRK
2018Q2,2018,Q2,2018-08-14,2018-06-30,-4200000.0,3273000.0,-4145000.0,-0.26,332000.0,0.10143599144515734,7896000.0,-4629000.0,6944000.0,7601000.0,12525000.0,0.0,-299865000.0,106935360.0,106197360.0,-0.2908942374159492,0.9135640047362189,0.6161347517730497,-1.0509829336789804,-17.5635593220339,-0.2908942374159492,0.9073233959818535,32.671970669110905,-6.365200000000001,-23.101179520414775,0.0,0.0,0.0,0.41451367781155013,0.8871201157742402,-0.5319148936170213,-255.82622009569377,0.10143599144515734,0.03703703703703707,0.9054305364194453,2.5873082361846302,0.9610449759496079,1.8829787234042554,0.004267425320056899,0.024016953143395338,-1.6509722638996047,1.5692005210801958,0.6741893360186859,Health Information Services,Healthcare,OTRK
2018Q1,2018,Q1,2018-05-15,2018-03-31,-4218000.0,1911000.0,-4247000.0,-0.27,-376000.0,-0.1967556253270539,3782000.0,-917000.0,2919000.0,4659000.0,4699000.0,0.0,-295665000.0,76310400.0,74956400.0,-0.05768021134733929,0.6265292981326465,0.0,0.0,4.631406761177754,-0.05768021134733929,4.599781897491821,39.93218210361068,-4.5229018492176385,-83.2174482006543,0.0,0.0,0.0,0.505288207297726,0.5505473277527366,-1.1152829190904283,-22.33911007025761,-0.1967556253270539,-0.5882352941176471,-1.2040391699148663,0.7892593729469816,0.9893914867816838,-1.3741293532338308,-0.5732935471838866,-0.5293482175009002,-3.3005144183593487,0.16993025267605233,0.9939857469550756,Health Information Services,Healthcare,OTRK
2017Q4,2017,Q4,2018-03-07,2017-12-31,-2681000.0,3035000.0,-2777000.0,-0.17,1005000.0,0.3311367380560132,6604000.0,898000.0,5656000.0,5649000.0,5706000.0,0.0,-293324000.0,59583750.0,54806750.0,0.056517087293095854,1.0012391573729864,0.0003028467595396729,0.0022271714922048997,-3.081012374309837,0.056517087293095854,-2.985523385300668,19.632207578253706,-5.556112458038046,66.35161469933185,0.0,0.0,0.0,0.45956995760145364,0.9364489290139848,-0.40596608116293154,-27.157588878760254,0.3311367380560132,0.1052631578947368,0.9717502282026816,0.02800127174170247,1.0039573915220883,3.142857142857143,0.12954545454545455,0.1015852474927208,0.6561180020707114,-0.38066234496379114,1.005107578214876,Health Information Services,Healthcare,OTRK
2017Q3,2017,Q3,2017-11-14,2017-09-30,-3080000.0,1195000.0,-3091000.0,-0.19,-469000.0,-0.39246861924686194,8866000.0,3304000.0,7942000.0,5466000.0,5562000.0,0.0,-290643000.0,77379430.0,70459430.0,0.20794260179998741,1.4529820709842665,0.0006767426122264832,0.0018159806295399517,-0.9327528489274832,0.20794260179998741,-0.9322033898305084,64.7526610878661,-6.2807978896103895,23.419924334140436,0.0,0.0,0.0,0.13478457026844123,1.3968166849615806,-0.34739454094292804,-33.84926946631671,-0.39246861924686194,-1.1958762886597938,0.25730439750673006,-0.4710274583494421,1.0249305279227066,-2.4084084084084085,-1.221184919210054,-0.16553544494720965,-2.617366396039189,-0.2034239232309281,1.0197890670871188,Health Information Services,Healthcare,OTRK
2017Q2,2017,Q2,2017-08-15,2017-06-30,13925000.0,1665000.0,-2652000.0,0.97,333000.0,0.2,11212000.0,6353000.0,10387000.0,4735000.0,4859000.0,0.0,-287562000.0,63454450.00000001,54246450.00000001,0.4575441123514584,2.193664202745512,0.0012486621476988941,0.002203683299228711,-0.4155789946470365,0.4575441123514584,2.191877852982843,38.110780780780786,1.1392181328545783,9.988107980481663,0.0,0.0,0.0,0.14850160542276133,2.1560718057022177,1.2419728861933643,-37.95122607655503,0.2,1.4127659574468086,1.3770614297899826,-0.21048994648734207,1.0458318467583472,-0.2713347921225383,1.6397004777655273,-0.1994572591587517,1.132161143211694,0.390154625218138,1.0385596182852352,Health Information Services,Healthcare,OTRK
2017Q1,2017,Q1,2017-05-15,2017-03-31,-21768000.0,1822000.0,-2211000.0,-2.35,457000.0,0.2508232711306257,2940000.0,-44600000.0,2150000.0,34530000.0,47540000.0,0.0,-301487000.0,89871120.0,99648120.0,-4.82370754921047,0.06226469736461048,3.4244897959183676,-0.22573991031390134,0.06407132934743118,-4.82370754921047,0.4880717488789238,49.3255323819978,-1.0321471885336273,-2.015047533632287,0.0,0.0,0.0,0.6197278911564625,0.04500434404865335,-7.404081632653061,-54.00908653846154,0.2508232711306257,-13.6875,0.6056246033653129,0.19721748201489042,0.6071667961469801,-0.8171268507402961,-13.406353408338848,-16.792857142857144,-4.567801509556917,1.930116039269151,0.016041975771755475,Health Information Services,Healthcare,OTRK
2016Q4,2016,Q4,2017-02-28,2016-12-31,-1511000.0,3788000.0,140000.0,-0.16,2499000.0,0.659714889123548,3104000.0,-25328000.0,2323000.0,22977000.0,28432000.0,0.0,-279719000.0,49015956.12,57991956.12,-2.7593365651968433,0.1011011011011011,3.1659149484536084,-0.3879895767530006,-0.009061768154271954,-2.7593365651968433,0.059657296272899556,12.93979834213305,-8.109853759099934,-1.935247793746052,0.0,0.0,0.0,1.2203608247422681,0.08282195238716977,-0.48679123711340205,-38.323656075058636,0.659714889123548,0.8024691358024691,0.9925571792814355,1.113727917300086,0.8113898943045822,29.10843373493976,0.796168892486173,1.0651162790697675,0.7325283744782353,1.1462938609452538,0.6277649926821827,Health Information Services,Healthcare,OTRK
2016Q3,2016,Q3,2016-11-14,2016-09-30,-7413000.0,1336000.0,-2150000.0,-0.81,83000.0,0.06212574850299401,3853000.0,-24581000.0,3037000.0,23815000.0,28434000.0,0.0,-278208000.0,51741461.519999996,58585461.519999996,-2.679414843092743,0.127524669326055,2.2546067998961847,-0.3534030348643261,0.13564906134691448,-2.679414843092743,0.30157438672145154,38.728638862275446,-1.7449568838526912,-2.1049372084130016,0.0,0.0,0.0,0.3467427978198806,0.11471761494856184,-1.9239553594601608,-32.78926585551331,0.06212574850299401,-0.5882352941176472,0.8772771407924884,-0.097058839851813,0.516121228614559,0.36065573770491804,-0.5705508474576271,-0.02040816326530612,-3.8293431598314482,1.6672495033088175,0.6155187453104808,Health Information Services,Healthcare,OTRK
2016Q2,2016,Q2,2016-08-15,2016-06-30,-4720000.0,1223000.0,-2107000.0,-0.51,61000.0,0.04987735077677841,2069000.0,-17387000.0,1291000.0,17323000.0,19456000.0,0.0,-270795000.0,35755270.199999996,41864270.199999996,-1.8964840601316446,0.07452519771402182,2.9777670372160463,-0.3543452004371082,0.18875022798924024,-1.8964840601316446,0.27146718812906195,29.235707440719537,-1.8938172775423727,-2.056437004658653,0.0,0.0,0.0,0.5911068148864186,0.055475379553195175,-2.2812953117448043,-24.709931029716653,0.04987735077677841,-0.08510638297872349,-1.0605325096783036,-0.26382017131348123,-0.011288490193664942,1.2563025210084033,-0.09972041006523766,0.14245014245014245,0.815532339729191,1.326621579363936,0.7460328439989821,Health Information Services,Healthcare,OTRK
2016Q1,2016,Q1,2016-05-13,2016-03-31,-4292000.0,728000.0,-2457000.0,-0.47,-238000.0,-0.3269230769230769,2067000.0,-12841000.0,1306000.0,13739000.0,14908000.0,0.0,-266075000.0,28604216.16,33056216.16,-1.4006298853252688,0.0950578644733969,2.280599903241413,-0.3671053656257301,0.3038874341136672,-1.4006298853252688,0.3342418814734055,39.29150571428571,-1.6661356104380243,-2.227569204890585,0.0,0.0,0.0,0.3522012578616352,0.06346895698376884,-2.0764392839864536,-18.720036753926703,-0.3269230769230769,-3.9375,0.960581456315554,-0.8499856508927487,0.9402523934720838,-1.4917355371900827,-4.88768115942029,-0.672566371681416,-1.3600258805709142,0.18198245086180953,0.7423969103898345,Health Information Services,Healthcare,OTRK
2015Q4,2015,Q4,2016-03-30,2015-12-31,1104000.0,1262000.0,-1469000.0,0.16,484000.0,0.38351822503961963,2880000.0,-8724000.0,2081000.0,4821000.0,11604000.0,0.0,-261783000.0,14521837.175999999,17333837.176,-1.2965395887454894,0.43165318398672475,1.2944444444444445,-0.42732691425951397,0.2974327749432379,-1.2965395887454894,-0.1265474552957359,11.507002516640252,3.288459505434782,-1.6645847290233837,0.0,0.0,0.0,0.43819444444444444,0.3123833229620411,0.38333333333333336,-10.485080993501805,0.38351822503961963,1.1702127659574468,1.0004765777247269,-0.9382908764490888,0.9953891755138178,3.659340659340659,1.1475935828877006,0.32614678899082566,1.0274696985533167,0.009394657266819147,0.9092148052509409,Health Information Services,Healthcare,OTRK
2015Q3,2015,Q3,2015-11-13,2015-09-30,-7480000.0,538000.0,-2180000.0,-0.94,-182000.0,-0.3382899628252788,1926000.0,-12095000.0,1242000.0,12530000.0,14021000.0,0.0,-262822000.0,37634092.68,39434092.68,-1.5233607592848177,0.099122106943336,1.0514018691588785,-0.16742455560148822,0.21693769843422211,-1.5233607592848177,0.6184373708143861,69.95184513011152,-1.2578239532085562,-3.1115413542786277,0.0,0.0,0.0,0.2793354101765317,0.05131683958499601,-3.8836967808930427,-29.424622892885065,-0.3382899628252788,-8.399999999999999,0.9838930426351497,-0.9783673325959403,0.9202229906470434,-2.192982456140351,-11.742759795570699,0.13112793941809486,-2.6095676893476267,-0.5234143562496764,0.8173621585141285,Health Information Services,Healthcare,OTRK
2015Q2,2015,Q2,2015-08-14,2015-06-30,-587000.0,472000.0,-2509000.0,-0.1,-57000.0,-0.12076271186440678,1914000.0,-5264000.0,987000.0,5967000.0,7178000.0,0.0,-255342000.0,47756344.5,49953344.5,-0.8928321555264767,0.16540975364504776,1.2272727272727273,-0.4462386018237082,0.8675319702886897,-0.8928321555264767,0.11151215805471125,101.17869597457627,-20.339158645655875,-9.0722538943769,0.0,0.0,0.0,0.24660397074190177,0.06720294955589073,-0.306687565308255,-26.649745814732142,-0.12076271186440678,-0.6666666666666669,0.9988122943425668,-0.9786884150106047,0.955132147340728,-3.111111111111111,-1.2576923076923077,0.08464064210142284,0.9625669827861919,-0.47290942331671354,0.9105656800549498,Health Information Services,Healthcare,OTRK
2015Q1,2015,Q1,2015-05-15,2015-03-31,-260000.0,433000.0,-2741000.0,-0.06,27000.0,0.06235565819861432,1339000.0,-40418000.0,524000.0,3601000.0,41757000.0,0.0,-254755000.0,50572092.0,50706092.0,-9.590586048922003,0.14551513468480978,0.16280806572068707,-0.0053936364985897375,0.06874341899396506,-9.590586048922003,0.006432777475382255,116.79466974595843,-48.62701153846154,-1.2512269780790737,0.0,0.0,0.0,0.32337565347274083,0.053596223271313526,-0.1941747572815534,-61.74858608058608,0.06235565819861432,0.8775510204081632,0.9994631320967516,-0.9770879954896863,-1.2949105210043514,-0.9628099173553719,0.8577680525164114,-1.8404145077720206,0.9896655147821998,-0.37578127911645104,0.2189616377048482,Health Information Services,Healthcare,OTRK
2014Q4,2014,Q4,2015-03-31,2014-12-31,-1828000.0,1149000.0,-965000.0,-0.49,726000.0,0.6318537859007833,2352000.0,-41224000.0,1510000.0,2960000.0,43576000.0,0.0,-254560000.0,46941388.199999996,46256388.199999996,-11.065339563178918,0.5101351351351351,0.00977891156462585,-0.0005579274209198525,0.023460511804679677,-11.065339563178918,0.04434310110615176,40.85412375979112,-6.419774097374179,-1.1386907675140694,0.0,0.0,0.0,0.4885204081632653,0.4043918918918919,-0.7772108843537415,-28.922605175600737,0.6318537859007833,-8.799999999999999,-1.0076136066814922,-0.9595306672061829,-1.101159242110334,29.25,-7.704761904761905,0.3976279650436954,0.9778149647696535,0.5796831276924189,0.2436461391153346,Health Information Services,Healthcare,OTRK
2014Q3,2014,Q3,2014-11-14,2014-09-30,-210000.0,370000.0,-1602000.0,-0.05,24000.0,0.06486486486486487,2645000.0,-41179000.0,1780000.0,3323000.0,43824000.0,0.0,-252733000.0,47026092.0,45517092.0,-10.50795375469431,0.5356605476978634,0.008695652173913044,-0.0005585371184341533,0.03951127783785155,-10.50795375469431,0.005099686733529226,127.09754594594595,-55.98344285714286,-1.1419920833434518,0.0,0.0,0.0,0.13988657844990549,0.5127896479085164,-0.07939508506616257,-54.42834722222222,0.06486486486486487,0.9934123847167325,0.9998576500957728,-0.9917252415480579,0.4038386043713528,-0.4666666666666667,0.9923488905891354,0.05319148936170213,0.9918613437750643,-0.41459468478634554,-0.89764409408421,Health Information Services,Healthcare,OTRK
2014Q2,2014,Q2,2014-08-14,2014-06-30,-27447000.0,312000.0,-1692000.0,-7.59,45000.0,0.14423076923076922,2301000.0,-42919000.0,1443000.0,2983000.0,45220000.0,0.0,-252522000.0,44489186.1,43368186.1,-11.865888011828565,0.4837412001340932,0.008691873098652759,-0.0004659940818751602,0.03946275018579996,-11.865888011828565,0.639506978261376,142.5935451923077,-0.4052281314897803,-1.036584871502132,0.0,0.0,0.0,0.13559322033898305,0.441837076768354,-11.928292046936114,-32.7849565954311,0.14423076923076922,-17.5,0.9645986316988236,-0.9946568144262256,-1.1345952479762251,1.391304347826087,-13.831697054698457,-0.02669902912621359,-1.8922112024372488,-0.5239657961350234,-5.327411985448614,Health Information Services,Healthcare,OTRK
2014Q1,2014,Q1,2014-05-15,2014-03-31,2139000.0,218000.0,-1648000.0,0.46,-115000.0,-0.5275229357798165,2092000.0,-15891000.0,1246000.0,4165000.0,17983000.0,0.0,-225075000.0,15073002.9,14374002.9,-4.902350944283305,0.2991596638655462,0.011472275334608031,-0.0015102888427411742,0.10392353294587303,-4.902350944283305,-0.13460449310930717,69.14221513761468,1.7616880434782611,-0.9485245044364736,0.0,0.0,0.0,0.10420650095602295,0.243937575030012,1.0224665391969407,-10.08902469879518,-0.5275229357798165,1.741935483870968,-0.9950418365713508,-0.9978171888394366,-1.0197289104030989,-1.5450236966824644,2.4279038718291055,0.2103497843794921,1.0555623075442984,-0.8729465261822285,0.790877134388164,Health Information Services,Healthcare,OTRK
2013Q4,2013,Q4,2014-03-31,2013-12-31,-1498000.0,468000.0,-2087000.0,-0.62,211000.0,0.45085470085470086,2623000.0,-18043000.0,1699000.0,4133000.0,20666000.0,0.0,-227214000.0,14750064.239999998,13640064.239999998,-7.412888392952517,0.4110815388337769,0.009912314144109797,-0.0014410020506567644,0.11631302785112622,-7.412888392952517,0.08302388738014743,31.517231282051277,-2.4616262082777034,-0.8174951083522696,0.0,0.0,0.0,0.17842165459397635,0.34454391483184127,-0.571101791841403,-8.912425522658609,0.45085470085470086,-3.9523809523809526,0.9992749395561036,-0.9994918521601813,-1.1524124643319957,3.318681318681319,-3.2029411764705884,-0.3481912144702842,0.9982123394071218,-0.9367377748389447,0.9736378837852276,Health Information Services,Healthcare,OTRK
2013Q3,2013,Q3,2013-11-13,2013-09-30,680000.0,130000.0,-1548000.0,0.21,-91000.0,-0.7,2087000.0,-16593000.0,923000.0,4466000.0,18680000.0,0.0,-225716000.0,16714648.079999998,16310648.079999998,-6.968908914054743,0.20667263770712047,0.008624820316243412,-0.0010847947929849937,0.09322101893804341,-6.968908914054743,-0.04098113662387754,128.57421599999998,6.145091205882353,-1.0073312890978123,0.0,0.0,0.0,0.06229036895064686,0.1800268696820421,0.32582654528030663,-13.940490475396162,-0.7,1.075268817204301,1.0010356358555235,-0.9998713213650272,-1.009036476284705,-0.3,1.1050355267222738,0.09947643979057591,1.0048827423398803,-0.9825693278969712,0.6350446155134927,Health Information Services,Healthcare,OTRK
2013Q2,2013,Q2,2013-08-14,2013-06-30,-6474000.0,133000.0,-1719000.0,-2.79,-70000.0,-0.5263157894736842,3366000.0,-17322000.0,2162000.0,4240000.0,20688000.0,0.0,-226396000.0,18789335.099999998,17185335.099999998,-7.4674382703409234,0.5099056603773585,0.0059417706476530005,-0.0011546010853250202,0.09948302075299009,-7.4674382703409234,0.37374437131970906,141.2731962406015,-0.7255690106580167,-1.0847093349497747,0.0,0.0,0.0,0.039512774806892456,0.47429245283018867,-1.9233511586452763,-12.394020514511872,-0.5263157894736842,-1.2946145723336855,0.995507962813339,-0.9998880094662174,-1.007862595844875,-0.014492753623188406,-3.4776119402985075,0.01489971346704871,0.9667062216880401,-0.9847368189029572,0.6247358274654694,Health Information Services,Healthcare,OTRK
2013Q1,2013,Q1,2013-05-15,2013-03-31,2613000.0,135000.0,-1745000.0,9.47,-69000.0,-0.5111111111111111,3333000.0,-10926000.0,2098000.0,4075000.0,14259000.0,0.0,-219922000.0,12057024.0,10464024.0,-5.437162603309075,0.5148466257668711,0.004500450045004501,-0.0013728720483250961,0.16002802789733914,-5.437162603309075,-0.23915431081823174,89.31128888888888,1.153561423650976,-1.1035167490389894,0.0,0.0,0.0,0.0405040504050405,0.46355828220858897,0.783978397839784,-7.704168690095846,-0.5111111111111111,2.586264656616416,1.002749964379148,-0.9998657925294534,-1.0036020884209804,-2.6315789473684212,1.454118873826903,0.22787610619469026,1.0113155143673507,-0.9850186911795149,-1.167192750051754,Health Information Services,Healthcare,OTRK
2012Q4,2012,Q4,2013-04-01,2012-12-31,-5754000.0,179000.0,-2260000.0,-5.97,-19000.0,-0.10614525139664804,4934000.0,-13758000.0,3622000.0,3998000.0,18692000.0,0.0,-222535000.0,8092148.4,4957148.4,-14.28139899164479,0.9059529764882441,0.0036481556546412645,-0.0013083296990841692,0.1640433063914098,-14.28139899164479,0.41822939380723945,45.20753296089386,-0.35158795620437955,-0.5881776711731356,0.0,0.0,0.0,0.03627888123226591,0.8491745872936468,-1.1661937576003243,-4.949326238532111,-0.10614525139664804,-21.96153846153846,0.9868137686514633,-0.99969979364708,-1.0062847530372117,0.6666666666666666,-21.389105058365757,-0.09073359073359073,-1.0926797673221524,-0.9756185304800864,-1.1305604306150214,Health Information Services,Healthcare,OTRK
2012Q3,2012,Q3,2012-11-14,2012-09-30,-257000.0,140000.0,-2072000.0,-0.26,-57000.0,-0.40714285714285714,3671000.0,-8213000.0,1843000.0,3997000.0,11884000.0,0.0,-216786000.0,8271211.2,6796211.2,-8.340882409096263,0.4610958218663998,0.005720512122037592,-0.0025569219530013395,0.25556859385536124,-8.340882409096263,0.031291854377206864,59.08008,-8.045925291828794,-1.0070876902471693,0.0,0.0,0.0,0.038136747480250616,0.4303227420565424,-0.07000817216017434,-5.845378939929328,-0.40714285714285714,0.9022556390977444,0.9996510613270521,-0.9997810878992386,-1.0105534088155566,0.3522727272727273,0.8862328463922089,0.14837648993012742,0.9993066718608511,-0.9875390987152333,0.5267858791670217,Health Information Services,Healthcare,OTRK
2012Q2,2012,Q2,2012-08-14,2012-06-30,-2259000.0,129000.0,-2433000.0,-2.66,-88000.0,-0.6821705426356589,3476000.0,-8479000.0,1610000.0,3805000.0,11955000.0,0.0,-216529000.0,10192020.0,9004020.0,-9.98310442875897,0.4231274638633377,0.0,0.0,0.28989578799437354,-9.98310442875897,0.2664229272319849,79.00790697674418,-1.1279349269588312,-1.2020308998702678,0.0,0.0,0.0,0.03711162255466053,0.36557161629434953,-0.6498849252013809,-6.084788059701492,-0.6821705426356589,0.5544388609715243,0.9960088885464214,-0.9997537584882389,-1.0073757987028906,0.2072072072072072,0.3302697895048918,0.1298283261802575,0.9875917160008977,-0.9905918181716196,-1.1132387575899851,Health Information Services,Healthcare,OTRK
2012Q1,2012,Q1,2012-05-15,2012-03-31,-3373000.0,93000.0,-2796000.0,-5.97,-111000.0,-1.1935483870967742,2635000.0,-6938000.0,509000.0,4519000.0,9573000.0,0.0,-214265000.0,8475255.0,8988255.0,-12.27927655274089,0.11263553883602567,0.22922201138519924,-0.08705678869991353,0.4405130198066974,-12.27927655274089,0.4861631594119343,91.13177419354838,-0.6281689149125408,-1.2215703372729894,0.0,0.0,0.0,0.03529411764705882,0.05421553441026776,-1.2800759013282732,-5.897881002087683,-1.1935483870967742,0.730108499095841,0.9898492886225267,-0.999660529517422,-1.0062091500287589,-0.3373493975903614,0.5037516551419744,0.1394275161588181,-1.0448550876051497,-0.9946577041445316,-1.0494164431876087,Health Information Services,Healthcare,OTRK
2011Q4,2011,Q4,2012-03-30,2011-12-31,-6797000.0,60000.0,-3249000.0,-22.12,-83000.0,-1.3833333333333333,3580000.0,-4496000.0,1359000.0,3530000.0,8076000.0,0.0,-210892000.0,4609755.0,3838755.0,-14.62984475313764,0.384985835694051,0.0,0.0,0.7229614431092118,-14.62984475313764,1.511788256227758,76.82925,-0.16955108871560984,-1.0253013790035588,0.0,0.0,0.0,0.01675977653631285,0.26940509915014166,-1.8986033519553072,-2.661521362586605,-1.3833333333333333,-2.3617021276595747,0.9658936306420505,-0.9967868827804696,-1.0057859401719444,0.20192307692307693,-1.9209282337773959,-0.26666666666666666,0.9739436024507763,-0.9994840231894895,-1.3007964741166322,Health Information Services,Healthcare,OTRK
2011Q3,2011,Q3,2011-11-14,2011-09-30,-2327000.0,57000.0,-2565000.0,-6.58,-104000.0,-1.8245614035087718,3044000.0,-1957000.0,456000.0,3929000.0,5001000.0,0.0,-204095000.0,6573556.2,6733556.2,-5.537368038323001,0.11606006617459913,0.06997371879106438,-0.10884006131834441,1.4720220479431785,-5.537368038323001,1.1890648952478282,115.32554736842106,-0.7062264933390633,-3.3589965252938176,0.0,0.0,0.0,0.018725361366622863,0.041740900992618984,-0.764454664914586,-5.423726237623763,-1.8245614035087718,-1.8308080808080809,0.9889067207739342,-0.9975062191750393,-1.0034039427860955,-0.2682926829268293,-1.7869462292864389,0.16747809152872445,0.9761236884242785,-0.9996198888251353,-1.0071802193966224,Health Information Services,Healthcare,OTRK
2011Q2,2011,Q2,2011-08-12,2011-06-30,2957000.0,63000.0,-3081000.0,7.92,-82000.0,-1.3015873015873016,3481000.0,-652000.0,825000.0,3244000.0,4133000.0,0.0,-201767000.0,8344200.0,7712200.0,-1.8753145897749335,0.2543156596794081,0.0,0.0,4.722266165198407,-1.8753145897749335,-4.535276073619632,132.44761904761904,0.7054616165032127,-12.797852760736196,0.0,0.0,0.0,0.018098247629991383,0.2222564734895191,0.8494685435219764,-4.28347022587269,-1.3015873015873016,1.6666666666666665,1.0156018010224999,-0.9974582005133565,-1.0008740940675314,-1.3428571428571427,2.5148565573770494,0.02807570977917981,1.013689100188916,-0.999646065292161,-1.001974551401377,Health Information Services,Healthcare,OTRK
2011Q1,2011,Q1,2011-05-16,2011-03-31,-1952000.0,87000.0,-3170000.0,-11.88,-35000.0,-0.40229885057471265,6259000.0,-3853000.0,3582000.0,3186000.0,10112000.0,0.0,-204725000.0,31557120.0,28963120.0,-23.442443416889756,1.1242937853107344,0.00031953986259785906,-0.0005190760446405398,0.826554622073239,-23.442443416889756,0.5066182195691669,362.7255172413793,-4.041639344262295,-8.190272514923436,0.0,0.0,0.0,0.01389998402300687,0.8361581920903954,-0.3118709058955105,-16.059603053435115,-0.40229885057471265,0.9654922008888372,0.9775072893353639,-0.9866006789712344,-1.0091480816280174,-2.206896551724138,0.843338683788122,0.12888156086837044,0.9748834367127555,-0.9989425619888723,-1.0155304816413018,Health Information Services,Healthcare,OTRK
2010Q4,2010,Q4,2011-03-31,2010-12-31,-12460000.0,110000.0,-3639000.0,-344.27,29000.0,0.2636363636363636,7944000.0,-10177000.0,4861000.0,3407000.0,18121000.0,0.0,-202773000.0,9554688.0,10773688.0,-281.1947391688771,1.4267684179630173,0.7331319234642497,-0.5722708067210376,0.8359751895244659,-281.1947391688771,1.2243293701483737,86.8608,-0.19170722311396468,-0.9388511349120566,0.0,0.0,0.0,0.013846928499496475,1.3730554740240681,-1.5684793554884189,-4.591392599711677,0.2636363636363636,-4.885963412549153,0.46832139232258774,-0.8931464621119793,-1.07353949952972,4.8,-5.416065911431514,-0.30852211434735705,0.23995230703204834,-0.9950894345717761,-1.1237441438386708,Health Information Services,Healthcare,OTRK
2010Q3,2010,Q3,2010-11-18,2010-09-30,-1942000.0,104000.0,-2781000.0,-58.49,5000.0,0.04807692307692308,3482000.0,-634000.0,493000.0,3949000.0,4116000.0,0.0,-190313000.0,3984240.0,3628240.0,-19.095235226793566,0.12484173208407191,0.002010338885697875,-0.011041009463722398,4.4901080811439975,-19.095235226793566,3.0630914826498423,38.31,-0.5129042224510814,-6.284290220820189,0.0,0.0,0.0,0.02986789201608271,0.11040769815143074,-0.5577254451464676,-1.9201156626506024,0.04807692307692308,0.30227842061314564,0.8892188706240322,-0.8914700095662228,-1.0133394695457545,-0.9166666666666666,0.21598708114654824,0.16411181244364292,0.9218028749374537,-0.9951771844628569,-1.0241604921270437,Health Information Services,Healthcare,OTRK
2010Q2,2010,Q2,2010-08-16,2010-06-30,-2477000.0,111000.0,-3327000.0,-83.83,60000.0,0.5405405405405406,7486000.0,-588000.0,4294000.0,7783000.0,8074000.0,0.0,-188403000.0,11346816.0,12897816.0,-19.899150563470844,0.5517152768855197,0.44536468073737645,-5.670068027210885,-1.2024877157271523,-19.899150563470844,4.212585034013605,102.22356756756757,-1.145217601937828,-19.29730612244898,0.0,0.0,0.0,0.014827678332888058,0.532185532570988,-0.33088431739246593,-7.100635794743429,0.5405405405405406,0.27047254372987556,0.7816964089038806,-0.8004333259273102,-1.0100941431723285,-0.5555555555555556,0.2141497461928934,0.10780370072405471,0.8742118109743554,-0.9939098110017599,-1.0147020528495985,Health Information Services,Healthcare,OTRK
2010Q1,2010,Q1,2010-05-13,2010-03-31,-3152000.0,123000.0,-3729000.0,-114.91,135000.0,1.0975609756097562,15901000.0,892000.0,12461000.0,14479000.0,15009000.0,0.0,-185927000.0,16457400.0,24049400.0,32.520325203252035,0.8606257338213965,0.5964404754417961,10.632286995515695,-0.3601322602274759,32.520325203252035,-3.5336322869955157,133.8,-1.3053140862944161,18.45,0.0,0.0,0.0,0.0077353625558141,0.7767110988327923,-0.19822652663354506,-6.138530399104812,1.0975609756097562,-2.782932505818464,0.680797937289118,-0.734984205526961,-0.9863331929287346,-0.23728813559322035,-3.025706940874036,0.09468317552804079,0.8046030018819679,-0.9907514058703536,-0.9835557431006836,Health Information Services,Healthcare,OTRK
2009Q4,2009,Q4,2010-04-13,2009-12-31,1556000.0,184000.0,-4119000.0,64.45,177000.0,0.9619565217391305,19105000.0,2641000.0,15360000.0,15281000.0,16464000.0,0.0,-182777000.0,25496064.0,30592064.0,109.38535453943008,1.0051698187291407,0.5072494111489139,3.6694433926542978,-0.33164834687180145,109.38535453943008,0.5891707686482393,138.5655652173913,4.096411311053985,9.653943203332071,0.0,0.0,0.0,0.009630986652708715,0.9404489234997709,0.08144464799790631,-10.376908424908425,0.9619565217391305,1.171204675255678,1.2052344768080556,0.007025358398134445,-0.9641303726821289,-0.115,1.1759782854557792,-0.0425208807896735,1.0993814150689762,-0.8745789290658689,-0.956739314207942,Health Information Services,Healthcare,OTRK
2009Q3,2009,Q3,2009-11-09,2009-09-30,-8842000.0,268000.0,-3951000.0,-376.45,200000.0,0.746268656716418,20834000.0,-414000.0,16847000.0,14982000.0,21248000.0,0.0,-184333000.0,37768704.0,40333704.0,-17.626021798365123,1.1244827125884396,0.46236920418546607,-23.268115942028984,-0.42635825121894694,-17.626021798365123,21.357487922705314,140.928,-1.0678778556887583,-91.22875362318841,0.0,0.0,0.0,0.012863588365172315,1.1067948204512081,-0.4244024191225881,-14.214792623259315,0.746268656716418,-0.7562397947282482,-0.30708146841797274,1.8795150196052368,-1.014360350200605,-0.047619047619047616,-0.7949654892407633,0.1444348202685145,0.3657573110544536,-0.8235752066494172,-1.0108351060165903,Health Information Services,Healthcare,OTRK
2009Q2,2009,Q2,2009-08-10,2009-06-30,-4926000.0,371000.0,-4618000.0,-214.35,210000.0,0.5660377358490566,18229000.0,2026000.0,13938000.0,15885000.0,16203000.0,0.0,-175491000.0,15994776.0,24072776.0,88.15978416953135,0.8774315391879132,0.5999780569422349,5.39832181638697,-0.35466572323078643,88.15978416953135,-2.431391905231984,43.11260377358491,-0.8117527405602923,7.894756169792696,0.0,0.0,0.0,0.02035218607712985,0.8630154233553667,-0.2702287563772012,-5.076095207870518,0.5660377358490566,-2.6105642798106543,0.10682810871881408,32.701736216874814,-0.9397372739252411,-0.5161290322580645,-2.612966601178782,0.30930302123840864,0.606791988037118,-0.7735464212683189,-0.9589082574424572,Health Information Services,Healthcare,OTRK
2009Q1,2009,Q1,2009-05-11,2009-03-31,3054000.0,707000.0,-6686000.0,133.09,434000.0,0.6138613861386139,21743000.0,5702000.0,6776000.0,15383000.0,16041000.0,0.0,-170566000.0,17072568.0,21714568.0,248.48564082450866,0.4404862510563609,0.4841098284505358,1.8460189407225536,-0.41065346515016066,248.48564082450866,0.535601543318134,24.147903818953324,1.397557956777996,2.9941367941073307,0.0,0.0,0.0,0.032516212114243666,0.42683481765585385,0.1404589982983029,-2.7285548985136647,0.6138613861386139,1.1567941377441626,1.4621008709312313,3.8091390348557903,-0.8561891072638234,-0.33537519142419603,1.157935563944769,0.6371628588484289,1.252058433619223,-0.22007440943045325,-0.9030319969114208,Health Information Services,Healthcare,OTRK
2008Q4,2008,Q4,2009-03-31,2008-12-31,-19337000.0,8620000.0,-18427000.0,-848.82,653000.0,0.07575406032482598,31866000.0,1108000.0,13990000.0,25464000.0,30758000.0,0.0,-173619000.0,21323016.0,22750016.0,48.637022079803344,0.5494030788564248,0.3866189669239942,11.11913357400722,-1.3578624038310818,48.637022079803344,-17.45216606498195,2.4736677494199535,-0.27567637172260434,19.244599277978338,0.0,0.0,0.0,0.27050775120818427,0.5219132893496701,-0.6068223184585452,-4.346313901345291,0.07575406032482598,-2.0779997824273857,-0.9803533885375072,69.11117074075595,-0.986364161712886,-0.6493018259935553,-2.0806117572088576,-0.9513925659218468,-0.31087125635141,12.302806867268481,-0.9872801949533749,Health Information Services,Healthcare,OTRK
2008Q3,2008,Q3,2008-11-10,2008-09-30,-6277000.0,9658000.0,-9443000.0,-275.77,1862000.0,0.19279353903499688,48425000.0,17554000.0,19626000.0,24461000.0,30871000.0,0.0,-154284000.0,70471152.0,68331152.0,771.1976100518408,0.8023384162544459,0.23921528136293238,0.6599065740002279,-0.32215851168498816,771.1976100518408,-0.3575823174205309,7.296661006419549,-2.8067210450852316,4.014535262618207,0.0,0.0,0.0,0.199442436757873,0.7430603818323045,-0.12962312854930305,-11.486740342298289,0.19279353903499688,0.5561403508771929,-0.8893784945829885,54.56449345400229,-0.8023379463049372,4.0129449838187705,0.5546015752501242,0.2540485030413145,0.47769700326731757,13.70135797598223,-0.4612599996353854,Health Information Services,Healthcare,OTRK
2008Q2,2008,Q2,2008-08-11,2008-06-30,-14093000.0,11613000.0,-12659000.0,-621.3,-618000.0,-0.05321622319814002,50205000.0,21543000.0,30792000.0,21684000.0,28662000.0,0.0,-148007000.0,131742864.0,132622864.0,949.7420976061368,1.420033204205866,0.1452644158948312,0.3385322378498816,-0.4358053134652244,949.7420976061368,-0.6541800120688854,11.344429863084475,-2.3370266089548,6.115344381005431,0.0,0.0,0.0,0.2313116223483717,1.376406567054049,-0.2807090927198486,-16.46991673959245,-0.05321622319814002,-0.31394734059426865,-8.220620654607314,0.0,0.0,-1.552278820375335,-0.3157501633834376,0.03174238947529448,-0.61800783578585,26.19892641300035,-0.5182290480467707,Health Information Services,Healthcare,OTRK
2008Q1,2008,Q1,2008-05-12,2008-03-31,-10711000.0,11339000.0,-13074000.0,-472.85,1119000.0,0.09868595114207603,58486000.0,34192000.0,38341000.0,18564000.0,24294000.0,0.0,-133914000.0,65781408.0,61818408.0,1509.4472894225676,2.0653415212238744,0.12315767876072907,0.21066331305568553,-0.31413970262421337,1509.4472894225676,-0.3132604117922321,5.801341211747068,-1.5353703669125198,1.923883013570426,0.0,0.0,0.0,0.1938754573744144,2.002370178840767,-0.18313784495434804,-5.67129993964997,0.09868595114207603,-0.04391116213352182,-41.61879946333914,4.221787626032621,33.504232161092645,-0.13723978411719354,-0.2419990723562152,-0.16048286880880525,-0.3134481137577669,28.58317777049015,-0.3656482596699288,Health Information Services,Healthcare,OTRK
2007Q4,2007,Q4,2008-03-17,2007-12-31,-8624000.0,11784000.0,-11266000.0,-452.96,1297000.0,0.11006449422946368,70646000.0,43264000.0,50342000.0,19228000.0,27382000.0,0.0,-123201000.0,133882248.0,129863248.0,2272.388255685698,2.6181610151861867,0.10092574243410808,0.1648021449704142,-0.22310851190067837,2272.388255685698,-0.19933431952662722,11.361358452138493,-3.8810948515769943,3.0945416050295855,0.0,0.0,0.0,0.16680349913653994,2.5436342833368006,-0.12207343657107267,-12.67464243112752,0.11006449422946368,0.3944304068236207,-1.152062215801754,0.8861908979856049,64.06561733981175,-0.36296660117878193,0.377013653109875,0.16380909968084317,-0.442495816605336,80.78627081919126,-0.2548388200947729,Health Information Services,Healthcare,OTRK
2007Q3,2007,Q3,2007-11-08,2007-09-30,-13843000.0,12020000.0,-13473000.0,-747.99,2036000.0,0.16938435940099833,43896000.0,14627000.0,23182000.0,17127000.0,29269000.0,0.0,-114580000.0,327351816.0,327196816.0,790.3495974496136,1.3535353535353536,0.26558228540185896,0.7970192110480618,-0.5061492839857079,790.3495974496136,-0.9464004922403774,27.233928119800332,-5.9118654915841935,22.37996964517673,0.0,0.0,0.0,0.27382905048295975,1.2983593157003561,-0.315359030435575,-33.36239461883408,0.16938435940099833,-0.12241713059527926,0.0,0.0,0.0,0.29764181007010837,-0.12985634998367612,-0.12088186356073212,-1.5971221663633173,162.90757880670068,-0.3560828909597518,Health Information Services,Healthcare,OTRK
2007Q2,2007,Q2,2007-08-09,2007-06-30,-12252000.0,11340000.0,-12020000.0,-666.41,1569000.0,0.13835978835978835,53125000.0,24884000.0,32032000.0,16295000.0,28241000.0,0.0,-100735000.0,381672600.0,376967600.0,1353.494696763666,1.9657563669837372,0.21500235294117648,0.4590098054975084,-0.32801127067169367,1353.494696763666,-0.492364571612281,33.657195767195766,-7.787965230166503,15.338072657129079,0.0,0.0,0.0,0.21345882352941176,1.8969008898435102,-0.23062588235294118,-33.72857900318134,0.13835978835978835,-0.1331383584703541,0.0,0.0,0.0,0.14692982456140352,-0.14046355766545657,-0.11585592276271815,-1.7768531688323106,1286.646668479739,-0.07480172594504611,Health Information Services,Healthcare,OTRK
2007Q1,2007,Q1,2007-05-09,2007-03-31,-10743000.0,8857000.0,-10772000.0,-588.11,1368000.0,0.1544541040984532,64590000.0,36125000.0,43022000.0,16713000.0,28465000.0,0.0,-88483000.0,298117440.0,294932440.0,1977.6098976296053,2.5741638245677017,0.17326211487846416,0.3097854671280277,-0.22584437562121012,1977.6098976296053,-0.2973840830449827,33.65896353166987,-6.937481150516615,8.252385882352941,0.0,0.0,0.0,0.13712649016875678,2.471249925207922,-0.16632605666511843,-33.157317317317315,0.1544541040984532,0.0930946212681964,-96.51306471049122,46.26147204351427,43.222515753198884,0.35445544554455444,0.003339827442248817,0.030946383591219862,-1.0419825051902751,74.68211332890482,0.14454036023300565,Health Information Services,Healthcare,OTRK
