Quarters,Year,Quarter,FillingDate,Date,NetIncome,Revenue,OperatingIncome,EPSDiluted,GrossProfit,GrossProfitRatio,TotalAssets,CommonStockEquity,CurrentAssets,CurrentLiability,TotalLiability,Inventory,RetainedEarnings,MarketCap,EnterpriseValue,bookValuePerShare,currentRatio,debtToAssets,debtToEquity,roic,shareholdersEquityPerShare,roe,priceToSalesRatio,peRatio,pbRatio,payoutRatio,inventoryTurnover,dividendYield,assetTurnover,quickRatio,returnOnAssets,priceToFreeCashFlowsRatio,grossProfitMargin,epsdilutedGrowth,fiveYNetIncomeGrowthPerShare,fiveYRevenueGrowthPerShare,fiveYShareholdersEquityGrowthPerShare,grossProfitGrowth,netIncomeGrowth,operatingIncomeGrowth,threeYNetIncomeGrowthPerShare,threeYRevenueGrowthPerShare,threeYShareholdersEquityGrowthPerShare,Industry,Sector,Symbol
2023Q1,2023,Q1,2023-05-11,2023-03-31,-18422000.0,198000.0,-18806000.0,-0.2,198000.0,1.0,52453000.0,33652000.0,44375000.0,12637000.0,18801000.0,0.0,-444046000.0,27336171.4,-3475828.6000000015,0.3570024440218428,3.511513808657118,0.08447562579833374,0.13167122310709617,-0.44148565813402796,0.3570024440218428,-0.5474266016878641,138.0614717171717,-0.37097181902073606,0.8123193688339474,0.0,0.0,0.0,0.0037748079232837015,3.070982036875841,-0.3512096543572341,-1.5501968583418395,1.0,-999.0,0.5986848977439508,-0.9768079301809117,-0.8644811163015103,0.17857142857142858,0.021251726702794602,0.01857843648888425,0.6546146011364218,0.0,-0.7239581206964203,Biotechnology,Healthcare,AGLE
2022Q4,2022,Q4,2023-03-02,2022-12-31,-18822000.0,168000.0,-19162000.0,-0.0002,168000.0,1.0,71144000.0,50305000.0,62258000.0,14656000.0,20839000.0,0.0,-425624000.0,37917925171.5,37887691171.5,0.0005968738900569092,4.247953056768559,0.06506521983582593,0.09201868601530663,-0.3223606046262956,0.0005968738900569092,-0.3741576384057251,225701.93554464285,-503.63836430108387,753.7605639896631,0.0,0.0,0.0,0.002361407848869898,3.8268286026200875,-0.264562015068031,-2090.2935596196253,1.0,0.0,0.4788674462828623,-0.9796521028495491,-0.8206165880253529,-0.034482758620689655,-0.03224744981901941,-0.021700879765395895,0.668055389734943,0.0,-0.6825967987450177,Biotechnology,Healthcare,AGLE
2022Q3,2022,Q3,2022-11-03,2022-09-30,-18234000.0,174000.0,-18755000.0,-0.0002,174000.0,1.0,91566000.0,67555000.0,82219000.0,17678000.0,24011000.0,0.0,-406802000.0,49548125908.0,49513882908.0,0.0007171599197511267,4.650922050005657,0.051831465827927393,0.0702538672193028,-0.24066432631533663,0.0007171599197511267,-0.2699134038931241,284759.34429885057,-679.3370339475705,733.4486848937903,0.0,0.0,0.0,0.001900268658672433,4.205509673039937,-0.19913505012777669,-3288.0832110956267,1.0,0.9992592592592593,0.5965866940152004,-0.9759620271473736,-0.787985483723313,-0.7216,0.18317430452896116,0.16358203630201132,0.7048455650298062,0.0,-0.7043623608236468,Biotechnology,Healthcare,AGLE
2022Q2,2022,Q2,2022-08-04,2022-06-30,-22323000.0,625000.0,-22423000.0,-0.27,625000.0,1.0,106707000.0,84157000.0,96646000.0,15862000.0,22550000.0,0.0,-388568000.0,41523782.0632,8846782.063199997,1.0236953039417858,6.092926490984744,0.04491739061167496,0.05695307579880462,-0.2392930028208083,1.0236953039417858,-0.26525422721817554,66.43805130112,-0.4650336207409398,0.49340853480043256,0.0,0.0,0.0,0.005857160261276205,5.612722229227083,-0.20919902161994997,-2.008599722497944,1.0,0.27027027027027023,0.42211459230767706,-0.927448644689901,-0.7692074162503983,-0.5411160058737151,0.0862838197372191,0.08256617977987807,-493.8917443478413,0.0,336.4845077615997,Biotechnology,Healthcare,AGLE
2022Q1,2022,Q1,2022-05-05,2022-03-31,-24431000.0,1362000.0,-24441000.0,-0.37,1362000.0,1.0,83170000.0,61657000.0,72596000.0,16298000.0,21513000.0,0.0,-366245000.0,151791170.29999998,142078170.29999998,0.9342513119816166,4.454288869799975,0.05920403991823975,0.07986116742624519,-0.341738325668405,0.9342513119816166,-0.39624049175276127,111.44726160058735,-1.5532639914452948,2.4618643511685616,0.0,0.0,0.0,0.01637609715041481,4.156154129341023,-0.2937477455813394,-5.771527387832699,1.0,-1.5370108281465005,0.20796062937911677,-0.7191058774888807,-0.7816302454669383,-0.6262349066959385,-0.19490364863542992,-0.19673897076825148,-624.6074257600302,0.0,232.0766741060256,Biotechnology,Healthcare,AGLE
2021Q4,2021,Q4,2022-03-08,2021-12-31,-20446000.0,3644000.0,-20423000.0,0.688999142302325,3644000.0,1.0,109926000.0,83941000.0,98891000.0,20144000.0,25985000.0,0.0,-341809000.0,312286902250.0,312276820250.0,0.0012767738484299497,4.909203733121525,0.04603096628641086,0.06028043506748788,-0.2173695793155506,0.0012767738484299497,-0.24357584493870696,85698.93036498353,-3818.4351737503666,3720.314295159695,0.0,0.0,0.0,0.033149573349344104,4.663572279586973,-0.18599785310117717,-16207.54111739672,1.0,3.222577878394597,0.4446212081510601,-0.5647777441624746,-0.8014512238138155,1.6047176554681917,-0.006844930319594229,-0.0064061499039077515,0.5653353230831012,0.0,-0.6057172084984942,Biotechnology,Healthcare,AGLE
2021Q3,2021,Q3,2021-11-04,2021-09-30,-20307000.0,1399000.0,-20293000.0,-0.31,1399000.0,1.0,129061000.0,102081000.0,117514000.0,20428000.0,26980000.0,0.0,-321363000.0,523026119.55,503522119.55,1.5516317821722447,5.752594478167222,0.03998884248533639,0.05055789030279876,-0.18076933341509402,1.5516317821722447,-0.19893026126311458,373.8571261972838,-6.4389880281430045,5.12363828283422,0.0,0.0,0.0,0.010839835426658713,5.50362247895046,-0.15734420157909826,-30.5988486251682,1.0,-2.0999999999999996,-658.3970336153214,245.62907637021644,302.19348706682126,-0.8978533878504673,-1.9732064421669107,-2.0265473527218494,-568.4929334412741,0.0,534.728253743998,Biotechnology,Healthcare,AGLE
2021Q2,2021,Q2,2021-08-05,2021-06-30,-6830000.0,13696000.0,-6705000.0,-0.1,13696000.0,1.0,146982000.0,119024000.0,134368000.0,20604000.0,27958000.0,0.0,-301056000.0,456798065.76,427325065.76,1.813508204378523,6.521452145214521,0.036004408703106505,0.04446162118564323,-0.05243927397377656,1.813508204378523,-0.05738338486355693,33.35266251168224,-16.720280591508054,3.8378651848366716,0.0,0.0,0.0,0.09318147800410935,6.240438749757328,-0.04646827502687404,222.61114315789473,1.0,0.6428571428571429,-224.6866101535599,1788.8149420865002,287.890993428891,0.0,0.6250960588429026,0.6317754956340271,-226.7044602034281,1806.619113550092,507.61071790709116,Biotechnology,Healthcare,AGLE
2021Q1,2021,Q1,2021-05-10,2021-03-31,-18218000.0,0.0,-18209000.0,-0.28,0.0,0.0,163614000.0,123755000.0,151412000.0,32370000.0,39859000.0,0.0,-294226000.0,519586341.12,444679341.12,1.8863844609295337,4.67754093296262,0.03254000268925642,0.04302048402084764,-0.13548060683169275,1.8863844609295337,-0.14721021372873824,0.0,-7.130123245142168,4.198507867318492,0.0,0.0,0.0,0.0,4.5770775409329625,-0.11134743970564866,-26.005322378378377,0.0,-1.2224898550171748,-38.12886453358975,-1.0,37.12512658064703,0.0,0.1979395967244871,0.20051808921671935,0.429761455023097,-1.0,-0.28392446423782325,Biotechnology,Healthcare,AGLE
2020Q4,2020,Q4,2021-03-18,2020-12-31,-22714000.0,0.0,-22776000.0,1.2584843474251257,0.0,0.0,161618000.0,139832000.0,149789000.0,16443000.0,21786000.0,0.0,-276008000.0,420035515100.0,419950868100.0,0.0026199637898190672,9.109590707291856,0.03370911655879914,0.03896103896103896,-0.15110662915981105,0.0026199637898190672,-0.16243778248183535,0.0,-4623.090550981773,3003.8583092568224,0.0,0.0,0.0,0.0,8.895761114151918,-0.1405412763429816,-23165.426599382306,0.0,5.339601198017675,0.9992720137867227,-1.0,-0.999505089101345,0.0,-0.25957965951311485,-0.25674557192517794,0.006899164517012088,-1.0,-0.2126007659290285,Biotechnology,Healthcare,AGLE
2020Q3,2020,Q3,2020-11-05,2020-09-30,-18033000.0,0.0,-18123000.0,-0.29,0.0,0.0,155631000.0,136274000.0,144399000.0,14349000.0,19357000.0,0.0,-253294000.0,441284521080.0,441235586080.0,0.0021894777945878634,10.063349362324901,0.033977806478143815,0.038804173943672304,-0.12341164453524005,0.0021894777945878634,-0.13232898425231518,0.0,-6117.735832640159,3238.2150746290563,0.0,0.0,0.0,0.0,9.755104885357865,-0.11587023150914663,-24377.666615843555,0.0,0.2750000000000001,0.9994210430325652,-1.0,-0.9996234154514992,0.0,0.15804463535344104,0.15941558441558443,0.3961830773390594,-1.0,-0.35272306394481273,Biotechnology,Healthcare,AGLE
2020Q2,2020,Q2,2020-08-10,2020-06-30,-21418000.0,0.0,-21560000.0,-0.4,0.0,0.0,172911000.0,152258000.0,161866000.0,15890000.0,20653000.0,0.0,-235261000.0,489709827750.0,489649037750.0,0.0028759612737831153,10.18665827564506,0.02847129448097576,0.03233327641240526,-0.13300103637171198,0.0028759612737831153,-0.14066912740217263,0.0,-5716.10126704174,3216.31590950886,0.0,0.0,0.0,0.0,9.926368785399623,-0.12386719179230934,-23614.129990838075,0.0,0.29824561403508765,0.9980664967638777,-1.0,-0.9995428357104799,0.0,-0.1436351986330628,-0.13342445589317634,0.9991390250208423,-1.0,-0.9993516131894087,Biotechnology,Healthcare,AGLE
2020Q1,2020,Q1,2020-05-07,2020-03-31,-18728000.0,0.0,-19022000.0,-0.57,0.0,0.0,64781000.0,42805000.0,54265000.0,17138000.0,21976000.0,0.0,-213843000.0,154235449.76,146749449.76,1.293290876451489,3.166355467382425,0.07885028017474259,0.11933185375540241,-0.35876350879840063,1.293290876451489,-0.43751898142740336,0.0,-2.0588884258863733,3.6032110678659035,0.0,0.0,0.0,0.0,2.8586766250437625,-0.28909711180747444,-6.681776621756271,0.0,-1.3170981478612278,-0.5636336461426107,0.0,-0.7954476322909099,0.0,0.1287276110723424,0.13177233100552285,-0.21064639398035892,-1.0,-0.6977091628252196,Biotechnology,Healthcare,AGLE
2019Q4,2019,Q4,2020-02-24,2019-12-31,-21495000.0,0.0,-21909000.0,1.7975507073899721,0.0,0.0,83183000.0,60081000.0,74505000.0,18359000.0,23102000.0,0.0,-195115000.0,244095196120.0,244081006120.0,0.0018804910842011864,4.05822757230786,0.06086580190663958,0.08426956941462359,-0.31206289971085505,0.0018804910842011864,-0.357767014530384,0.0,-2838.9764610374505,4062.7685311496143,0.0,0.0,0.0,0.0,3.919004303066616,-0.25840616472115696,-13973.8491023586,0.0,3.7235616778635943,0.9985575693048117,0.0,-0.993149023410856,0.0,0.00361563064942289,0.010701706854510972,-0.20146927909354204,-1.0,-0.7075682558377042,Biotechnology,Healthcare,AGLE
2019Q3,2019,Q3,2019-11-06,2019-09-30,-21573000.0,0.0,-22146000.0,-0.66,0.0,0.0,100096000.0,79795000.0,92630000.0,15396000.0,20301000.0,0.0,-173620000.0,252956436450.0,252937047450.0,0.0024258072204511403,6.01649779163419,0.051510549872122766,0.06461557741713139,-0.24577446813233156,0.0024258072204511403,-0.27035528541888587,0.0,-2931.400783966069,3170.07878250517,0.0,0.0,0.0,0.0,5.761236684853209,-0.21552309782608695,-14578.781421820067,0.0,-0.19999999999999996,0.0,0.0,0.0,0.0,-0.19723625062434097,-0.1892385350660509,-0.40103381741421484,-1.0,-0.5259900199448166,Biotechnology,Healthcare,AGLE
2019Q2,2019,Q2,2019-08-06,2019-06-30,-18019000.0,0.0,-18622000.0,-0.55,0.0,0.0,117494000.0,99615000.0,109935000.0,13019000.0,17879000.0,0.0,-152047000.0,224628041880.0,224607754880.0,0.003033310508774311,8.444196942929565,0.04377244795478918,0.0516287707674547,-0.1694434081582515,0.003033310508774311,-0.18088641268885208,0.0,-3116.5442294244963,2254.96202258696,0.0,0.0,0.0,0.0,8.106690221983255,-0.15336102269052038,-13663.506197080293,0.0,0.0677966101694914,0.0,0.0,0.0,0.0,-0.04963010426982,-0.054652545732570654,-0.18993413235658518,-1.0,-0.5167950803076702,Biotechnology,Healthcare,AGLE
2019Q1,2019,Q1,2019-05-07,2019-03-31,-17167000.0,0.0,-17657000.0,-0.59,0.0,0.0,128519000.0,116289000.0,126818000.0,11806000.0,12230000.0,0.0,-134028000.0,232093896000.0,232008940000.0,0.004008343243977429,10.741826190072844,0.005361075016145473,0.0059248940140512,-0.15005906498848445,0.004008343243977429,-0.14762359294516247,0.0,-3379.942564222054,1995.8370611149808,0.0,0.0,0.0,0.0,10.478993732000678,-0.1335755802643967,-14574.184992150707,0.0,-1.3965399684242734,0.9973450023770597,0.0,0.0,0.0,-0.15230232245939052,-0.1536752695197648,0.9166223275536929,-1.0,-0.9189886278643231,Biotechnology,Healthcare,AGLE
2018Q4,2018,Q4,2019-03-07,2018-12-31,-14898000.0,0.0,-15305000.0,1.4878701946350497,0.0,0.0,77739000.0,67428000.0,76671000.0,10239000.0,10311000.0,0.0,-116861000.0,155960974400.0,155938513400.0,0.003238218547575322,7.488133606797539,0.0,0.0,-0.22698285578691346,0.003238218547575322,-0.2209467876846414,0.0,-2617.1461672707746,2313.0001542385953,0.0,0.0,0.0,0.0,7.2773708369958,-0.1916412611430556,-21067.266567607727,0.0,3.7553151752500913,0.998466028722478,0.0,-0.9882025713142933,0.0,-0.2501468490391877,-0.2501020991587029,0.9987761317698026,-1.0,-0.9993883008392521,Biotechnology,Healthcare,AGLE
2018Q3,2018,Q3,2018-11-08,2018-09-30,-11917000.0,0.0,-12243000.0,-0.54,0.0,0.0,71277000.0,63681000.0,70382000.0,7515000.0,7596000.0,0.0,-101963000.0,207777046049.99997,207762514049.99997,0.0028963038094938784,9.365535595475714,0.0,0.0,-0.19225514674706742,0.0028963038094938784,-0.18713588040388812,0.0,-4358.8370825291595,3262.779259904838,0.0,0.0,0.0,0.0,8.936393878908849,-0.16719278308570787,-24151.69662327095,0.0,-0.1739130434782609,0.0,0.0,0.0,-1.0,-0.26588060335670277,-0.2660806618407446,0.9989169414351446,-1.0,-0.9995018431951602,Biotechnology,Healthcare,AGLE
2018Q2,2018,Q2,2018-08-09,2018-06-30,-9414000.0,2378000.0,-9670000.0,-0.46,2378000.0,1.0,79713000.0,73447000.0,78888000.0,6175000.0,6266000.0,0.0,-90046000.0,217934362380.0,217913783380.0,0.003565611459862707,12.775384615384615,0.0,0.0,-0.13165956403937534,0.003565611459862707,-0.12817405748362765,91646.07333052986,-5787.506967813894,2967.2330031178944,0.0,0.0,0.0,0.02983202238028929,12.384453441295546,-0.1180986790109518,-24004.22539707016,1.0,0.06122448979591831,0.0,0.0,0.0,0.5748344370860927,-0.15950240177361744,-0.17283201940570042,0.997815775744598,-0.9997702556972023,-0.999433208560695,Biotechnology,Healthcare,AGLE
2018Q1,2018,Q1,2018-05-08,2018-03-31,-8119000.0,1510000.0,-8245000.0,-0.49,1510000.0,1.0,49786000.0,43920000.0,48843000.0,5765000.0,5866000.0,0.0,-80632000.0,165387480.0,154627480.0,2.634337254549135,8.472333044232437,0.0,0.0,-0.18772768670309653,2.634337254549135,-0.18485883424408014,109.52813245033113,-5.092606232294617,3.7656530054644812,0.0,0.0,0.0,0.030329811593620696,8.12627927146574,-0.16307797372755392,-21.96380876494024,1.0,-1.3455084755350075,-1.1850181301676335,0.0,0.0,0.018893387314439947,-0.25235230603115844,-0.2443404769091458,-0.34571619037876944,0.0,-0.5833420519900326,Biotechnology,Healthcare,AGLE
2017Q4,2017,Q4,2018-03-13,2017-12-31,-6483000.0,1482000.0,-6626000.0,1.4181996526749527,1482000.0,1.0,56077000.0,50337000.0,54991000.0,5629000.0,5740000.0,0.0,-72513000.0,81843518720.0,81830701720.0,0.0033273639044242697,9.76923076923077,0.0,0.0,-0.1316327949619564,0.0033273639044242697,-0.12879194230883842,55225.04636977058,-3156.0820114144685,1625.91172934422,0.0,0.0,0.0,0.02642794728676641,9.482501332385858,-0.11560889491235266,-13496.622480211081,1.0,3.954582609739485,0.9990812182207129,0.0,-0.9878777983026401,0.17525773195876287,0.17665735331470664,0.17154288572143037,0.9990812182207129,0.0,-0.9878777983026401,Biotechnology,Healthcare,AGLE
2017Q3,2017,Q3,2017-11-07,2017-09-30,-7874000.0,1261000.0,-7998000.0,-0.48,1261000.0,1.0,60502000.0,55508000.0,59519000.0,4877000.0,4994000.0,0.0,-66030000.0,80894100081.59999,80880938081.59999,0.00338259819348976,12.204018864055772,0.0,0.0,-0.14408733876198027,0.00338259819348976,-0.14185342653311234,64150.75343505154,-2568.3928143764288,1457.3412856092814,0.0,0.0,0.0,0.020842286205414697,11.933770760713553,-0.13014445803444513,-10816.165273646207,1.0,-0.02127659574468087,0.0,0.0,0.0,-0.14739688979039892,-0.18727382388419783,-0.19017857142857142,0.0,0.0,0.0,Biotechnology,Healthcare,AGLE
2017Q2,2017,Q2,2017-08-09,2017-06-30,-6632000.0,1479000.0,-6720000.0,-0.47,1479000.0,1.0,67144000.0,62604000.0,66203000.0,4418000.0,4540000.0,0.0,-58156000.0,54339288.85,27405288.85,4.435564121299684,14.984834766862834,0.0,0.0,-0.10734138393712862,4.435564121299684,-0.10593572295699956,36.74056041244084,-2.0483748812575393,0.8679842957319022,0.0,0.0,0.0,0.022027284641963542,14.623358985966501,-0.09877278684618135,-9.074697536740148,1.0,0.0,0.0,0.0,0.0,0.5061099796334012,-0.06162958219945574,-0.061443689780445426,0.0,0.0,0.0,Biotechnology,Healthcare,AGLE
2017Q1,2017,Q1,2017-05-09,2017-03-31,-6247000.0,982000.0,-6331000.0,-0.47,982000.0,1.0,61267000.0,57183000.0,60305000.0,3957000.0,4084000.0,0.0,-51524000.0,99575381.35000001,82774381.35000001,4.278299959531112,15.240080869345464,0.0,0.0,-0.11071472290715773,4.278299959531112,-0.1092457548572128,101.40059200610999,-3.9849280194493355,1.7413458781456026,0.0,0.0,0.0,0.016028204416733315,14.872125347485468,-0.10196353665105196,-17.46017558302648,1.0,-1.353973223835034,-1.0971005860284573,0.0,0.0,-0.21251002405773858,-0.1393397774940726,-0.14216128450297671,-1.0971005860284573,0.0,0.0,Biotechnology,Healthcare,AGLE
2016Q4,2016,Q4,2017-03-23,2016-12-31,-5483000.0,1247000.0,-5543000.0,1.3277840479228997,1247000.0,1.0,67063000.0,62966000.0,66424000.0,3965000.0,4097000.0,0.0,-45277000.0,42594016800.0,42546268800.0,0.006430529933021015,16.752585119798233,0.0,0.0,-0.08803163612108122,0.006430529933021015,-0.08707874090779151,34157.19069767442,-1942.0945103045774,676.4605787250262,0.0,0.0,0.0,0.018594455959321833,16.32206809583859,-0.08175894308336937,-9516.089544235925,1.0,3.8250724423891485,0.9987994443800706,0.0,-0.9765723909052028,0.08529155787641428,0.12103238217377364,0.1202983653388351,0.9987994443800706,0.0,-0.9765723909052028,Biotechnology,Healthcare,AGLE
2016Q3,2016,Q3,2016-11-09,2016-09-30,-6238000.0,1149000.0,-6301000.0,-0.47,1149000.0,1.0,72061000.0,68198000.0,71679000.0,3837000.0,3863000.0,0.0,-39794000.0,85420256130.0,85370712130.0,0.00511762900048799,18.681000781860828,0.0,0.0,-0.09239273878999384,0.00511762900048799,-0.09146895803395994,74343.12979112272,-3423.3831408303945,1252.5331553711253,0.0,0.0,0.0,0.01594482452366745,18.140734949179045,-0.08656554863240866,-14564.408547314579,1.0,-0.021739130434782507,0.0,0.0,0.0,-0.16314639475600873,-0.14880294659300183,-0.14667879890809826,0.0,0.0,0.0,Biotechnology,Healthcare,AGLE
2016Q2,2016,Q2,2016-08-09,2016-06-30,-5430000.0,1373000.0,-5495000.0,-0.46,1373000.0,1.0,77301000.0,73924000.0,76906000.0,3361000.0,3377000.0,0.0,-33556000.0,57231641880.0,57161013880.0,0.006277482668648541,22.881880392740257,0.0,0.0,-0.07433309885828689,0.006277482668648541,-0.07345381743412153,41683.64302986162,-2634.9743038674037,774.1956858395109,0.0,0.0,0.0,0.017761736588142455,22.37429336506992,-0.07024488687080374,-12122.779470451176,1.0,0.9352112676056338,0.0,0.0,0.0,0.5983701979045402,-0.1941939740488234,-0.20319684694547843,0.0,0.0,0.0,Biotechnology,Healthcare,AGLE
2016Q1,2016,Q1,2016-05-19,2016-03-31,-4547000.0,859000.0,-4567000.0,-7.1,859000.0,1.0,35543000.0,31701000.0,35204000.0,3820000.0,3842000.0,0.0,-28126000.0,6259629230.0,6235613230.0,0.04947877240326581,9.215706806282723,0.0,0.0,-0.1440648559982335,0.04947877240326581,-0.14343396107378317,7287.112025611175,-344.1625923685947,197.45841550739723,0.0,0.0,0.0,0.02416790929296908,8.01151832460733,-0.12792955012238696,-1568.829380952381,1.0,-11.241379310344827,0.9681569712245204,0.0,0.0,-0.4580441640378549,-0.14045648357160773,-0.1426069552164123,0.9681569712245204,0.0,0.0,Biotechnology,Healthcare,AGLE
2015Q4,2015,Q4,2015-12-31,2015-12-31,-3987000.0,1585000.0,-3997000.0,-0.58,1585000.0,1.0,38654000.0,36104000.0,38286000.0,2523000.0,2550000.0,0.0,-23579000.0,66631810.339999996,37337810.339999996,5.293809041058691,15.174791914387633,0.0,0.0,-0.11070795479725239,5.293809041058691,-0.1104309771770441,42.038997059936904,-4.178066863556558,1.8455520258143143,0.0,0.0,0.0,0.041004811921146585,13.776852952833927,-0.10314585812593781,-76.32509775486827,1.0,-0.15999999999999992,-0.2533794404275386,0.0,18.286324786324787,0.4771668219944082,-0.1681804863756226,-0.1697395376060872,-0.2533794404275386,0.0,18.286324786324787,Biotechnology,Healthcare,AGLE
2015Q3,2015,Q3,2015-09-30,2015-09-30,-3413000.0,1073000.0,-3417000.0,-0.5,1073000.0,1.0,42103000.0,39652000.0,41728000.0,2419000.0,2451000.0,0.0,-19592000.0,66631810.339999996,35791810.339999996,5.8140404413931766,17.250103348491113,0.0,0.0,-0.08617472006456169,5.8140404413931766,-0.08607384242913346,62.09861168685927,-4.8807361807793725,1.6804148678502975,0.0,0.0,0.0,0.025485119825190604,15.864820173625466,-0.08106310714200889,-16.890192735107732,1.0,-1.3809523809523812,0.0,0.0,0.0,-0.6868981616574263,-1.391730903994394,-1.386173184357542,0.0,0.0,0.0,Biotechnology,Healthcare,AGLE
2015Q2,2015,Q2,2015-06-30,2015-06-30,-1427000.0,3427000.0,-1432000.0,-0.21,3427000.0,1.0,45642000.0,42904000.0,45375000.0,2701000.0,2738000.0,0.0,-16179000.0,66631810.339999996,27550810.339999996,6.290870349478786,16.799333580155498,0.0,0.0,-0.03337684132015663,6.290870349478786,-0.03326030206973709,19.44318947767727,-11.673407557813594,1.5530442462241283,0.0,0.0,0.0,0.07508435213180842,15.737874861162533,-0.031265062880680074,-17.17757420469193,1.0,0.4166666666666667,0.0,0.0,0.0,0.0,0.42179902755267423,0.4200081004455245,0.0,0.0,0.0,Biotechnology,Healthcare,AGLE
2015Q1,2015,Q1,2015-03-31,2015-03-31,-2468000.0,0.0,-2469000.0,-0.36,0.0,0.0,44350000.0,43120000.0,44095000.0,1188000.0,1230000.0,0.0,-14752000.0,66631810.339999996,22840810.339999996,6.3225417086874245,37.11700336700337,0.0,0.0,-0.05725881261595547,6.3225417086874245,-0.05723562152133581,0.0,-6.749575601701783,1.5452646182745824,0.0,0.0,0.0,0.0,36.861111111111114,-0.05564825253664036,-26.72756130766145,0.0,0.23404255319148934,-0.6236842105263157,0.0,0.0,0.0,0.2241433511474379,0.22382898459603898,-0.6236842105263157,0.0,0.0,Biotechnology,Healthcare,AGLE
2014Q4,2014,Q4,2014-12-31,2014-12-31,-3181000.0,0.0,-3181000.0,-0.47,0.0,0.0,2930000.0,1872000.0,2730000.0,1058000.0,1058000.0,0.0,-12284000.0,66631810.339999996,64015810.339999996,0.27448511314153196,2.5803402646502835,0.0,0.0,-1.6992521367521367,0.27448511314153196,-1.6992521367521367,0.0,-5.23670310751336,35.59391577991453,0.0,0.0,0.0,0.0,2.4725897920604916,-1.0856655290102388,-21.732488695368556,0.0,0.0,0.0,0.0,0.0,0.0,0.02123076923076923,-0.013057324840764332,0.0,0.0,0.0,Biotechnology,Healthcare,AGLE
2014Q3,2014,Q3,2014-09-30,2014-09-30,-3250000.0,0.0,-3140000.0,0.0,0.0,0.0,,,,,,,,0.0,,0.0,0.0,0.0,0.0,0.0,0.0,0.0,0.0,0.0,0.0,0.0,0.0,,0.0,0.0,0.0,0.0,0.0,0.0,0.0,0.0,0.0,0.0,-0.3564273789649416,-0.8192352259559675,0.0,0.0,0.0,Biotechnology,Healthcare,AGLE
2014Q2,2014,Q2,2014-06-30,2014-06-30,-2396000.0,0.0,-1726000.0,0.0,0.0,0.0,,,,,,,,0.0,,0.0,0.0,0.0,0.0,0.0,0.0,0.0,0.0,0.0,0.0,0.0,0.0,,0.0,0.0,0.0,0.0,0.0,1.0,0.0,0.0,0.0,0.0,-0.5763157894736842,-1.014002333722287,0.0,0.0,0.0,Biotechnology,Healthcare,AGLE
2014Q1,2014,Q1,2014-03-31,2014-03-31,-1520000.0,0.0,-857000.0,-0.22,0.0,0.0,,,,,,,,66631810.339999996,,,0.0,0.0,0.0,0.0,,0.0,0.0,-10.959179332236841,0.0,0.0,0.0,0.0,0.0,0.0,0.0,-49.066134270986744,0.0,0.0,0.0,0.0,0.0,0.0,0.0,0.0,0.0,0.0,0.0,Biotechnology,Healthcare,AGLE
