Quarters,Year,Quarter,FillingDate,Date,NetIncome,Revenue,OperatingIncome,EPSDiluted,GrossProfit,GrossProfitRatio,TotalAssets,CommonStockEquity,CurrentAssets,CurrentLiability,TotalLiability,Inventory,RetainedEarnings,MarketCap,EnterpriseValue,bookValuePerShare,currentRatio,debtToAssets,debtToEquity,roic,shareholdersEquityPerShare,roe,priceToSalesRatio,peRatio,pbRatio,payoutRatio,inventoryTurnover,dividendYield,assetTurnover,quickRatio,returnOnAssets,priceToFreeCashFlowsRatio,grossProfitMargin,epsdilutedGrowth,fiveYNetIncomeGrowthPerShare,fiveYRevenueGrowthPerShare,fiveYShareholdersEquityGrowthPerShare,grossProfitGrowth,netIncomeGrowth,operatingIncomeGrowth,threeYNetIncomeGrowthPerShare,threeYRevenueGrowthPerShare,threeYShareholdersEquityGrowthPerShare,Industry,Sector,Symbol
2023Q1,2023,Q1,2023-05-10,2023-03-31,2438000.0,36989000.0,14937000.0,0.19,34592000.0,0.9351969504,3551876000.0,271316000.0,914843000.0,41329000.0,3280560000.0,0.0,147465000.0,260546171.04000002,-231721828.95999998,21.493166518805886,22.135619056836603,0.023367088265468728,0.3059052912471067,0.03540486634481893,21.493166518805886,0.00898583201875304,7.043882533726244,26.717203757178016,0.9603052198911971,0.8802296964725185,0.0,0.008236543993081893,0.01041393336929555,78.40700234702025,0.0006863978359604896,-41.8279292085407,0.9351969504447268,-0.62,-0.22015728614342067,0.5649266809435616,0.4966154471446969,-0.13026424961657407,-0.6254416961130742,0.09444607268464243,1.1515641812070336,0.3072262332612721,0.1883928672908209,Banks—Regional,Financial Services,MVBF
2022Q4,2022,Q4,2023-03-16,2022-12-31,6509000.0,39773000.0,13648000.0,0.5,39773000.0,1.0,3055928000.0,261391000.0,509438000.0,41556000.0,2794230000.0,0.0,144911000.0,270393753.24,415497753.24,21.286844651663078,12.25907209548561,0.06066373291517339,0.7092210519872528,0.023340479895074134,21.286844651663078,0.0249013929324269,6.798424892263596,10.385379983100322,1.0344417108469688,0.329390075280381,0.0,0.00792917726208341,0.013015031767764163,12.25907209548561,0.002129958559233071,4.426298998821372,1.0,1.3809523809523812,2.890657195823845,0.6042297015052888,0.48032619842312363,0.0846787389549471,1.394775570272259,1.3897741201190685,0.5363794357124684,0.2886338705522413,0.1921310974702381,Banks—Regional,Financial Services,MVBF
2022Q3,2022,Q3,2022-11-08,2022-09-30,2718000.0,39058000.0,5711000.0,0.21,36668000.0,0.9388089508,3140369000.0,244360000.0,531445000.0,42144000.0,2895562000.0,0.0,140546000.0,340597594.15,407201594.15,19.966491005233074,12.610217350037965,0.04666649046656619,0.5997299066950401,0.012644740792781543,19.966491005233074,0.011122933376984777,8.720302989144349,31.327961198491536,1.393835300990342,0.7637969094922737,0.0,0.006095169301418273,0.01243739191158746,12.610217350037965,0.0008655033851117496,24.852068161255016,0.9388089507911311,-0.0869565217391305,0.0005789265811876416,0.6059185688859968,0.39967183339149215,29.07656967840735,-0.08051420838971583,0.0888465204957102,-0.3978594488412085,0.29097363049156727,0.135775601466385,Banks—Regional,Financial Services,MVBF
2022Q2,2022,Q2,2022-08-08,2022-06-30,2956000.0,620000.0,5245000.0,0.23,-1306000.0,-2.1064516129,2985038000.0,252910000.0,2670247000.0,32238000.0,2731518000.0,0.0,139904000.0,378820403.55,289721403.55,20.76981605601798,82.82917674793721,0.024508230715990884,0.2892649559131707,0.01229997659115058,20.76981605601798,0.011687952235973272,611.0006508870968,32.03826146397158,1.4978466788580918,0.7023004059539919,0.0,0.005480169443212135,0.00020770254851027023,19.670916309944786,0.0009902721506392883,8.25101070635128,-2.106451612903226,0.09523809523809533,0.11108769558842782,-0.975749303953791,0.46315966128944414,-1.042434285342951,0.1067016098839386,0.011962184063283813,-0.8161752703197342,-0.9852518767937887,0.20515161312290844,Banks—Regional,Financial Services,MVBF
2022Q1,2022,Q1,2022-05-02,2022-03-31,2671000.0,30777000.0,5183000.0,0.21,30777000.0,1.0,2893464000.0,263080000.0,855903000.0,35328000.0,2629602000.0,0.0,139024000.0,501866928.5,218759928.5,21.754412135965243,24.227326766304348,0.02526176237202191,0.2778394404743804,0.011515782800983443,21.754412135965243,0.010152805230348182,16.306557770412972,46.97369229689255,1.9076589953626273,0.770872332459753,0.0,0.0041026811751753035,0.01063673161304236,24.227326766304348,0.0009231149929634514,-8.569253978417512,1.0,-0.7236842105263158,0.4027444550792749,0.3951024508385461,0.5676261532622854,-0.14615064502704952,-0.7274211654250434,0.17822232325528528,-0.1968238102329439,0.34718451406356304,0.3960993095003007,Banks—Regional,Financial Services,MVBF
2021Q4,2021,Q4,2022-03-10,2021-12-31,9799000.0,36045000.0,4399000.0,0.76,36045000.0,1.0,2788344000.0,275303000.0,794849000.0,0.0,2513041000.0,0.0,0.0,500625365.52000004,263499365.52000004,22.832603673861083,0.0,0.026191172968615062,0.26527135556096376,0.009763221256387941,22.832603673861083,0.03559350969658885,13.888899029546401,12.772358544749466,1.818452270843398,0.0,0.0,0.0,0.012927027655124332,0.0,0.003514272270566329,0.0,1.0,-0.1739130434782609,2.5215068649148393,0.49480025391158805,0.5673622472811259,0.3504552096212206,-0.17154210348326007,0.0,2.138683473098402,0.5806801555721397,0.4960194513576608,Banks—Regional,Financial Services,MVBF
2021Q3,2021,Q3,2021-11-01,2021-09-30,11828000.0,26691000.0,0.0,0.92,26691000.0,1.0,2788824000.0,265565000.0,2252026000.0,0.0,2522124000.0,0.0,130066000.0,508835304.84,182138304.83999997,22.35330143527782,0.0,0.02616371631913667,0.2747575923032026,0.0,22.35330143527782,0.04453900175098375,19.063928097111386,10.75488892543118,1.9160480667256603,0.14135948596550557,0.0,0.003285935516062019,0.009570700768495968,0.0,0.00424121421789256,86.83196328327645,1.0,0.2602739726027398,2.4995486015592494,-0.18753780401651152,0.4476569389088554,-0.05253629619111853,0.2791175516383692,0.0,2.1757192377132406,0.10705394326348047,0.4934209868677961,Banks—Regional,Financial Services,MVBF
2021Q2,2021,Q2,2021-07-29,2021-06-30,9247000.0,28171000.0,0.0,0.73,28171000.0,1.0,2734540000.0,248611000.0,2191630000.0,0.0,2485140000.0,0.0,119910000.0,496529850.41999996,195535850.41999996,21.359733460191592,0.0,0.0159368668953462,0.1752939330922606,0.0,21.359733460191592,0.0371946534948172,17.625567087430333,13.424079442521897,1.9972159334060036,0.15194117010922462,0.0,0.0028296385379681646,0.01030191549584208,0.0,0.0033815559472525542,-77.07697150263893,1.0,0.10606060606060598,-0.007736383468074463,-0.1049640372916889,0.3979925657185259,0.19907210351579127,0.14372294372294372,0.0,1.9844616861678261,0.14613613689444996,0.3701052516729265,Banks—Regional,Financial Services,MVBF
2021Q1,2021,Q1,2021-05-03,2021-03-31,8085000.0,23494000.0,0.0,0.66,23494000.0,1.0,2646089000.0,236210000.0,2125244000.0,0.0,2409406000.0,0.0,112068000.0,389723430.2,183932430.2,20.486061091843485,0.0,0.05503518589132867,0.6165191990178231,0.0,20.486061091843485,0.0342280174421066,16.58821104111688,12.050817260358688,1.6499023335167857,0.1469387755102041,0.0,0.003048315569300868,0.008878764092968906,0.0,0.0030554527833341963,44.38763441913439,1.0,-0.31958762886597936,2.162787314919784,-0.15395007480806766,0.41764505240808736,0.15330617053654705,-0.3170299036999493,0.0,1.8313172044943553,0.08821211180135612,0.42648852854587693,Banks—Regional,Financial Services,MVBF
2020Q4,2020,Q4,2021-03-09,2020-12-31,11838000.0,20371000.0,0.0,0.97,20371000.0,1.0,2331476000.0,239483000.0,1815820000.0,0.0,2091993000.0,0.0,105171000.0,266554433.88,34265433.879999995,20.376605111904432,0.0,0.0186178197845485,0.18125294906110245,0.0,20.376605111904432,0.049431483654372124,13.084995036080702,5.6292117308667,1.1130411506453486,0.09824294644365603,0.0,0.004363086305004292,0.00873738352871743,0.0,0.005077470237737811,14.390456938940776,1.0,0.8301886792452828,4.82000789421293,-0.1657510273596295,0.43899435378249474,-0.06490704613266009,0.8237559698043445,0.0,6.393047725605697,-0.14152623015163687,0.4170264722497541,Banks—Regional,Financial Services,MVBF
2020Q3,2020,Q3,2020-11-02,2020-09-30,6491000.0,21785000.0,0.0,0.53,21785000.0,1.0,2214459000.0,234116000.0,1824465000.0,0.0,1980343000.0,0.0,94496000.0,190825354.33,-87374645.66999999,19.59295468428333,0.0,0.013513007014354296,0.12781697961694202,0.0,19.59295468428333,0.027725571938697055,8.759483788386506,7.34961309235865,0.815088906055118,0.18363888460945926,0.0,0.006246549386401969,0.009837617223890802,0.0,0.002931189965585274,0.9072535186109646,1.0,-0.6442953020134228,2.114978482772815,-0.1922765972768259,0.38408845450570683,-0.5533938785132947,-0.6400687590107574,0.0,1.4474324665286569,-0.08257981489056906,0.3734865479026694,Banks—Regional,Financial Services,MVBF
2020Q2,2020,Q2,2020-08-06,2020-06-30,18034000.0,48779000.0,0.0,1.49,48779000.0,1.0,2215157000.0,228500000.0,1931176000.0,0.0,1986657000.0,0.0,89197000.0,158999012.9,107833012.9,19.11364067342584,0.0,0.018388764317833907,0.17826695842450765,0.0,19.11364067342584,0.07892341356673961,3.2595791816150395,2.2041562174226463,0.6958381308533917,0.066041920816236,0.0,0.007490612540777604,0.022020561070840577,0.0,0.008141183672308554,-3.677723334027248,1.0,17.625,5.355496786106148,0.8023136984590282,0.35427975306907716,0.8639281620175774,16.208015267175572,0.0,5.904409443359461,0.9433721544283566,0.34648799673094643,Banks—Regional,Financial Services,MVBF
2020Q1,2020,Q1,2020-04-28,2020-03-31,1048000.0,26170000.0,0.0,0.08,26170000.0,1.0,2099680000.0,211153000.0,1815594000.0,0.0,1888527000.0,0.0,72354000.0,148856250.0,82372250.0,18.08591006423983,0.0,0.016640154690238513,0.16546769404176118,0.0,18.08591006423983,0.004963225717844406,5.688049293083684,35.5096016221374,0.7049686720056073,1.1354961832061068,0.0,0.007994289793004997,0.012463804008229825,0.0,0.0004991236759887221,-1.860633351249328,1.0,-0.75,-0.657594920278057,-0.012665596865092563,0.30017509663242953,-0.12278349478765126,-0.7440781440781441,0.0,-0.42990196082486004,0.22876018812119758,0.3032733518631558,Banks—Regional,Financial Services,MVBF
2019Q4,2019,Q4,2020-03-13,2019-12-31,4095000.0,29833000.0,0.0,0.32,29833000.0,1.0,1944114000.0,211936000.0,1644702000.0,0.0,1732178000.0,0.0,72496000.0,295777747.72,482235747.72,17.85612731421471,0.0,0.11676732948787982,1.0711205269515325,0.0,17.85612731421471,0.019321870753435,9.914448688365233,18.057249555555558,1.3955993682998642,0.2315018315018315,0.0,0.0032051092663584364,0.015345293537313141,0.0,0.002106357960489971,5.206346442062277,1.0,-0.08571428571428563,5.731029528714541,0.5964348368978724,0.30886304077931254,0.028653196331287496,-0.05361682458978507,0.0,0.4949915360136301,0.25682007007216684,0.22574806775038062,Banks—Regional,Financial Services,MVBF
2019Q3,2019,Q3,2019-10-28,2019-09-30,4327000.0,29002000.0,0.0,0.35,29002000.0,1.0,1961952000.0,206240000.0,1672398000.0,0.0,1755712000.0,0.0,69349000.0,232875713.9,428531713.9,17.579609017357477,0.0,0.1252655518585572,1.1916456555469357,0.0,17.579609017357477,0.020980411171450736,8.029643262533618,13.45480205107465,1.1291491170480994,0.163161543794777,0.0,0.00303166005667369,0.014782216894195168,0.0,0.002205456606481708,-6.39311793499149,1.0,-0.7033898305084746,4.543520161111153,0.5451612883589348,0.28223323631637587,-0.27855721393034827,-0.7186057098263641,0.0,0.29644197191445354,-0.10601189711161647,0.13850041574254543,Banks—Regional,Financial Services,MVBF
2019Q2,2019,Q2,2019-07-29,2019-06-30,15377000.0,40200000.0,0.0,1.18,40200000.0,1.0,1833018000.0,200676000.0,1554896000.0,0.0,1632342000.0,0.0,65728000.0,197250393.34,364935393.34000003,17.2341934656646,0.0,0.11097763360752595,1.0136937152424803,0.0,17.2341934656646,0.0766260041061213,4.906726202487563,3.2069063103986477,0.9829296644342124,0.03810886388762438,0.0,0.0029708432519569847,0.021931044866989848,0.0,0.008388897435813506,-4.55554154460842,1.0,3.538461538461538,9.999680619460777,1.055998781112347,0.2603420788011092,0.8332725282743524,3.8173558897243107,0.0,0.6493691362203202,0.27668664292155304,0.12797635729195084,Banks—Regional,Financial Services,MVBF
2019Q1,2019,Q1,2019-05-01,2019-03-31,3192000.0,21928000.0,0.0,0.26,21928000.0,1.0,1789908000.0,180872000.0,1510924000.0,0.0,1609036000.0,0.0,50937000.0,178872237.63,278544237.63,15.582281280370877,0.0,0.07397475177495157,0.7320536069706753,0.0,15.582281280370877,0.01764783935600867,8.15725271935425,14.009417107612784,0.9889437703458799,0.16572681704260653,0.0,0.002957418138270539,0.012250908985266281,0.0,0.0017833318807447087,13.963484592505855,1.0,0.08333333333333341,0.8718963744550495,0.2340341822563234,0.23680566472930276,0.0010499885870805753,0.06435478492830944,0.0,0.2403731644044587,-0.21560003710401213,0.07830118553849817,Banks—Regional,Financial Services,MVBF
2018Q4,2018,Q4,2019-03-08,2018-12-31,2999000.0,21905000.0,0.0,0.24,21905000.0,1.0,1750969000.0,176773000.0,1474181000.0,0.0,1574196000.0,0.0,48274000.0,208946099.12,404358099.12,15.262237167531573,0.0,0.13273278967246135,1.3147426360360461,0.0,15.262237167531573,0.016965260531868556,9.538739973522027,17.417980920306768,1.1820023370084798,0.1567189063021007,0.0,0.002249383941501937,0.012510215771952559,0.0,0.00171276590276584,-29.811114156085033,1.0,-0.17241379310344826,2.4534965901591206,0.3566103646219319,0.27954773954427875,-0.05451484806629834,-0.1620564403464655,0.0,0.49612138372125764,-0.08972688572303014,0.07781806584338515,Banks—Regional,Financial Services,MVBF
2018Q3,2018,Q3,2018-10-29,2018-09-30,3579000.0,23168000.0,0.0,0.29,23168000.0,1.0,1723104000.0,170876000.0,1451612000.0,0.0,1552228000.0,0.0,45745000.0,210743088.92000002,314444088.92,14.967850078336035,0.0,0.08155282559845488,0.8223741192443643,0.0,14.967850078336035,0.020945012757789275,9.096300454074587,14.720808111204247,1.2333100547765632,0.131321598211791,0.0,0.0022302036209520316,0.013445502999238584,0.0,0.0020770655746838265,5.412273073090555,1.0,0.15999999999999992,1.8761517532382654,0.2498012135068508,0.2532323580780022,0.03161456941847003,0.26421759095725894,0.0,0.7976893973170651,-0.10091000872368619,0.057361118627781024,Banks—Regional,Financial Services,MVBF
2018Q2,2018,Q2,2018-07-30,2018-06-30,2831000.0,22458000.0,0.0,0.25,22458000.0,1.0,1685419000.0,165795000.0,1411467000.0,0.0,1519624000.0,0.0,42636000.0,191958230.25,440856230.25,15.589848614995761,0.0,0.17065548685519744,1.7348291564884346,0.0,15.589848614995761,0.01707530383907838,8.547432106598984,16.951450922818793,1.157804700081426,0.13599434828682444,0.0,0.0020056446628966564,0.013324876484719823,0.0,0.0016797010120332095,-4.502362618740471,1.0,0.08695652173913039,0.2451572367976601,0.14224985562072523,0.31133801079052315,0.14511523557005915,0.09136468774094063,0.0,0.12152914383072304,-0.06721441846576608,0.10460464824237763,Banks—Regional,Financial Services,MVBF
2018Q1,2018,Q1,2018-05-07,2018-03-31,2594000.0,19612000.0,0.0,0.23,19612000.0,1.0,1581518000.0,150421000.0,1303078000.0,0.0,1431097000.0,0.0,40190000.0,206864225.5,409350225.5,14.361181798444893,0.0,0.15231821579014593,1.6014652209465434,0.0,14.361181798444893,0.017244932555959606,10.547839358555986,19.936798910948344,1.3752350104041324,0.14803392444101773,0.0,0.0018562900330970952,0.012400744095230025,0.0,0.0016401963177150054,14.06569834092609,1.0,0.9166666666666669,0.4416320509752732,0.10238370775174718,0.21124666062248923,-0.06999241274658574,0.8229093464511595,0.0,-0.05531398588080041,-0.17525245847229648,0.03240870192471473,Banks—Regional,Financial Services,MVBF
2017Q4,2017,Q4,2018-03-08,2017-12-31,1423000.0,21088000.0,0.0,0.12,21088000.0,1.0,1534302000.0,150192000.0,1256983000.0,0.0,1384110000.0,0.0,37236000.0,209937002.70000002,360547002.70000005,14.379833765245996,0.0,0.12102767251818743,1.2363707787365505,0.0,14.379833765245996,0.009474539256418451,9.955282753224584,36.8828184645116,1.397790845717482,0.26985242445537594,0.0,0.0018291201410964985,0.013744360627829463,0.0,0.0009274575670239626,25.96623410018553,1.0,-0.42857142857142855,-0.346619913108435,0.7547380337582749,0.47215700921101883,0.016093283222511322,-0.38610871440897326,0.0,2.8682335944342525,0.28237246887138445,0.05404898927316142,Banks—Regional,Financial Services,MVBF
2017Q3,2017,Q3,2017-11-02,2017-09-30,2318000.0,20754000.0,0.0,0.21,20754000.0,1.0,1471590000.0,148977000.0,1238573000.0,0.0,1322613000.0,0.0,36197000.0,196336717.956557,279213717.95655704,14.265123101643777,0.0,0.08013577151244572,0.7915785658188847,0.0,14.265123101643777,0.01555944877397182,9.460186853452685,21.17522842499536,1.3178995278234695,0.16609145815358067,0.0,0.001960916959430829,0.01410311295945202,0.0,0.0015751669962421598,4.8675306911086125,1.0,0.049999999999999906,-0.0654191322734881,0.4432739876844864,0.23860323443923234,-0.04438714430426374,0.02566371681415929,0.0,2.3360469589107384,0.24213177229247704,0.040479054057010425,Banks—Regional,Financial Services,MVBF
2017Q2,2017,Q2,2017-07-31,2017-06-30,2260000.0,21718000.0,0.0,0.2,21718000.0,1.0,1507053000.0,146834000.0,1286001000.0,0.0,1360219000.0,0.0,34264000.0,136539915.6,327115915.6,14.19518088525902,0.0,0.1479098611661302,1.5180952640396639,0.0,14.19518088525902,0.015391530571938379,6.28694703011327,15.103972964601768,0.9298930465695956,0.16946902654867257,0.0,0.00280504055035464,0.014410906583909125,0.0,0.0014996154747046056,-3.5979845476824157,1.0,0.4285714285714285,0.17494073339552746,0.6904232322146338,0.25530250574416025,0.19094099583241939,0.4358322744599746,0.0,0.8198503362696195,0.2503609495532576,0.038098117067598074,Banks—Regional,Financial Services,MVBF
2017Q1,2017,Q1,2017-05-04,2017-03-31,1574000.0,18236000.0,0.0,0.14,18236000.0,1.0,1433951000.0,138725000.0,1216638000.0,0.0,1295226000.0,0.0,32387000.0,127455936.0,218785936.0,13.877295993495352,0.0,0.08656850896578754,0.8948278969183636,0.0,13.877295993495352,0.011346188502432871,6.989248519412151,20.243954256670904,0.9187668841232655,0.24078780177890724,0.0,0.002973576687711116,0.012717310424135831,0.0,0.0010976665171961943,7.021205090067758,1.0,-0.39336100563502374,-0.19746105810497963,0.5407244679866058,0.25469276759286463,-0.08783513405362145,-0.31772865192891203,0.0,0.0718007775611604,0.19164849804511433,0.10147660583571474,Banks—Regional,Financial Services,MVBF
2016Q4,2016,Q4,2017-03-10,2016-12-31,2307000.0,19992000.0,0.0,0.23077975748418653,19992000.0,1.0,1418804000.0,145625000.0,1212131000.0,0.0,1273179000.0,0.0,31192000.0,127955763.2,220533763.2,14.567534539937002,0.0,0.08771119900987029,0.8545579399141631,0.0,14.567534539937002,0.01584206008583691,6.400348299319728,13.866034156913742,0.8786661850643778,0.20632856523623755,0.0,0.0037200356443186765,0.014090741215840948,0.0,0.0016260174062097373,3.812859834917608,1.0,-0.033771729548803316,0.3930853403899247,0.6943027737413076,0.33934001676917697,-0.10960673406671714,-0.0012987012987012987,0.0,2.0780666026605195,0.4345509218305257,0.2213056111435267,Banks—Regional,Financial Services,MVBF
2016Q3,2016,Q3,2016-11-03,2016-09-30,2310000.0,22453000.0,0.0,0.238846,22453000.0,1.0,1468595000.0,125377000.0,1272504000.0,0.0,1343218000.0,0.0,29361000.0,99953937.85000001,233611937.85000002,15.441021166331167,0.0,0.1155090409541092,1.3530073298930425,0.0,15.441021166331167,0.01842443191334934,4.451696336792411,10.81752574134199,0.7972270659690375,0.20562770562770563,0.0,0.004752188960407226,0.015288762388541429,0.0,0.001572931951967697,8.63532940388769,1.0,-0.6190471633411487,0.8568191163757074,1.5998256560451383,0.40660564967548707,0.022915717539863326,-0.6445607016464071,0.0,1.6100081734175007,0.7029682963074886,0.2928501599185452,Banks—Regional,Financial Services,MVBF
2016Q2,2016,Q2,2016-08-08,2016-06-30,6499000.0,21950000.0,0.0,0.62697,21950000.0,1.0,1484962000.0,124019000.0,1301792000.0,0.0,1360943000.0,0.0,27526000.0,105115564.39999999,309735564.4,15.278860549028266,0.0,0.16601906311407294,1.9878566993767084,0.0,15.278860549028266,0.052403260790685295,4.788863981776765,4.043528404369903,0.8475762939549584,0.07324203723649793,0.0,0.004528349371636918,0.01478152302887212,0.0,0.0043765429687763055,-3.6516210796915165,1.0,2.150001507249872,4.534435865475531,1.8366176544537312,0.727877433306038,0.12506406970784215,2.618596881959911,0.0,2.7450975774618174,0.46270528943654987,0.2851792916216188,Banks—Regional,Financial Services,MVBF
2016Q1,2016,Q1,2016-05-05,2016-03-31,1796000.0,19510000.0,0.0,0.199038,19510000.0,1.0,1432640000.0,117065000.0,1252958000.0,0.0,1315575000.0,0.0,21503000.0,108552770.2,246467770.2,14.450768940395038,0.0,0.12549628657583203,1.5358219792423013,0.0,14.450768940395038,0.015341904070388246,5.563955417734495,15.11035219933185,0.927286295647717,0.19320712694877507,0.0,0.0031966019785647074,0.013618215322760778,0.0,0.0012536296627205718,14.97692745584989,1.0,0.15006953153637648,0.3597495394814796,1.6205341179028816,0.5593858243950033,0.15917057809993465,0.2810271041369472,0.0,0.2905444540080612,0.4179154999107103,0.218802593556475,Banks—Regional,Financial Services,MVBF
2015Q4,2015,Q4,2016-03-09,2015-12-31,1402000.0,16831000.0,0.0,0.1730660577835719,16831000.0,1.0,1384476000.0,114712000.0,1215761000.0,0.0,1269764000.0,0.0,20054000.0,106122484.3,280561484.3,14.16030928706783,0.0,0.15653720252283174,1.889270520956831,0.0,14.16030928706783,0.012221912267243182,6.30517998336403,18.92341018188302,0.9251210361601226,0.21825962910128388,0.0,0.0028834605787682265,0.012156946021455048,0.0,0.0010126574964101941,-3.755351721575427,1.0,0.08688671039918033,0.03655047792677201,1.2588923891945891,0.8798460630156141,-0.07511814485108254,-0.002844950213371266,0.0,-0.17002343413436438,0.8056918549975255,0.4496828621159082,Banks—Regional,Financial Services,MVBF
2015Q3,2015,Q3,2015-11-05,2015-09-30,1406000.0,18198000.0,0.0,0.159231,18198000.0,1.0,1306529000.0,114129000.0,1140630000.0,0.0,1192400000.0,0.0,18958000.0,121741001.8,219448001.8,14.155854432931076,0.0,0.1040864764578513,1.1915639320418123,0.0,14.155854432931076,0.012319392967606832,6.689801175953401,21.646693065433855,1.0666964732889974,0.21763869132290184,0.0,0.0025135327907249076,0.013928508284163612,0.0,0.0010761337865443476,2.6375986177311725,1.0,-0.27272519662741723,-0.09916703215962172,1.1137235940020438,0.5730867608071537,0.0015410016510731975,-0.26194225721784775,0.0,-0.26570165061483303,0.6392847904134882,0.22911572244749737,Banks—Regional,Financial Services,MVBF
2015Q2,2015,Q2,2015-08-06,2015-06-30,1905000.0,18170000.0,0.0,0.218942,18170000.0,1.0,1253066000.0,113274000.0,1090646000.0,0.0,1139792000.0,0.0,17858000.0,119185015.95,305281015.95,14.113509878671959,0.0,0.16900067514400677,1.8695287532884863,0.0,14.113509878671959,0.01681762805233328,6.559439512933407,15.641078208661417,1.0521833426028921,0.24251968503937008,0.0,0.0038763262002147678,0.014500433337110735,0.0,0.0015202710790971905,12.566956553142134,1.0,-0.08333403113303134,0.5053252087498915,1.3324077323614503,0.6199381243356414,-0.002306171754886888,-0.09415121255349501,0.0,0.2764182200167479,0.8227245576025228,0.24808020825855015,Banks—Regional,Financial Services,MVBF
2015Q1,2015,Q1,2015-05-08,2015-03-31,2103000.0,18212000.0,0.0,0.238846,18212000.0,1.0,1194973000.0,111587000.0,1030675000.0,0.0,1083386000.0,0.0,16416000.0,104284180.0,244847180.0,13.910364927834692,0.0,0.14959919596509713,1.6020414564420586,0.0,13.910364927834692,0.018846281376862895,5.7261245332747635,12.397073228720874,0.9345549212721912,0.06752258678078935,0.0,0.0013616638688629472,0.015240511710306425,0.0,0.0017598723987906004,-2.0439061581278666,1.0,4.275195168478633,1.0064287890581978,1.5014451210855442,0.6611775038978686,0.44196357878068093,4.5948717948717945,0.0,0.3362122942439576,0.91746674795801,0.25768264060321344,Banks—Regional,Financial Services,MVBF
2014Q4,2014,Q4,2014-12-31,2014-12-31,-585000.0,12630000.0,0.0,-0.07292573044156841,12630000.0,1.0,1110459000.0,109438000.0,944457000.0,0.0,1001021000.0,0.0,14454000.0,120247681.4,213074681.4,13.64247194540917,0.0,0.12140115033513169,1.2318481697399442,0.0,13.64247194540917,-0.005345492424934666,9.52079821060966,-51.387898034188034,1.0987744787002687,-0.7931623931623931,0.0,0.003858702260183455,0.011373675209980737,0.0,-0.0005268091843102717,-6.314534548127921,1.0,-2.4655492452083685,-1.9331342877072777,0.8373385399493853,0.646715435800175,-0.021915898706729654,-2.089385474860335,0.0,-1.4402109055094985,0.3338682429123424,0.25428970523768274,Banks—Regional,Financial Services,MVBF
2014Q3,2014,Q3,2014-11-14,2014-09-30,537000.0,12913000.0,0.0,0.04976,12913000.0,1.0,1086814000.0,110657000.0,918004000.0,0.0,976157000.0,0.0,15503000.0,126717431.8,143770431.8,13.710149229839427,0.0,0.08188061618639436,0.8041877151919896,0.0,13.710149229839427,0.004852833530639725,9.81316749012623,58.9932177839851,1.1451370613698184,0.2681564245810056,0.0,0.0011363866672051666,0.011881517904627655,0.0,0.000494104787019674,8.14693530924521,1.0,-0.5759006571153404,-0.4397378293051755,0.9182847366346457,0.6610664486181762,-0.047222017265550066,-0.4458204334365325,0.0,-0.565752776798766,0.5041880893591445,0.24893121749202848,Banks—Regional,Financial Services,MVBF
2014Q2,2014,Q2,2014-08-11,2014-06-30,969000.0,13553000.0,0.0,0.117331,13553000.0,1.0,1062621000.0,110367000.0,877424000.0,0.0,952254000.0,0.0,15110000.0,129138784.0,250798784.0,13.67421889306314,0.0,0.14982387888061688,1.44251451973869,0.0,13.67421889306314,0.008779798309277229,9.52842794953147,33.317539731682146,1.1700851160219994,0.3498452012383901,0.0,0.002625082794646727,0.012754312214797186,0.0,0.0009118961511206723,-8.58350176138252,1.0,-0.18656840587346268,0.024379076329627724,0.8840376900476777,0.6742930386534761,0.12314576945388249,-0.16321243523316062,0.0,-0.17012793200957305,0.7614173236801418,0.5464094437928206,Banks—Regional,Financial Services,MVBF
2014Q1,2014,Q1,2014-05-15,2014-03-31,1158000.0,12067000.0,0.0,0.144242,12067000.0,1.0,997425000.0,99311000.0,799305000.0,0.0,898114000.0,0.0,14480000.0,130062388.5,152627388.5,12.598811377356798,0.0,0.06477078477078477,0.6505220972500528,0.0,12.598811377356798,0.011660339740814209,10.77835323609845,28.079099417098448,1.3096473552778645,0.018134715025906734,0.0,0.00016146097455376195,0.012098152743314034,0.0,0.0011609895480863223,3.8703284779050735,1.0,0.9238536678477159,0.25769649175398357,0.9478954016432073,0.5591493984700732,0.0980980980980981,0.9593908629441624,0.0,-0.09899027419444946,0.6657130688975756,0.3595406546954038,Banks—Regional,Financial Services,MVBF
2013Q4,2013,Q4,2013-12-31,2013-12-31,591000.0,10989000.0,0.0,0.07497555682671474,10989000.0,1.0,987060000.0,94022000.0,789281000.0,0.0,893038000.0,0.0,13343000.0,130850645.4,190351645.4,11.927837231745134,0.0,0.11019694851376816,1.156867541639191,0.0,11.927837231745134,0.0062857629065537855,11.90742063882064,55.351372842639606,1.3917024249643701,0.5363790186125211,0.0,0.0024226093729301543,0.011133061819950154,0.0,0.0005987477964865357,-3.2182455397329006,1.0,-0.292529918503876,-0.5632440946417816,0.8151672008278773,0.4979961917544888,-0.025538707102952914,-0.2192866578599736,0.0,-0.5509463250226405,0.5156960786612743,0.5834751491526332,Banks—Regional,Financial Services,MVBF
2013Q3,2013,Q3,2013-11-14,2013-09-30,757000.0,11277000.0,0.0,0.105977,11277000.0,1.0,853138000.0,82946000.0,655522000.0,0.0,770192000.0,0.0,12920000.0,133689825.5,132150825.5,11.943395797161841,0.0,0.06607371843711099,0.679598775106696,0.0,11.943395797161841,0.009126419598292865,11.8550878336437,44.15119732496697,1.6117694102186966,0.02774108322324967,0.0,0.00015708001653424254,0.013218260117354988,0.0,0.000887312486373834,4.593520667262232,1.0,-0.49683315924413635,2.144391716712561,1.1458970079594268,0.5057232131151472,-0.12124990259487259,-0.4898921832884097,0.0,-0.4369497808253662,0.5205839994020929,0.32722456963729163,Banks—Regional,Financial Services,MVBF
2013Q2,2013,Q2,2013-08-14,2013-06-30,1484000.0,12833000.0,0.0,0.21062,12833000.0,1.0,781979000.0,82523000.0,619702000.0,0.0,699456000.0,0.0,12178000.0,98047430.375,134858430.375,11.888505089239061,0.0,0.09845149294290512,0.9329156719944742,0.0,11.888505089239061,0.017982865382984138,7.640257957998909,16.517424254548516,1.1881224673727324,0.17722371967654987,0.0,0.0026823752442477,0.016410926636137288,0.0,0.0018977491722923505,-59.3866931405209,1.0,0.24809633013931615,1.1830606188901036,1.5473777632017107,0.4880183327798178,0.09254214200578921,0.24915824915824916,0.0,0.3558657835840984,0.9046938743742959,0.3645537361701861,Banks—Regional,Financial Services,MVBF
2013Q1,2013,Q1,2013-05-15,2013-03-31,1188000.0,11746000.0,0.0,0.168753,11746000.0,1.0,756599000.0,81993000.0,613346000.0,0.0,674606000.0,0.0,10955000.0,84714017.5,100222017.5,11.856529528894082,0.0,0.10117116200259318,0.9335674996646055,0.0,11.856529528894082,0.014489041747466246,7.212158820023838,17.827023884680134,1.0331859731928335,0.017676767676767676,0.0,0.0002478928590536979,0.015524736353074746,0.0,0.0015701844702411714,10.779236225982949,1.0,-0.19070765687239952,1.0204617228671682,8.233527887779095,0.44536580716526386,0.47618449164257887,-0.17614424410540916,0.0,0.3147912562481671,0.8714542852681245,0.4159082259796272,Banks—Regional,Financial Services,MVBF
2012Q4,2012,Q4,2013-03-29,2012-12-31,1442000.0,7957000.0,0.0,0.20851920994066891,7957000.0,1.0,726769000.0,67549000.0,582921000.0,0.0,659220000.0,0.0,9945000.0,82985160.0,143959160.0,9.767866929460642,0.0,0.13173511803612978,1.417356289508357,0.0,9.767866929460642,0.02134746628373477,10.429201960537892,14.387163661581138,1.2285179647367095,0.12135922330097088,0.0,0.0021088107801443055,0.010948458175844044,0.0,0.001984124254061469,-4.207532322668965,1.0,-0.08901408538157869,0.8643753110906709,4.288059738351237,0.22509936468934924,0.30957867017774854,0.37595419847328243,0.0,1.6681450190913654,0.34273738546662824,0.17903099320630295,Banks—Regional,Financial Services,MVBF
2012Q3,2012,Q3,2012-11-01,2012-09-30,1048000.0,6076000.0,0.0,0.228894,6076000.0,1.0,613631000.0,50822000.0,0.0,0.0,562809000.0,0.0,8678000.0,51849706.75,46787706.75,11.517104674849486,0.0,0.031404867094393864,0.3791861792137263,0.0,11.517104674849486,0.020620990909448664,8.533526456550362,12.368727755248091,1.0202216904096653,0.020038167938931296,0.0,0.0004050167554708494,0.00990171617796363,0.0,0.0017078667798725944,-41.98356821862348,1.0,0.3939357031064449,0.6885190330148675,5.968543010141525,0.49811114019843283,0.11343228880337182,0.2827417380660955,0.0,0.9998921177211012,0.6509425375984085,0.3953660051328332,Banks—Regional,Financial Services,MVBF
2012Q2,2012,Q2,2012-08-14,2012-06-30,817000.0,5457000.0,0.0,0.164207,5457000.0,1.0,588195000.0,49683000.0,0.0,0.0,538512000.0,0.0,7651000.0,87827004.52999999,71362004.52999999,11.308175376296191,0.0,0.02342080432509627,0.27727794215325163,0.0,11.308175376296191,0.016444256586760058,16.09437502840388,26.8748483873929,1.7677476104502545,0.32802937576499386,0.0,0.003051453268094284,0.009277535511182516,0.0,0.0013889951461675124,31.775327253979736,1.0,-0.13157505050611898,0.9661079881577674,6.059535238169073,0.5088562648613506,0.05023094688221709,-0.05110336817653891,0.0,0.586647354661482,0.3935723966807341,0.3845909196327169,Banks—Regional,Financial Services,MVBF
2012Q1,2012,Q1,2012-05-14,2012-03-31,861000.0,5196000.0,0.0,0.189086,5196000.0,1.0,572368000.0,48538000.0,0.0,0.0,523830000.0,0.0,7060000.0,87681890.34,68733890.34,11.06031400828031,0.0,0.024169764906493724,0.285013803617784,0.0,11.06031400828031,0.017738678973175655,16.87488266743649,25.45931775261324,1.8064586579587127,0.024390243902439025,0.0,0.00023950213571547412,0.009078075643641853,0.0,0.0015042769686635172,23.73629949648078,1.0,0.14140398423383765,1.2432300611332194,6.543597746839245,0.48844125308795366,0.003088803088803089,0.1843191196698762,0.0,0.6796693685852246,0.5065682917013894,0.36875467188066313,Banks—Regional,Financial Services,MVBF
2011Q4,2011,Q4,2012-03-14,2011-12-31,727000.0,5180000.0,0.0,0.16566089010712814,5180000.0,1.0,533481000.0,47732000.0,0.0,0.0,485749000.0,0.0,6220000.0,75701331.75,69633331.75,10.87665145336099,0.0,0.026038415613676962,0.29102069890220394,0.0,10.87665145336099,0.015230872370736613,14.614156708494209,26.032094824621733,1.5859660552669068,0.0,0.0,0.0,0.00970981159591438,0.0,0.0013627476892335434,-28.037530277777776,1.0,0.10974008472141528,0.5036315184365708,5.721874050782469,0.48163699927013987,0.10873287671232877,0.08023774145616643,0.0,-0.03497386210265989,0.536885745322959,0.36597961052088174,Banks—Regional,Financial Services,MVBF
2011Q3,2011,Q3,2011-11-14,2011-09-30,673000.0,4672000.0,0.0,0.149279,4672000.0,1.0,520179000.0,48219000.0,0.0,0.0,471960000.0,0.0,5792000.0,75771108.0,62171108.0,10.9775054365049,0.0,0.026811924356807945,0.28924282958999564,0.0,10.9775054365049,0.013957153819033992,16.218130993150684,28.14677117384844,1.5713952591302185,0.0,0.0,0.0,0.008981523667814349,0.0,0.0012937854084843871,-7577.1108,1.0,0.03448299758147792,0.7450406681844705,5.820799051796893,0.5185873508513124,0.11476974469100454,0.05817610062893082,0.0,2.6085959627780504,0.4056306288072705,0.3839518541092836,Banks—Regional,Financial Services,MVBF
2011Q2,2011,Q2,2011-08-08,2011-06-30,636000.0,4191000.0,0.0,0.144303,4191000.0,1.0,454361000.0,38874000.0,0.0,0.0,415487000.0,0.0,5119000.0,74867933.14,66344933.14,8.842560389132709,0.0,0.030819106393374433,0.3602150537634409,0.0,8.842560389132709,0.016360549467510418,17.863978320209974,29.42921900157233,1.9259127730616865,0.0,0.0,0.0,0.00922394307610028,0.0,0.001399768025864896,-125.40692318257956,1.0,-0.0937505887672628,0.9203844665977289,6.347837461513466,0.21484704376722222,0.11640916355887054,-0.04504504504504504,0.0,0.4772553579054155,0.31355839324272455,0.10677430585045058,Banks—Regional,Financial Services,MVBF
2011Q1,2011,Q1,2011-05-13,2011-03-31,666000.0,3754000.0,0.0,0.159231,3754000.0,1.0,449479000.0,37853000.0,0.0,0.0,411626000.0,0.0,4483000.0,66785270.10000001,50845270.10000001,9.266961847624541,0.0,0.03127621090195538,0.3713840382532428,0.0,9.266961847624541,0.017594378252714447,17.790428902503997,25.069545833333336,1.7643322880617125,0.0,0.0,0.0,0.00835189185701668,0.0,0.001481715497275735,29.420823832599122,1.0,-0.04631230834897353,1.552690753068221,6.430525696087721,0.32459797906481125,-0.0007985094490284802,-0.02346041055718475,0.0,0.9176293834055103,3.9960663444508495,0.1296855254499492,Banks—Regional,Financial Services,MVBF
2010Q4,2010,Q4,2010-12-31,2010-12-31,682000.0,3757000.0,0.0,0.16696346339999305,3757000.0,1.0,414267000.0,30769000.0,0.0,0.0,383498000.0,0.0,4643000.0,64906296.14,37492296.14,7.532696195534291,0.0,0.009954932446948466,0.13403100523253925,0.0,7.532696195534291,0.02216516623874679,17.276096923076924,23.792630549853374,2.1094704455783417,0.0,0.0,0.0,0.009069030359647281,0.0,0.0016462812630501586,46.56118804878049,1.0,-0.11699722137020699,1.8614758964740181,4.45346202937826,-0.04490716612500658,0.09853801169590644,0.1,0.0,0.4928243738584505,3.227118761370364,-0.05523883666825277,Banks—Regional,Financial Services,MVBF
2010Q3,2010,Q3,2010-11-15,2010-09-30,620000.0,3420000.0,0.0,0.189086,3420000.0,1.0,417454000.0,28820000.0,0.0,0.0,388634000.0,0.0,7472000.0,52363458.300000004,21429458.300000004,8.998775392189863,0.0,0.03393188231517724,0.49149895905621094,0.0,8.998775392189863,0.021512838306731435,15.310952719298246,21.114297701612905,1.8169138896599584,0.0,0.0,0.0,0.008192519415312825,0.0,0.0014851935782146056,1090.9053812500001,1.0,0.22580143269261937,3.545381492497794,9.360706947708914,0.19391380910001543,0.09580262736302467,0.22287968441814596,0.0,0.3763669660322129,4.404408883111603,0.1705342656668471,Banks—Regional,Financial Services,MVBF
2010Q2,2010,Q2,2010-08-13,2010-06-30,507000.0,3121000.0,0.0,0.154255,3121000.0,1.0,394341000.0,28014000.0,0.0,0.0,366327000.0,0.0,6852000.0,57234582.800000004,33047582.800000004,8.71237590291302,0.0,0.045937399357408946,0.6466409652316699,0.0,8.71237590291302,0.018098093810237737,18.338539826978533,28.2221808678501,2.043070707503391,0.0,0.0,0.0,0.007914469963813045,0.0,0.001285689289219229,38.64590330857529,1.0,0.19230917874396147,1.9568493179441853,6.467416554941628,-0.07597569782241642,0.04978136562394887,0.18457943925233644,0.0,0.6671321545788388,4.516869141418655,0.16249726640188036,Banks—Regional,Financial Services,MVBF
2010Q1,2010,Q1,2010-05-13,2010-03-31,428000.0,2973000.0,0.0,0.129375,2973000.0,1.0,379027000.0,27430000.0,0.0,0.0,351597000.0,0.0,6345000.0,58307353.2,7114353.200000003,8.373798040964754,0.0,0.061394043168428634,0.8483412322274881,0.0,8.373798040964754,0.015603353991979584,19.612295055499498,34.05803341121496,2.12567820634342,0.0,0.0,0.0,0.007843768385893353,0.0,0.001129207154107755,32.16070226144512,1.0,0.6554410595703125,-0.2036180200380781,5.676404038425538,0.3985675667791822,0.05913786961168507,0.671875,0.0,0.4939137650186945,4.782496572724356,0.12690348934649778,Banks—Regional,Financial Services,MVBF
2009Q4,2009,Q4,2010-03-15,2009-12-31,256000.0,2807000.0,0.0,0.07815137799806697,2807000.0,1.0,352762000.0,27138000.0,0.0,0.0,325624000.0,0.0,5917000.0,58307353.2,25931353.200000003,8.284656625435709,0.0,0.06611256314455638,0.8593853636966615,0.0,8.284656625435709,0.009433267005674699,20.772124403277523,56.940774609375005,2.148550121600708,0.0,0.0,0.0,0.007957206275052302,0.0,0.0007257017479206944,-41.76744498567336,1.0,-0.31713912991981463,-0.6375669168803932,4.22300050876896,0.399013653597551,0.02745241581259151,-0.34190231362467866,0.0,-0.29065408805208676,3.879935915044964,0.12855080767537125,Banks—Regional,Financial Services,MVBF
2009Q3,2009,Q3,2009-11-16,2009-09-30,389000.0,2732000.0,0.0,0.114447,2732000.0,1.0,342016000.0,27037000.0,0.0,0.0,314979000.0,0.0,5822000.0,57128103.36000001,21273103.360000007,8.25382346458491,0.0,0.05664354883982036,0.7165365979953398,0.0,8.25382346458491,0.014387690942042387,20.910725973645683,36.71471938303342,2.1129601420275916,0.0,0.0,0.0,0.007987930389221557,0.0,0.0011373736901197605,35.04791617177914,1.0,0.0,-0.37994914874623414,4.255040759372539,0.4295331222065236,-0.059552495697074014,0.01832460732984293,0.0,0.35254369145172126,4.348405530048846,0.14180329784187426,Banks—Regional,Financial Services,MVBF
2009Q2,2009,Q2,2009-08-14,2009-06-30,382000.0,2905000.0,0.0,0.114447,2905000.0,1.0,305791000.0,26620000.0,0.0,0.0,279171000.0,0.0,5433000.0,59190613.2,31033613.200000003,8.16715985635371,0.0,0.06351723889846334,0.7296393688955672,0.0,8.16715985635371,0.014350112697220136,20.375426230636833,38.73731230366492,2.2235391885800153,0.0,0.0,0.0,0.009499952581992276,0.0,0.0012492192379762648,-83.24980759493671,1.0,0.0,-0.21489341099379472,4.148660290805018,0.559583093606668,0.1392156862745098,0.0079155672823219,0.0,0.5557457834284516,5.869612144525733,0.12205623380976251,Banks—Regional,Financial Services,MVBF
2009Q1,2009,Q1,2009-05-14,2009-03-31,379000.0,2550000.0,0.0,0.114447,2550000.0,1.0,286711000.0,26219000.0,0.0,0.0,260492000.0,0.0,5051000.0,44192786.76,27306786.759999998,8.080567128281276,0.0,0.058442124648164874,0.6390785308364163,0.0,8.080567128281276,0.014455166100919181,17.330504611764706,29.15091474934037,1.6855252587817995,0.0,0.0,0.0,0.008893973373885202,0.0,0.001321888591648036,302.6903202739726,1.0,-0.33331067862477565,-0.17840773045605507,5.139048565806621,0.5218556341870003,0.023274478330658106,-0.31956912028725315,0.0,0.8287394538890565,5.3541008158402486,0.15501747647343764,Banks—Regional,Financial Services,MVBF
2008Q4,2008,Q4,2009-03-26,2008-12-31,557000.0,2492000.0,0.0,0.17166466648051684,2492000.0,1.0,258706000.0,25836000.0,0.0,0.0,232870000.0,0.0,4671000.0,44192786.76,68508786.75999999,7.962528407882644,0.0,0.1394092135474245,1.3959591267998142,0.0,7.962528407882644,0.02155906487072302,17.733863065810592,19.835182567324953,1.7105119507663724,0.0,0.0,0.0,0.009632555874235619,0.0,0.002153023122772568,-176.06687952191234,1.0,2.8157311115631707,0.10494330368687839,4.236929255443354,0.518963167027485,0.02509255450431921,2.820261437908497,0.0,1.9420466933741787,3.5537353304350416,0.009592531609507996,Banks—Regional,Financial Services,MVBF
2008Q3,2008,Q3,2008-11-13,2008-09-30,-306000.0,2431000.0,0.0,-0.094543,2431000.0,1.0,245875000.0,25483000.0,0.0,0.0,220392000.0,0.0,4273000.0,43756742.46,88937742.46000001,7.931999515669613,0.0,0.21480833756990342,2.072597417886434,0.0,7.931999515669613,-0.01200800533689126,17.99948270670506,-35.74897259803922,1.7170954149825373,0.0,0.0,0.0,0.00988713777325877,0.0,-0.001244534824605999,19.577960832214764,1.0,-2.0,-1.6052471513817432,5.31264137870375,0.0,0.0446927374301676,-1.9745222929936306,0.0,-3.236365405488185,6.341603603875356,0.052379167475589045,Banks—Regional,Financial Services,MVBF
2008Q2,2008,Q2,2008-08-14,2008-06-30,314000.0,2327000.0,0.0,0.094543,2327000.0,1.0,234410000.0,25617000.0,0.0,0.0,208793000.0,0.0,4579000.0,43670323.559999995,81377323.56,7.9894883196968,0.0,0.18177552152211937,1.6633485575984697,0.0,7.9894883196968,0.012257485263692079,18.766791388053285,34.769365891719744,1.7047399601826911,0.0,0.0,0.0,0.009927050893733202,0.0,0.0013395332963610767,-36.75953161616161,1.0,0.1176484495986571,-0.24304416432798867,2.7102424592761425,0.0,3.0896309314586996,0.19391634980988592,0.0,0.8364541885478075,4.583444581741953,-0.1526443014361414,Banks—Regional,Financial Services,MVBF
2008Q1,2008,Q1,2008-03-31,2008-03-31,263000.0,569000.0,0.0,0.084591,569000.0,1.0,234065000.0,25374000.0,0.0,16825000.0,208691000.0,0.0,4265000.0,42129492.96,74870492.96000001,8.203134092502024,0.0,0.16315553371926603,1.50504453377473,0.0,8.203134092502024,0.010364940490265626,74.0412881546573,40.047046539923954,1.6603410167888388,0.0,0.0,0.0,0.0024309486681050136,0.8248439821693908,0.00112361950740179,-42.51210187689203,1.0,-0.2436698183090909,-0.0032486021840837497,0.9368863739949985,0.0,-0.11370716510903427,-0.20303030303030303,0.0,-0.4817639690784797,0.3531756333816804,0.37006376695372706,Banks—Regional,Financial Services,MVBF
2007Q4,2007,Q4,2007-12-31,2007-12-31,330000.0,642000.0,0.0,0.11184400946539241,642000.0,1.0,230098000.0,23525000.0,0.0,19817000.0,206573000.0,0.0,4140000.0,40186327.559999995,82294327.56,7.973122189919263,0.0,0.20653808377300106,2.0201487778958556,0.0,7.973122189919263,0.014027630180658874,62.595525794392515,30.444187545454543,1.7082392161530284,0.0,0.0,0.0,0.0027901155159975313,0.705959529696725,0.001434171526914619,29.90054133928571,1.0,-0.16752380357874214,-0.28010060631607553,0.4836681236039638,0.5209840784627536,0.10120068610634649,-0.20481927710843373,0.0,-0.4813147225631351,0.3262176288541554,0.3464054468174188,Banks—Regional,Financial Services,MVBF
2007Q3,2007,Q3,2007-11-14,2007-09-30,415000.0,583000.0,0.0,0.134351,583000.0,1.0,217862000.0,22683000.0,0.0,20481000.0,195179000.0,0.0,3820000.0,40186327.559999995,73266327.56,7.68775050516211,0.0,0.16826706814405448,1.6161442489970463,0.0,7.68775050516211,0.018295639906537937,68.93023595197255,24.20863106024096,1.7716495860335932,0.0,0.0,0.0,0.002676005911999339,0.6060250964308384,0.0019048755634300612,-71.63338245989304,1.0,0.42105708513586404,-0.10622935365714689,0.6483953342155561,0.0,0.1233140655105973,0.4874551971326165,0.0,-0.2656080353476556,0.24499056888010354,0.3314912815308025,Banks—Regional,Financial Services,MVBF
2007Q2,2007,Q2,2007-08-13,2007-06-30,279000.0,519000.0,0.0,0.094543,519000.0,1.0,204014000.0,22108000.0,0.0,18782000.0,181906000.0,0.0,3401000.0,40177406.46,65107406.46,7.4945345289965735,0.0,0.14936720029017617,1.3783698208793198,0.0,7.4945345289965735,0.012619866111814728,77.413114566474,36.0012602688172,1.817324337796273,0.0,0.0,0.0,0.002543943062730989,0.6939090618677457,0.0013675532071328437,-29.563948830022074,1.0,0.1176484495986571,-0.2689457475145957,-0.10054844554092929,0.0,0.12095032397408208,0.08139534883720931,0.0,-0.36641969816663167,0.016360230395698824,0.43114002314787814,Banks—Regional,Financial Services,MVBF
2007Q1,2007,Q1,2007-03-31,2007-03-31,258000.0,463000.0,0.0,0.084591,463000.0,1.0,192433000.0,21920000.0,0.0,15364000.0,170513000.0,0.0,3117000.0,40177406.46,61432406.46,7.430803187787448,0.0,0.13446238431038335,1.1804288321167884,0.0,7.430803187787448,0.01177007299270073,86.77625585313176,38.93159540697675,1.8329108786496349,0.0,0.0,0.0,0.0024060322293993235,0.7311897943243947,0.0013407263826890397,38.44727890909091,1.0,-0.23220445275999996,0.025309885191987923,0.6526359743212794,0.0,-0.10617760617760617,-0.20615384615384616,0.0,-0.38481416037985905,0.22605900007518534,0.3994821796962627,Banks—Regional,Financial Services,MVBF
