Quarters,Year,Quarter,FillingDate,Date,NetIncome,Revenue,OperatingIncome,EPSDiluted,GrossProfit,GrossProfitRatio,TotalAssets,CommonStockEquity,CurrentAssets,CurrentLiability,TotalLiability,Inventory,RetainedEarnings,MarketCap,EnterpriseValue,bookValuePerShare,currentRatio,debtToAssets,debtToEquity,roic,shareholdersEquityPerShare,roe,priceToSalesRatio,peRatio,pbRatio,payoutRatio,inventoryTurnover,dividendYield,assetTurnover,quickRatio,returnOnAssets,priceToFreeCashFlowsRatio,grossProfitMargin,epsdilutedGrowth,fiveYNetIncomeGrowthPerShare,fiveYRevenueGrowthPerShare,fiveYShareholdersEquityGrowthPerShare,grossProfitGrowth,netIncomeGrowth,operatingIncomeGrowth,threeYNetIncomeGrowthPerShare,threeYRevenueGrowthPerShare,threeYShareholdersEquityGrowthPerShare,Industry,Sector,Symbol
2023Q1,2023,Q1,2023-04-26,2023-03-31,118518000.0,426779000.0,388386000.0,0.47,300457000.0,0.7040107409,29453901000.0,1827095000.0,5384573000.0,0.0,5513976000.0,0.0,3250478000.0,2992147830.0,4789744830.0,7.565704749955486,0.0,0.18720698490838275,3.0178923372895223,0.0402313800513956,7.565704749955486,0.06486690620903675,7.011000611557738,6.311589442110059,1.6376531214851993,0.25901550819284835,0.0,0.010259519831277854,0.014489727523698813,0.0,0.004023847299547859,336.65029590459045,0.7040107409221166,2.5161290322580645,0.6868214770007416,1.2154970138861256,0.25799340710791957,0.41415486858950223,2.5383357345897744,2.676713936800651,-0.4447179681910943,0.04618996349564506,0.4620129873083294,Credit Services,Financial Services,SLM
2022Q4,2022,Q4,2023-02-23,2022-12-31,-77043000.0,340788000.0,105634000.0,-0.31,212464000.0,0.6234491825,28811029000.0,1726970000.0,6254137000.0,0.0,27084059000.0,0.0,3163640000.0,4060609000.0000005,4679606000.0,7.059951352124767,0.0,0.18170520740512253,3.031386764101287,0.012109127474714832,7.059951352124767,-0.044611660885828935,11.915352066387316,-13.176437184429474,2.351290989420778,-0.3920927274379243,0.0,0.007439278196940409,0.011828386969448402,0.0,-0.0026740801239691927,-4640.696000000001,0.6234491824829512,-2.0689655172413794,-3.894597368091188,1.095574459002831,0.2325958935093447,-0.3571145437765708,-2.024889586548183,-0.057377926898914904,-1.9388301285714438,0.41359569499759646,-0.10180266703654343,Credit Services,Financial Services,SLM
2022Q3,2022,Q3,2022-10-26,2022-09-30,75172000.0,464613000.0,112064000.0,0.29,330485000.0,0.7113124256,29139088000.0,1982228000.0,6428687000.0,0.0,27156860000.0,0.0,3270896000.0,3515211340.0,4190768340.0,7.888962294938432,0.0,0.18951557440644676,2.785911106088704,0.010719045916560812,7.888962294938432,0.037922983632558915,7.565891053414347,11.690560780609802,1.7733637805540028,0.40139945724471876,0.0,0.00858383666912044,0.015944665117865048,0.0,0.0025797650221585523,1043.7088301662707,0.7113124256101314,-0.7751937984496123,0.6911964492878103,1.7701192912078378,0.4062890298476489,8.19418556127417,-0.7802457370210452,-0.7687213259559047,-0.012175779768703007,0.8571578861439371,0.05119595054048693,Credit Services,Financial Services,SLM
2022Q2,2022,Q2,2022-07-27,2022-06-30,342073000.0,158030000.0,484541000.0,1.29,35945000.0,0.227456812,27498773000.0,1976810000.0,5115041000.0,0.0,25521963000.0,0.0,3225610000.0,4165648020.0,5735307020.0,7.564333627976566,0.0,0.1898015595095825,2.6402689181054324,0.0504701731433017,7.564333627976566,0.17304293280588423,26.359855850155032,3.044414510937724,2.1072576625978217,0.08723284211264846,0.0,0.007163351261732382,0.005746801866396003,0.0,0.012439573212957538,-69.09466104927931,0.22745681199772194,1.8043478260869565,6.993543663372394,-0.05827084888665192,0.395417333799639,-0.8893918320122102,1.6555988572493245,0.14708695343386757,2.739130801271334,-0.3763796459448221,0.048392224477749296,Credit Services,Financial Services,SLM
2022Q1,2022,Q1,2022-04-27,2022-03-31,128812000.0,396957000.0,422410000.0,0.46,324976000.0,0.8186680169,29051829000.0,2044207000.0,4775777000.0,0.0,27007622000.0,0.0,2913544000.0,5085297720.0,7375199720.0,7.380421479039776,0.0,0.19112383595538857,2.7162107359968926,0.0431040340250695,7.380421479039776,0.06301318799906272,12.810701713283807,9.869611759773933,2.4876628051855803,0.2466229854361395,0.0,0.0062470285417232175,0.01366375246116174,0.0,0.004433868862438919,80.9915544371536,0.8186680169388624,-0.5619047619047619,1.105755864992264,1.2482148537453461,0.302797935926365,-0.4001332725423491,-0.5794099880822163,-0.15689319303175947,0.2776152151470684,0.4885005046486379,0.052437572093447286,Credit Services,Financial Services,SLM
2021Q4,2021,Q4,2022-02-24,2021-12-31,306265000.0,599642000.0,501016000.0,1.05,541747000.0,0.9034507256,29221899000.0,2149711000.0,5817313000.0,0.0,27072188000.0,0.0,2817134000.0,5661576760.000001,7257963760.000001,7.46873479994997,0.0,0.20296387993128032,2.758970857012873,0.04632287662421183,7.46873479994997,0.14246798755739726,9.441594751535083,4.621468956622533,2.633645527235987,0.10623153151682367,0.0,0.00574663232155842,0.02052029541269717,0.0,0.010480667255745426,124.15193982720058,0.9034507255996078,3.3750000000000004,5.489100201443075,2.5026937591534315,0.36313929557129343,0.0,3.2046265788028556,0.0,2.1420340703808063,1.294195534292837,0.09440053493273604,Credit Services,Financial Services,SLM
2021Q3,2021,Q3,2021-10-20,2021-09-30,72840000.0,357552000.0,0.0,0.24,0.0,0.0,28791139000.0,2131261000.0,4157690000.0,199583000.0,26659878000.0,0.0,2543411000.0,5278064000.0,7979643000.0,7.106809163359898,20.831884479139006,0.18822912841343303,2.5427814800721262,0.0,7.106809163359898,0.03417694970254699,14.761668232872422,18.115266337177378,2.4764981858158155,0.1386600768808347,0.0,0.001913580434037935,0.012418820943485424,34.86715802448104,0.0025299450640004204,62.23471565517811,0.0,-0.4545454545454546,0.8252474299530824,1.0727110163304912,0.3464336941617135,0.0,-0.4804601964322651,0.0,0.018217648440713115,0.9159890838620466,0.08958554985591773,Credit Services,Financial Services,SLM
2021Q2,2021,Q2,2021-07-21,2021-06-30,140201000.0,342552000.0,0.0,0.44,0.0,0.0,28925175000.0,2303378000.0,0.0,199379000.0,26621797000.0,0.0,2480672000.0,6537112020.0,7228241020.0,7.378294141577216,0.0,0.17937450680937972,2.252534755476522,0.0,7.378294141577216,0.06086756060012729,19.083561094373994,11.65667866135049,2.8380543792638466,0.0745786406659011,0.0,0.0015994830695894972,0.011842694123717488,41.403638296911915,0.004847023397438391,-28.96564689722401,0.0,-0.7485714285714286,2.3596403116660234,1.0542015011991102,0.437237080398267,0.0,-0.7813483009386984,-1.0,0.7794626756044601,0.37026745596810845,0.17672713714819857,Credit Services,Financial Services,SLM
2021Q1,2021,Q1,2021-04-21,2021-03-31,641207000.0,744541000.0,844732000.0,1.75,0.0,0.0,30628005000.0,2608464000.0,6376656000.0,0.0,28019541000.0,0.0,2350986000.0,6487924740.0,5199593740.0,7.224821488912648,0.0,0.16059387478877582,1.8856576130627067,0.08518607480616128,7.224821488912648,0.24581784529132852,8.713992567232697,2.5295749812463058,2.4872586855712786,0.018881578023945467,0.0,0.0018660820655573757,0.024309157583068175,0.0,0.02093531720397721,141.80636343766392,0.0,0.5486725663716816,10.50792515634945,2.820595072070531,0.43932307844302837,0.0,0.48187427779061703,0.0,5.104316969124106,1.5852988891588464,0.20131277930680666,Credit Services,Financial Services,SLM
2020Q4,2020,Q4,2021-02-25,2020-12-31,432700000.0,367469000.0,0.0,1.13,0.0,0.0,30770423000.0,2562835000.0,0.0,0.0,28207588000.0,0.0,1722365000.0,4647736800.0,5381661800.0,6.832040413734272,0.0,0.16864301800465986,2.024795587698779,0.0,6.832040413734272,0.16883646430612972,12.64796976071451,2.6853113011324243,1.8135138625779654,0.030016177490177952,0.0,0.002794478379240408,0.011942279766514748,0.0,0.01406220512470693,175.50550562646325,0.0,1.5111111111111108,4.4710666634574245,0.6065233375818756,0.38880564005999146,0.0,1.5299950885235165,0.0,9.601192914241457,0.4735075839099469,0.19280495547951826,Credit Services,Financial Services,SLM
2020Q3,2020,Q3,2020-10-21,2020-09-30,171028000.0,374194000.0,0.0,0.45,0.0,0.0,30642421000.0,2200446000.0,28247405000.0,0.0,28441975000.0,0.0,1302654000.0,3034510460.0,3631112460.0,5.866385492703162,0.0,0.16146397179256822,2.2484746274164418,0.0,5.866385492703162,0.0777242431761561,8.109457821344009,4.435692488949178,1.3790433666629403,0.07782936127417733,0.0,0.004386539501333602,0.012211633016855947,0.0,0.00558141277414079,-20.64208576520686,0.0,2.956521739130435,3.248267473857311,1.2929420589630556,0.25126377522032295,0.0,3.007111757871636,0.0,1.5775006237720954,0.49450558669311406,0.0457438196325206,Credit Services,Financial Services,SLM
2020Q2,2020,Q2,2020-07-22,2020-06-30,-85211000.0,377569000.0,0.0,-0.23,0.0,0.0,7131003000.0,2016919000.0,4988961000.0,23945424000.0,28395191000.0,0.0,1133269000.0,2636313270.0,4132328270.0,5.37832158694858,0.2083471564337303,0.6240029628370651,2.2062199820617487,0.0,5.37832158694858,-0.04224810217961158,6.982335069881267,-7.734662396873643,1.3070992290716683,-0.16109422492401215,0.0,0.005206892578437767,0.0529475306629376,0.36690730554614526,-0.011949370937019659,-12.763003645447547,0.0,-1.264367816091954,-2.0627414851510033,0.6635058329754192,0.1668119782022111,0.0,-1.23527706372369,0.0,-2.3876143437620203,0.5679614001985517,-0.007843448176360507,Credit Services,Financial Services,SLM
2020Q1,2020,Q1,2020-04-22,2020-03-31,362173000.0,692210000.0,0.0,0.87,0.0,0.0,31760895000.0,2120583000.0,7292929000.0,24932276000.0,29640312000.0,0.0,1243722000.0,2946361340.0,987410340.0,5.174854680247739,0.2925095566886874,0.14823373207839388,2.220161153795914,0.0,5.174854680247739,0.1707893536824543,4.256455902110631,2.033807972985286,1.389410996881518,0.04434068801373929,0.0,0.005450451640802482,0.021794411020218417,0.3816077601579575,0.011403110649117414,20.402186353123657,0.0,1.71875,6.864184726781024,2.9337802293207353,0.177093048940753,0.0,1.5622064067010017,0.0,3.001790566801743,1.6498348473946034,-0.08653048944532919,Credit Services,Financial Services,SLM
2019Q4,2019,Q4,2020-02-28,2019-12-31,141352000.0,415255000.0,0.0,0.32,0.0,0.0,32686479000.0,3311836000.0,5563877000.0,25020606000.0,29374643000.0,0.0,1850512000.0,3754192860.0,2833582860.0,7.860133951669175,0.22237179227393614,0.142054670373031,1.4020220204140543,0.0,7.860133951669175,0.042680857385450244,9.040692730972536,6.639794378572641,1.1335684677622926,0.11682890938932594,0.0,0.004398815035837024,0.012704182668313708,0.30217785292650384,0.004324479244154747,60.786801489637305,0.0,0.10344827586206906,6.202713875846367,1.5596679068397048,0.8182882913653502,0.0,0.10037521991623721,0.0,1.045894497497067,0.6569872229433557,0.4345746294333678,Credit Services,Financial Services,SLM
2019Q3,2019,Q3,2019-10-23,2019-09-30,128458000.0,422306000.0,0.0,0.29,0.0,0.0,29108289000.0,3183132000.0,3851608000.0,23375195000.0,27977083000.0,0.0,1725674000.0,3743114924.9999995,4791194925.0,7.504749510195709,0.1647732992173969,0.16832621113525428,1.5392663577884926,0.0,7.504749510195709,0.040355850778415726,8.863513483114138,7.284705750128445,1.1759219928674023,0.1308910305313799,0.0,0.004491980699737666,0.014508101111679907,0.2551851653002253,0.004413107208053348,-260.71706658772723,0.0,-0.14705882352941188,0.5451600126623949,0.7549134473436594,0.7460696370843886,0.0,-0.14519187899678593,0.0,1.2759174272931322,0.7308934424718271,0.4218262196861815,Credit Services,Financial Services,SLM
2019Q2,2019,Q2,2019-07-24,2019-06-30,150277000.0,416259000.0,0.0,0.34,0.0,0.0,27852067000.0,3097316000.0,3998514000.0,21625147000.0,26487910000.0,0.0,1600855000.0,4146825480.0,5342615480.0,7.2151752477415565,0.18490112460275993,0.1745925356276071,1.5699925354726478,0.0,7.2151752477415565,0.048518459207907746,9.962128098131211,6.898636318265602,1.3388448191918423,0.11402277128236524,0.0,0.004132076472145145,0.014945353966009057,0.271169809851466,0.005395542097468026,-51.99194423199889,0.0,-0.02857142857142844,2.354128946687813,1.6930353195979726,0.7549763273135547,0.0,-0.05001611995777203,0.0,1.6188149212060174,0.8153099542955866,0.40546272737904143,Credit Services,Financial Services,SLM
2019Q1,2019,Q1,2019-04-17,2019-03-31,158189000.0,418422000.0,0.0,0.35,0.0,0.0,26106222000.0,3047534000.0,2156257000.0,20089685000.0,24566091000.0,0.0,1480718000.0,4384851660.0,6912907660.0,7.012692890048645,0.10733154850362263,0.17146893181250047,1.4688617091720715,0.0,7.012692890048645,0.05190721416069517,10.479495963405366,6.929767019198554,1.4388196029970461,0.1105513025558035,0.0,0.003988276310355274,0.016027673402915214,0.1845118029476321,0.006059436712060443,262.33034160933295,0.0,0.06060606060606049,-0.2865570139370939,-0.5584643555770885,-0.4618159195500782,0.0,0.07238055209067737,0.0,1.3586800911531574,0.7838194326810397,0.39706299099155357,Credit Services,Financial Services,SLM
2018Q4,2018,Q4,2019-02-28,2018-12-31,147512000.0,395551000.0,0.0,0.33,0.0,0.0,25269947000.0,2972656000.0,2559106000.0,19381213000.0,23665517000.0,0.0,1340017000.0,3619719660.0,5521162660.0,6.824498491687061,0.13204054875203117,0.169541471535338,1.4412377348741328,0.0,6.824498491687061,0.04962296343741086,9.151082060214739,6.134618980150767,1.2176718934178727,0.028465480774445467,0.0,0.0011600345867668657,0.015653020562330422,0.20680382595248295,0.005837447937662869,-350.03574702639975,0.0,0.43478260869565216,-0.459629035934039,-0.5493874190484076,-0.48034686258183834,0.0,0.42005044378983036,0.0,0.606233833513774,0.48924148295481634,0.3872725308800453,Credit Services,Financial Services,SLM
2018Q3,2018,Q3,2018-10-22,2018-09-30,103878000.0,270982000.0,0.0,0.23,0.0,0.0,24248787000.0,2840335000.0,1839054000.0,18319000000.0,22850848000.0,0.0,1196895000.0,4833694800.0,7699231800.0,6.522488449208668,0.10039052350019106,0.1869050604469411,1.5956642438303932,0.0,6.522488449208668,0.036572446560000846,17.837696968802355,11.633105181077802,1.7018044702473474,0.039700417797801264,0.0,0.0008531775733958214,0.011175074448053835,0.18333386101861454,0.004283843146463367,-374.5308228730823,0.0,-0.04166666666666659,-0.5966276073891855,-0.6848069314322313,-0.4903775047085747,0.0,-0.05421006628305048,0.0,1.2225527904170015,0.4302783844900016,0.39120648156163546,Credit Services,Financial Services,SLM
2018Q2,2018,Q2,2018-07-24,2018-06-30,109832000.0,348488000.0,0.0,0.24,0.0,0.0,22849870000.0,2728702000.0,2043789000.0,17243000000.0,21460474000.0,0.0,1096359000.0,4982891150.0,7334366150.0,6.270182703067877,0.11852862030969089,0.18455768019686764,1.5454670389071434,0.0,6.270182703067877,0.040250639314956344,14.298601816992264,11.34207505553937,1.826103088574714,0.03569087333381892,0.0,0.0007866918786696755,0.015251202742072494,0.20510149045989676,0.004806679425309641,-76.26562920901188,0.0,-0.14285714285714296,-0.795036940919786,-0.7271021692250338,-0.4906893009858386,0.0,-0.1300711264593597,0.0,0.18039304282622629,0.3230662873659602,0.36029877819313505,Credit Services,Financial Services,SLM
2018Q1,2018,Q1,2018-04-23,2018-03-31,126254000.0,346148000.0,0.0,0.28,0.0,0.0,22113759000.0,2609833000.0,1435649000.0,17052000000.0,20796489000.0,0.0,990447000.0,4864601920.0,7402411920.0,6.014105246663226,0.08419241144733755,0.16932195923813767,1.4347067417723662,0.0,6.014105246663226,0.04837627541685617,14.053531784092353,9.632569898775484,1.863951417581125,0.026906078223264213,0.0,0.0006983099657206893,0.015653060160418678,0.16991871921182267,0.005709296189761315,-343.593863540048,0.0,1.8,-0.6227162149070561,-0.6661386584393284,-0.475828658222601,0.0,1.6860838669872136,0.0,1.588798241632544,0.8575883283607453,0.3679923242031003,Credit Services,Financial Services,SLM
2017Q4,2017,Q4,2018-02-23,2017-12-31,47003000.0,287185000.0,0.0,0.1,0.0,0.0,19135511000.0,2474256000.0,101836000.0,16030000000.0,19305328000.0,0.0,868182000.0,4881374000.0,6866393000.0,5.727709616185934,0.006352838427947598,0.171161878039212,1.3237393382091425,0.0,5.727709616185934,0.01899682167083762,16.997315319393422,25.963098100121268,1.972865378521867,0.06674042082420271,0.0,0.000642646926869361,0.015007960853514704,0.18177916406737368,0.0024563232202160683,-107.06880744006493,0.0,-0.411764705882353,-0.8597110447214124,-0.7255840468609317,-0.4921081284633402,0.0,-0.3845438713647851,0.0,1.3361193058029277,0.7266556758159206,0.3249936191278218,Credit Services,Financial Services,SLM
2017Q3,2017,Q3,2017-10-18,2017-09-30,76371000.0,288177000.0,0.0,0.17,0.0,0.0,18582747000.0,2421840000.0,66625000.0,15855000000.0,18594330000.0,0.0,824316000.0,4951805460.0,6742703460.0,5.609773046294109,0.004202144433932514,0.16352060327786844,1.2546914742509827,0.0,5.609773046294109,0.03153428797938757,17.18320844480996,16.209704796323212,2.0446459964324646,0.03964855769860287,0.0,0.0006114941357167129,0.015507771805750786,0.17121059602649005,0.004109779894221236,-315.50210003185725,0.0,0.13333333333333347,-0.5568085446439476,-0.6128100845660128,-0.465141071901918,0.0,0.08148179616806152,0.0,-0.09747534931049558,0.1765382662684005,0.3051807223893744,Credit Services,Financial Services,SLM
2017Q2,2017,Q2,2017-07-19,2017-06-30,70617000.0,276913000.0,0.0,0.15,0.0,0.0,17101845000.0,2337710000.0,62466000.0,14304000000.0,17175586000.0,0.0,750973000.0,4959317500.0,6742859500.0,5.420839661909124,0.004367030201342282,0.1679486043757267,1.2286515436046388,0.0,5.420839661909124,0.03020776743051961,17.909298227241045,17.557094962969256,2.1214425655876905,0.05627540110738208,0.0,0.0008013199396892819,0.016191995658947907,0.1892518875838926,0.004129203603470854,-48.61456383010009,0.0,-0.25000000000000006,-0.7272076264824988,-0.6708582721839618,-0.46523688491819815,0.0,-0.2562168880275534,0.0,0.5689570713754047,0.7833488933684369,0.3185328081657833,Credit Services,Financial Services,SLM
2017Q1,2017,Q1,2017-04-19,2017-03-31,94943000.0,274044000.0,0.0,0.2,0.0,0.0,17197714000.0,2435356000.0,94146000.0,13964000000.0,16801145000.0,0.0,684165000.0,5201681100.0,7178348100.0,5.665054630127171,0.006742050988255514,0.16498396240337523,1.16506457372146,0.0,5.665054630127171,0.038985265398570064,18.981189517011867,13.69685258523535,2.1359017326419627,0.05871944219163077,0.0,0.0010717688940984867,0.015934908558195585,0.17143841306215984,0.0055206755967682685,-1439.7124550235262,0.0,0.3333333333333335,0.004733905405880328,-0.5379690130799076,-0.4270583130209335,0.0,0.35165570456422085,0.0,-0.5671361389572692,-0.707667606390475,-0.5652394501490262,Credit Services,Financial Services,SLM
2016Q4,2016,Q4,2017-02-24,2016-12-31,70242000.0,254785000.0,0.0,0.15,0.0,0.0,15693218000.0,2347058000.0,53717000.0,14018000000.0,16185945000.0,0.0,595322000.0,4720615360.0,5178404360.0,5.4790693982743806,0.003832001712084463,0.13814751059980176,0.9237006499200275,0.0,5.4790693982743806,0.029927679673872568,18.527838609023295,16.8012562284673,2.0112904580969024,0.07838615073602688,0.0,0.001166373360273098,0.01623535720971951,0.22492752175774006,0.004475946233589568,-76.68814347910845,0.0,0.25,-0.8376286263514451,-0.7750680030809881,-0.4712170292720128,0.0,0.2330729395242693,0.0,-0.7383514004973766,-0.7048576204489052,-0.5827948960039596,Credit Services,Financial Services,SLM
2016Q3,2016,Q3,2016-10-19,2016-09-30,56965000.0,246241000.0,0.0,0.12,0.0,0.0,15310108000.0,2259496000.0,38256000.0,13908000000.0,15486117000.0,0.0,530594000.0,3197735190.0,3670486190.0,5.278246670575621,0.0027506471095772216,0.12590956249296217,0.8531499945120504,0.0,5.278246670575621,0.025211374572028454,12.986201282483421,14.033771570262441,1.4152426868646812,0.09332045993153691,0.0,0.001662426587612466,0.016083557346558235,0.1977497842968076,0.0037207444911557777,-97.77810634784736,0.0,0.0,2.4722843409708704,-0.4886880423641333,-0.42507577111451134,0.0,-0.0041954374617603355,0.0,-0.774977966104768,-0.7086393260195157,-0.5875940202931665,Credit Services,Financial Services,SLM
2016Q2,2016,Q2,2016-07-20,2016-06-30,57205000.0,228591000.0,0.0,0.12,0.0,0.0,13694651000.0,2196911000.0,34297000.0,12395000000.0,13433018000.0,0.0,478947000.0,2644681560.0,2846580560.0,5.133665309784971,0.0027670028237192414,0.07579813461474849,0.4724947892745769,0.0,5.133665309784971,0.02603883361683746,11.569491187317086,11.557912595052878,1.2038182520821281,0.09165282755003933,0.0,0.0019824692996309166,0.016691991639655512,0.1718354175070593,0.0041771783742426145,-44.90731440603138,0.0,-0.14285714285714296,12.833804607473548,-0.5057217786543153,-0.4868962807465046,0.0,-0.1321398771144656,0.0,-0.8914395352846305,-0.8179618620194052,-0.5830056648665042,Credit Services,Financial Services,SLM
2016Q1,2016,Q1,2016-04-20,2016-03-31,65915000.0,230537000.0,0.0,0.14,0.0,0.0,13556495000.0,2143925000.0,24612000.0,12622000000.0,13180848000.0,0.0,426986000.0,2716425960.0,2862958960.0,5.019596779291566,0.0019499286959277452,0.08003639583830481,0.5060871998787271,0.0,5.019596779291566,0.03074501206898562,11.7830368227226,10.302760980050065,1.2670340427020534,0.07796404460289767,0.0,0.0018918240642936573,0.017005649321598246,0.15687260339090478,0.004862244997692988,-56.8527827542905,0.0,-0.3,-0.5279243031942631,-0.6767760862353008,-0.48486610096318133,0.0,-0.26634759864210583,0.0,-0.799871846555456,-0.7740845760442963,-0.5625070278837262,Credit Services,Financial Services,SLM
2015Q4,2015,Q4,2016-02-26,2015-12-31,89845000.0,259844000.0,0.0,0.2,0.0,0.0,12065972000.0,2096323000.0,27980000.0,12539000000.0,13117775000.0,0.0,366609000.0,2778413240.0,1441470240.0,4.919363960416486,0.0022314379137092274,0.08944791186321334,0.514842416936703,0.0,4.919363960416486,0.04285837630937599,10.69262034143563,7.7311292782013465,1.3253745916063506,0.05552896655350882,0.0,0.0017956292203675217,0.021535272914606465,0.26813796953505065,0.007446146899727598,73.83702038321508,0.0,1.2222222222222223,-0.7678524017469037,-0.7822096314928448,-0.5164717915216569,0.0,0.9649418248622168,0.0,-0.7281644750228927,-0.7483049398430005,-0.5637863760471727,Credit Services,Financial Services,SLM
2015Q3,2015,Q3,2015-10-21,2015-09-30,45724000.0,185350000.0,0.0,0.09,0.0,0.0,12368985000.0,1997334000.0,25605000.0,11859000000.0,12453210000.0,0.0,281761000.0,3152540600.0,3174435600.0,4.68836835915769,0.0021591196559575007,0.10540007931127736,0.6527160705220059,0.0,4.68836835915769,0.02289251572345937,17.008581602373887,17.23679358761263,1.5783742729057835,0.10744904207855831,0.0,0.0015584256075877342,0.014985061425816265,0.1946089889535374,0.0036966654903373237,-70.1437477750089,0.0,-0.55,1.1051464160950188,-0.7069676613275726,-0.5029470210893927,0.0,-0.49762679089390877,0.0,-0.7311077375282383,-0.7476353624090194,-0.5529915997645198,Credit Services,Financial Services,SLM
2015Q2,2015,Q2,2015-07-22,2015-06-30,91016000.0,257645000.0,0.0,0.2,0.0,0.0,12138877000.0,1962173000.0,1278863000.0,0.0,10912788000.0,0.0,240967000.0,4201540559.9999995,13263677560.0,4.609415816278589,0.0,0.0,0.0,0.0,4.609415816278589,0.046385308532937715,16.307479516388828,11.54066471829129,2.1412691745325207,0.053507075679001495,0.0,0.0011590986521382053,0.021224780513057345,0.0,0.007497892926998107,-64.93177801474337,0.0,1.0,-0.6931438530982456,-0.7708345578892425,-0.5606635032079498,0.0,0.9081322459590347,0.0,-0.643816849487167,-0.6897627202862764,-0.545283440508116,Credit Services,Financial Services,SLM
2015Q1,2015,Q1,2015-04-22,2015-03-31,47699000.0,182253000.0,0.0,0.1,0.0,0.0,12221338000.0,1865913000.0,875622000.0,0.0,11067611000.0,0.0,154824000.0,3938691839.9999995,13531069840.0,4.396300432582205,0.0,0.0,0.0,0.0,4.396300432582205,0.02556335691964202,21.61112212144656,20.64347177089666,2.1108657477599437,0.1011132308853435,0.0,0.0012245182400459132,0.01491268795609777,0.0,0.00390292781363219,-205.34340441061465,0.0,2.3333333333333335,-0.7733694557519059,-0.8125772838907596,-0.5523354401104562,0.0,1.4191814170512755,0.0,-0.4887283546243835,-0.6887711721688153,-0.5553751992231177,Credit Services,Financial Services,SLM
2014Q4,2014,Q4,2015-02-26,2014-12-31,19717000.0,162992000.0,0.0,0.03,0.0,0.0,12333612000.0,1829958000.0,2359780000.0,0.0,11142285000.0,0.0,113066000.0,4313681750.0,12494901750.0,4.322820527963149,0.0,0.0,0.0,0.0,4.322820527963149,0.010774564224971283,26.465604140080494,54.6949554952579,2.357257243062409,0.24623421412993862,0.0,0.001125488684926745,0.013215268973922643,0.0,0.0015986395550630261,-21.725812259822412,0.0,-0.8333333333333334,-0.9277610173353928,-0.8579589872620652,-0.6073558000759891,0.0,-0.7622337988085763,0.0,-0.9538792314085108,-0.8543914841726078,-0.5828061821191391,Credit Services,Financial Services,SLM
2014Q3,2014,Q3,2014-10-22,2014-09-30,82926000.0,240035000.0,0.0,0.18,0.0,0.0,11107537000.0,1818428000.0,1570378000.0,0.0,9896524000.0,0.0,98210000.0,3621556240.0,11224178240.0,4.298081445781993,0.0,0.0,0.0,0.0,4.298081445781993,0.04560312533682939,15.087617389130752,10.918036080360803,1.9915862712188772,0.058485878976436825,0.0,0.0013392032812943422,0.02161010132129202,0.0,0.007465741505069936,-569.069176618479,0.0,1.0,-0.42066698071348113,-0.6957678779643977,-0.5948497795914235,0.0,0.8792150108774475,0.0,3.1685764335648194,-0.49568651612477943,-0.5318386359852039,Credit Services,Financial Services,SLM
2014Q2,2014,Q2,2014-07-24,2014-06-30,44128000.0,152238000.0,0.0,0.09,0.0,0.0,10776479000.0,1738264000.0,1524176000.0,0.0,9641075000.0,0.0,20167000.0,3513509550.0,10879333550.0,4.111266423055546,0.0,0.0,0.0,0.0,4.111266423055546,0.025386247428468862,23.079057462657154,19.9052163592277,2.0212749904502423,1.490482233502538,0.0,0.018719744194234507,0.014126877619304042,0.0,0.004094843965269175,-4.44828000729245,0.0,-0.859375,1.3969983487229627,-0.6079036308229503,-0.6044271657137916,0.0,-0.7985022831050228,0.0,10.239520773729128,-0.6668190094386558,-0.5890838289572535,Credit Services,Financial Services,SLM
2014Q1,2014,Q1,2014-05-12,2014-03-31,219000000.0,936000000.0,0.0,0.64,0.0,0.0,153685000000.0,5593000000.0,3794000000.0,14702000000.0,150874000000.0,0.0,2733000000.0,10507569225.12,148591569225.12,13.030286745356785,0.25806012787375865,0.922835670364707,25.357768639370644,0.0,13.030286745356785,0.03915608796710173,11.226035496923078,11.994942037808219,1.8787000223708208,0.3150684931506849,0.0,0.006566694781800212,0.006090379672707161,0.5408107740443477,0.0014249926798321241,18.830769220645163,0.0,0.021218186468401592,12.283984308823229,1.0205904637690888,0.22526237581475994,0.0,-0.18587360594795538,0.0,0.5607071193139012,0.3058359064855882,0.33722741324468597,Credit Services,Financial Services,SLM
2013Q4,2013,Q4,2014-02-19,2013-12-31,269000000.0,865000000.0,0.0,0.6267025092975103,0.0,0.0,154950000000.0,5637000000.0,3650000000.0,13795000000.0,153901000000.0,0.0,2584000000.0,11280184609.32,150357184609.32,13.132795705985375,0.26458861906487857,0.931055179090029,25.59286854709952,0.0,13.132795705985375,0.04772041866240908,13.040675848924856,10.483442945464684,2.001097145524215,0.26022304832713755,0.0,0.006205572198008539,0.005582445950306551,0.6988039144617615,0.0017360438851242337,19.859479945985914,0.0,0.0994780864868602,2.3539538437672665,3.2788585442789957,0.22602217884881123,0.0,0.03461538461538462,0.0,-0.3099493653815755,-0.2802188285912184,0.2908329676606346,Credit Services,Financial Services,SLM
2013Q3,2013,Q3,2013-10-28,2013-09-30,260000000.0,868000000.0,0.0,0.57,0.0,0.0,158365000000.0,5627000000.0,4287000000.0,18999000000.0,155938000000.0,0.0,2385000000.0,10947413782.8,153363413782.8,12.79866667871247,0.22564345491867993,0.9266252012755344,26.078727563532965,0.0,12.79866667871247,0.04620579349564599,12.612227860368662,10.526359406538461,1.9455151559978674,0.2692307692307692,0.0,0.006394204274070677,0.005481009061345626,0.4630770040528449,0.0016417769077763395,22.90253929456067,0.0,-0.525,2.7406326109305006,2.0430327817364473,0.11694559747528942,0.0,-0.5211786372007366,0.0,1.5793491690934973,0.3297177563713249,0.3568932539850359,Credit Services,Financial Services,SLM
2013Q2,2013,Q2,2013-08-05,2013-06-30,543000000.0,1294000000.0,0.0,1.2,0.0,0.0,159176000000.0,5429000000.0,4109000000.0,20160000000.0,156034000000.0,0.0,2195000000.0,10142622961.0,157037622961.0,12.311115229278807,0.20381944444444444,0.9437478011760567,27.670289187695708,0.0,12.311115229278807,0.10001841959845276,7.838193942040186,4.669715912062615,1.8682304219930006,0.13075506445672191,0.0,0.007000161622196379,0.008129366236115997,0.3842757936507937,0.003411318289189325,23.86499520235294,0.0,0.6216216216216216,1.1623068801220897,0.4187122094061323,0.037934138914393845,0.0,0.569364161849711,0.0,0.7672006974170856,0.11104243600998416,0.17340731494285985,Credit Services,Financial Services,SLM
2013Q1,2013,Q1,2013-05-03,2013-03-31,346000000.0,1072000000.0,0.0,0.74,0.0,0.0,172094000000.0,5148000000.0,4828000000.0,21051000000.0,168932000000.0,0.0,1723000000.0,9014065798.99,170734065798.99,11.473548374983936,0.22934777445252008,0.9611317070903111,32.12995337995338,0.0,11.473548374983936,0.06721056721056722,8.408643469207089,6.513053322969654,1.75098403243784,0.21098265895953758,0.0,0.008098454307730863,0.006229153834532291,0.392855446297088,0.0020105291294292655,17.039821926257087,0.0,-0.0459013904022988,4.46614990597755,2.2099653477843697,0.027871840668704493,0.0,-0.005747126436781609,0.0,0.5550648547091911,0.042810911520060974,0.1683234716153654,Credit Services,Financial Services,SLM
2012Q4,2012,Q4,2013-02-26,2012-12-31,348000000.0,1087000000.0,0.0,0.7756011722017113,0.0,0.0,179142000000.0,5060000000.0,5011000000.0,23799000000.0,176194000000.0,0.0,1451000000.0,7685960534.429999,176989960534.43,11.27741934293293,0.21055506533887977,0.9668531109399248,34.2300395256917,0.0,11.27741934293293,0.06877470355731226,7.0708008596412135,5.521523372435345,1.5189645324960472,0.1781609195402299,0.0,0.008066656044129426,0.006067812126692791,0.3658977267952435,0.0019425930267608937,9.52411466472119,0.0,0.9887209543633623,1.1461569435630368,-0.8730838215776329,-0.3347076972557737,0.0,0.851063829787234,0.0,0.20293776298517904,-0.10626216137548636,0.024334289723538835,Credit Services,Financial Services,SLM
2012Q3,2012,Q3,2012-11-02,2012-09-30,188000000.0,812000000.0,0.0,0.39,0.0,0.0,183947000000.0,4940000000.0,6331000000.0,24477000000.0,179257000000.0,0.0,1165000000.0,7526580000.0,179686580000.0,10.488322717622081,0.2586509784695837,0.952682022539101,35.474291497975706,0.0,10.488322717622081,0.03805668016194332,9.269187192118226,10.00875,1.5235991902834007,0.32978723404255317,0.0,0.008237473062134461,0.004414314992905565,0.12595497814274625,0.0010220335205249338,9.361417910447761,0.0,-0.33898305084745756,1.4794825007522652,1.9754119868956428,-0.13407763863302416,0.0,-0.3561643835616438,0.0,0.17976627154150052,-0.07554221033437505,-0.01133882306231164,Credit Services,Financial Services,SLM
2012Q2,2012,Q2,2012-08-03,2012-06-30,292000000.0,949000000.0,0.0,0.59,0.0,0.0,7184000000.0,4931000000.0,6717000000.0,28672000000.0,184141000000.0,0.0,1040000000.0,7641983051.38,184590983051.38,10.136898953997429,0.23427036830357142,25.051364142538976,36.497465017237886,0.0,10.136898953997429,0.059217197323058204,8.052669179536354,6.542793708373288,1.5497836242912189,0.2226027397260274,0.0,0.008505645663302303,0.13209910913140313,0.10532924107142858,0.04064587973273942,16.25953840719149,0.0,1.8095238095238095,-0.7441860056314032,-0.5036604548471212,-0.21932742124988452,0.0,1.6071428571428572,0.0,3.283323974646566,1.1244484274460973,-0.024660180712523985,Credit Services,Financial Services,SLM
2012Q1,2012,Q1,2012-05-04,2012-03-31,112000000.0,703000000.0,0.0,0.21,0.0,0.0,6355000000.0,5038000000.0,5884000000.0,31066000000.0,186647000000.0,0.0,814000000.0,8030095245.599999,187698095245.6,9.887663542161063,0.18940320607738365,28.7507474429583,36.266574037316396,0.0,9.887663542161063,0.0222310440651052,11.422610591180653,17.924319744642858,1.593905368320762,0.6071428571428571,0.0,0.008468143642164125,0.11062155782848151,0.09795274576707655,0.017623918174665618,14.46864008216216,0.0,-0.787878787878788,-0.22212969093336496,-0.3925944818007872,-0.07141246185670584,0.0,-0.7808219178082192,0.0,5.861415534583417,0.2784511504644079,-0.07024439602280404,Credit Services,Financial Services,SLM
2011Q4,2011,Q4,2012-02-27,2011-12-31,511000000.0,1338000000.0,0.0,0.99,0.0,0.0,6351000000.0,5243000000.0,5873000000.0,33709000000.0,188094000000.0,0.0,770000000.0,6780400000.0,190469400000.0,10.361660079051383,0.17422646770892047,29.36277751535191,35.56799542246805,0.0,10.361660079051383,0.09746328437917223,5.067563527653213,3.3172211350293543,1.293229067327866,0.1095890410958904,0.0,0.008259099758126364,0.21067548417572035,0.24020291316859,0.08045977011494253,6.7332671300893745,0.0,10.9,21.92745982209618,1.263446537887888,-0.023161529431762227,0.0,11.872340425531915,0.0,3.18178930837697,4.614463525950648,-0.032679305228242826,Credit Services,Financial Services,SLM
2011Q3,2011,Q3,2011-11-04,2011-09-30,-47000000.0,585000000.0,0.0,-0.1,0.0,0.0,6331000000.0,4774000000.0,5847000000.0,35960000000.0,192762000000.0,0.0,315000000.0,2313795640.0,187345795640.0,9.180769230769231,0.16259733036707452,29.78281472121308,39.49622957687474,0.0,9.180769230769231,-0.009844993715961458,3.9552062222222224,-12.307423617021279,0.4846660326770004,-1.1875957446808512,0.0,0.024123565208204818,0.09240246406570841,0.09796996662958843,-0.007423787711262044,3.2733296834039978,0.0,-8.277620396600566,-1.1406630130891153,-0.5476892144711761,-0.16402214006696592,0.0,-7.3215297450424925,0.0,0.7339639637016971,0.7340100676128725,-0.19878999655486976,Credit Services,Financial Services,SLM
2011Q2,2011,Q2,2011-08-05,2011-06-30,-5648000.0,540347000.0,0.0,-0.010778625954198474,0.0,0.0,200356599000.0,5002561000.0,6074901000000.0,34589000000.0,195345360000.0,0.0,417702000.0,3003931500.0,190390167500.0,10.005122,175.63100985862556,0.9559503952250656,38.286583611874,0.0,10.005122,-0.0011290217150775373,5.559263769392631,-132.9643900495751,0.6004787347920395,-9.969015580736544,0.0,0.018743769623242073,0.002696926393724621,0.11982809563734136,-2.8189737838382854e-05,4.938905951484501,0.0,-1.0336832061068704,-1.0064138040559398,-0.7021254345974638,-0.05690511014485174,0.0,-1.0323308184597066,0.0,-1.0198364809585452,-0.4775012983021802,-0.15648115589835168,Credit Services,Financial Services,SLM
2011Q1,2011,Q1,2011-05-06,2011-03-31,174694000.0,892365000.0,0.0,0.32,0.0,0.0,203354808000.0,5207087000.0,6393243000000.0,36262000000.0,198147721000.0,0.0,479655000.0,2922065100.0,193253754100.0,9.744256374269005,176.30696045447024,0.9549966726137107,37.295932447450944,0.0,9.744256374269005,0.03354927620759937,3.2745178262258157,4.181690699165397,0.5611707851241972,0.022198816215783027,0.0,0.0013271436012839003,0.004388216874616508,0.1067639953670509,0.00085906009166009,3.8502990437714697,0.0,-0.6190476190476191,-0.11010667144066345,0.023421796214179683,0.07091560723706594,0.0,-0.6095097804730302,0.0,2.469413030450325,1.2435861071707142,-0.12704889472506697,Credit Services,Financial Services,SLM
2010Q4,2010,Q4,2011-02-28,2010-12-31,447371000.0,1379152000.0,0.0,0.84,0.0,0.0,205307049000.0,5011578000.0,6254493000000.0,36752000000.0,200295471000.0,0.0,308839000.0,2216488144.656,199498682144.656,10.17389238964498,170.18102416195038,0.982063314348257,40.23174357457871,0.0,10.17389238964498,0.08926749219507309,1.6071384043644212,1.238618587624142,0.44227350041364216,0.035690735429878113,0.0,0.007203738056752876,0.006717509246358122,0.2525727851545494,0.0021790338041437632,1.1308162964208568,0.0,1.792452830188679,-0.13048696355645004,0.14410124431252053,0.10737019508410206,0.0,1.903779797979798,0.0,1.1711439178414054,-0.8533260429197324,-0.39980840563311465,Credit Services,Financial Services,SLM
2010Q3,2010,Q3,2010-11-08,2010-09-30,-495000000.0,720000000.0,0.0,-1.06,0.0,0.0,6325766000.0,4574077000.0,5837546000.0,48529000000.0,201532697000.0,0.0,-122565000.0,2001791076.264,194518158076.264,9.432331276704554,0.12028984730779534,31.362583914738547,43.3732022875872,0.0,9.432331276704554,-0.1082185542569572,2.7802653836999998,-1.0110055940727272,0.43763825494498676,-0.03795353535353535,0.0,0.009385095289295983,0.11382020770290903,0.12108223948566836,-0.07825139279574995,-23.49988937069603,0.0,-2.6825396825396823,-1.9873513016075048,-0.3011083776104595,0.029211987724201156,0.0,-2.4652860415963627,0.0,-0.22618667598127118,1.562477476576997,-0.22126094016952907,Credit Services,Financial Services,SLM
2010Q2,2010,Q2,2010-08-05,2010-06-30,337818000.0,1280479000.0,0.0,0.63,0.0,0.0,7410802000.0,5086744000.0,6252914000.0,49981000000.0,202231964000.0,0.0,391169000.0,1800359149.3439999,194256667149.344,10.491766220051481,0.12510582021168043,26.81536316852076,39.06690547037555,0.0,10.491766220051481,0.06641144118909857,1.406004432203886,1.332344005754578,0.35393154232727264,0.054994109254095404,0.0,0.01031905217732212,0.17278548259689033,0.12538842760248894,0.045584539972866635,-0.5965458104973106,0.0,0.39999999999999997,-0.014234303676542118,0.31631845946907594,0.20525197974579112,0.0,0.40675439327059215,0.0,-0.7030640077461067,-0.3280704591220402,-0.19199804320620056,Credit Services,Financial Services,SLM
2010Q1,2010,Q1,2010-05-06,2010-03-31,240140000.0,1109497000.0,0.0,0.45,0.0,0.0,7282998000.0,4755677000.0,6115399000.0,44774000000.0,202757389000.0,0.0,72062000.0,2166877427.875,194411630427.875,9.820523728005055,0.1365837092955733,27.33567344107468,41.86273689319102,0.0,9.820523728005055,0.05049543945057665,1.9530268471884107,2.2558480759921293,0.4556401597238416,0.07710918630798701,0.0,0.008545476436181781,0.15234069815754447,0.15278737660249253,0.032972685149714444,-0.3904694526189783,0.0,-0.13461538461538464,-0.06558794885576436,0.33783451943869397,0.34868463491361434,0.0,-0.2231847677706108,0.0,0.7548518630832451,0.008640315174762402,-0.0777178134165243,Credit Services,Financial Services,SLM
2009Q4,2009,Q4,2010-02-26,2009-12-31,309134000.0,1299661000.0,0.0,0.52,0.0,0.0,6346181000.0,5278609000.0,5168871000.0,34161000000.0,164706676000.0,0.0,604467000.0,1931201878.543,165263050878.543,11.009510719373294,0.15130912444015104,26.693512523516112,32.09214056203064,0.0,11.009510719373294,0.05856353444629068,1.4859273907141939,1.561783788375753,0.36585431475280705,0.10306210251864888,0.0,0.016497498451087285,0.20479419039576716,0.2848333186967595,0.04871181581489718,-0.9671207695608649,0.0,1.08,-0.5826652339144212,-0.028016333364458475,0.4937824565360082,0.0,0.9428948526176859,0.0,13.637970107566906,1.3202952772842664,0.03791414993048207,Credit Services,Financial Services,SLM
2009Q3,2009,Q3,2009-11-05,2009-09-30,159110000.0,877010000.0,0.0,0.25,0.0,0.0,6984855000.0,4989018000.0,5760583000.0,56807000000.0,181454899000.0,0.0,346347000.0,1465633263.3600001,174333007263.36,10.608611890788467,0.10140621754361258,25.491491519866912,35.68926229570629,0.0,10.608611890788467,0.031892047693554124,1.6711705264022076,2.302861641882974,0.2937718932583527,0.20138269121991076,0.0,0.021862222154089853,0.1255587982857196,0.09130913443765733,0.022779284609344072,-0.2909198510498761,0.0,1.7812500000000002,-0.5865359348611818,0.04398247847841394,0.5940992469862849,0.0,2.2965286831812257,0.0,-0.47346606337931996,-0.25022240742322055,-0.03400636238643278,Credit Services,Financial Services,SLM
2009Q2,2009,Q2,2009-08-05,2009-06-30,-122720000.0,428667000.0,0.0,-0.32,0.0,0.0,6479573000.0,4851534000.0,5245702000.0,50452000000.0,176332256000.0,0.0,229865000.0,1713375926.721,168785038926.721,10.393197071973162,0.10397411400935543,26.73194977508549,35.70244380437198,0.0,10.393197071973162,-0.02529509223268352,3.9969858345079046,-3.490417060627852,0.3531616859164544,-0.20891460234680573,0.0,0.014963441239112729,0.06615667421294583,0.12169898120986283,-0.018939519625753118,-0.5023434403653021,0.0,-6.0771627576403695,-1.1880691331336672,-0.6639517822623844,0.5653887795311295,0.0,-4.814735844586591,0.0,-1.1492713408106332,-0.7468832905233237,-0.02032468491284975,Credit Services,Financial Services,SLM
2009Q1,2009,Q1,2009-05-08,2009-03-31,-21105000.0,503734000.0,0.0,-0.045215859936884185,0.0,0.0,5095102000.0,4963859000.0,3855546000.0,49918000000.0,166587452000.0,0.0,378387000.0,825756687.081,160762797687.081,10.634690987464676,0.07723758964702111,31.991673964525145,32.8375245952796,0.0,10.634690987464676,-0.00425173237193079,1.6392712961225566,-9.7815291054371,0.16635377577828056,-1.2430703624733475,0.0,0.03177085987972939,0.09886632299019725,0.06137667775151248,-0.00414221344342076,-0.15101185574392692,0.0,0.9130464231982997,-1.0686718248266547,-0.24102416414291591,0.719574500648572,0.0,0.9022993560691983,0.0,-1.1230826643587686,-0.33859881408943576,0.16877636621846948,Credit Services,Financial Services,SLM
2008Q4,2008,Q4,2008-12-31,2008-12-31,-216017000.0,219800000.0,0.0,-0.52,0.0,0.0,168768437000.0,4999070000.0,166164754000.0,33420249000.0,163762097000.0,0.0,426175000.0,1484473981.356,147950867981.356,10.711711364240227,4.971978335649145,0.8919700785046674,30.112880195716404,0.0,10.711711364240227,-0.04321143732734289,6.7537487777797995,-1.7180059686922788,0.2969500289765896,-0.12569844040052403,0.0,0.01829132766287824,0.0013023762257157125,0.42471107860387275,-0.0012799608969537356,-0.5334810532225408,0.0,-0.3,-1.7748590246180758,-0.6989461174271565,0.8028920404205994,0.0,-0.36253082798771297,0.0,-1.4431524939856082,-0.8075415381649935,0.16590872488255343,Credit Services,Financial Services,SLM
2008Q3,2008,Q3,2008-09-30,2008-09-30,-158541000.0,302753000.0,0.0,-0.4,0.0,0.0,164991094000.0,5347124000.0,161837362000.0,38267553000.0,159635429000.0,0.0,669509000.0,2058045587.278,154499622587.278,11.458630310770905,4.229101400865637,0.9475507265864908,29.237667015015923,0.0,11.458630310770905,-0.029649770605656423,6.7977710783311815,-3.245289211115737,0.3848883226343732,-0.17225828019250541,0.0,0.013269871264669404,0.0018349657103310074,0.24487803022053697,-0.0009609064111060443,-0.6250407990377379,0.0,-1.8,-1.3190992643123882,-0.6252568570774357,0.95337458427215,0.0,-1.5966109221181926,0.0,-1.3286283116825568,-0.6946044729954465,0.25031228577307146,Credit Services,Financial Services,SLM
2008Q2,2008,Q2,2008-06-30,2008-06-30,265736000.0,965179000.0,0.0,0.5,0.0,0.0,163562241000.0,5535004000.0,159163214000.0,37191756000.0,158017757000.0,0.0,855527000.0,3227183023.446,153216574023.446,11.861171887221445,4.279529420444681,0.9483398555293701,28.023934942052435,0.0,11.861171887221445,0.04801008273887426,3.343610898544208,3.0360800036935154,0.5830498087166693,0.10247012072131739,0.0,0.008437699319242108,0.005900989091975085,0.2855374185612532,0.001624678155394068,20.920006893720466,0.0,2.7857142857142856,-0.30910310693852805,0.16857390895563604,1.2666625828268063,0.0,3.5599784208701015,0.0,-0.1943577287538884,0.03085436079077859,0.36256380473454947,Credit Services,Financial Services,SLM
2008Q1,2008,Q1,2008-03-31,2008-03-31,-103804000.0,347280000.0,0.0,-0.28,0.0,0.0,159172992000.0,5208167000.0,155576646000.0,38095928000.0,153958217000.0,0.0,617184000.0,2559686341.38,149318646341.38,11.162430880020576,4.083812999646576,0.9460209681803305,28.91247304473916,0.0,11.162430880020576,-0.01993100451656024,7.37067018365584,-6.164710274604062,0.4914754733056755,-0.2780528688682517,0.0,0.01127599094209298,0.0021817771698354454,0.24798975890546623,-0.0006521458112692888,11.49578664340281,0.0,0.9472358401915782,-1.24386005092814,-0.607191817331036,1.270937458142723,0.0,0.9365213318020765,0.0,-1.4192176853185816,-0.565382088737556,0.5329731318949934,Credit Services,Financial Services,SLM
2007Q4,2007,Q4,2008-02-29,2007-12-31,-1635258000.0,5882190000.0,0.0,-5.306632400035095,0.0,0.0,5900795000.0,5223535000.0,4600106000.0,39243000000.0,150330096000.0,0.0,557204000.0,2218089470.200377,141427580470.20038,16.951074432118553,0.11722105853273196,24.87656697106068,28.101950499039443,0.0,16.951074432118553,-0.3130558137353344,0.37708565520671333,-0.33910390137219587,0.4246337911395975,-0.0057837968075985565,0.0,0.004264029980335098,0.9968470350181629,0.3489548964146472,-0.2771250314576256,-3.373920358917677,0.0,-5.24309694121776,-8.917239598970113,8.709288186133145,2.873748325216123,0.0,-3.756975797067722,0.0,-4.434853915882603,5.844663873396961,1.299940319925149,Credit Services,Financial Services,SLM
2007Q3,2007,Q3,2007-11-09,2007-09-30,-343760000.0,239265000.0,0.0,-0.85,0.0,0.0,6353510000.0,5001707000.0,4999369000.0,36953000000.0,145803629000.0,0.0,2437639000.0,7364512257.648001,141438920257.648,12.112313049711341,0.1352899358644765,22.329289164572025,28.364188865921175,0.0,12.112313049711341,-0.06872853607778305,30.779730665362678,-5.355853108017222,1.4723997742466721,-0.026503956248545495,0.0,0.001237149139175956,0.037658711483888434,0.21094238627445674,-0.054105525921891995,8.04214324769913,0.0,-1.8252427184466018,-5.1542821434437025,1.5851332995813792,2.0617289984602225,0.0,-1.3556857888131149,0.0,-2.0173279687578067,-0.6756355964302145,0.8200523603443797,Credit Services,Financial Services,SLM
2007Q2,2007,Q2,2007-08-07,2007-06-30,966471000.0,1618891000.0,0.0,1.03,0.0,0.0,132802282000.0,5348061000.0,4300826000000.0,13088000000.0,127444140000.0,0.0,2790674000.0,8475866551.95,129919685551.95,12.984827736907276,328.6083435207824,0.9346529301356433,23.20916721032165,0.0,12.984827736907276,0.18071428130681383,5.235600514148266,2.19247824092756,1.5848485183602057,0.009307056290359463,0.0,0.0010612484216059967,0.01219023480334472,0.20478476466992665,0.007277518017348527,-16.971046154423735,0.0,2.9615384615384617,7.620798327060993,3.6516845444983956,2.1229647650047405,0.0,7.320671872444104,0.0,0.6786523412646185,0.43836435095826526,0.9557315715981379,Credit Services,Financial Services,SLM
2007Q1,2007,Q1,2007-05-10,2007-03-31,116153000.0,933676000.0,0.0,0.26,0.0,0.0,5083036000.0,4376782000.0,3719020000.0,8429000000.0,122490655000.0,0.0,1833359000.0,6008411727.360001,120829080727.36,10.648068314519268,0.4412172262427334,23.312795148411304,27.07463542849518,0.0,10.648068314519268,0.026538447654006984,6.435221348047931,12.932106203369695,1.3727920941367426,0.9607242171962842,0.0,0.018572462251855583,0.18368471126311126,0.4364821449756792,0.022851107094264137,31.653873895562022,0.0,4.9028113780723555,-0.6876138309757046,0.2602145278767186,1.5441278793056994,0.0,5.415520574426954,0.0,-0.5708252749728078,0.5974723664066841,0.7217375452087784,Credit Services,Financial Services,SLM
