Quarters,Year,Quarter,FillingDate,Date,NetIncome,Revenue,OperatingIncome,EPSDiluted,GrossProfit,GrossProfitRatio,TotalAssets,CommonStockEquity,CurrentAssets,CurrentLiability,TotalLiability,Inventory,RetainedEarnings,MarketCap,EnterpriseValue,bookValuePerShare,currentRatio,debtToAssets,debtToEquity,roic,shareholdersEquityPerShare,roe,priceToSalesRatio,peRatio,pbRatio,payoutRatio,inventoryTurnover,dividendYield,assetTurnover,quickRatio,returnOnAssets,priceToFreeCashFlowsRatio,grossProfitMargin,epsdilutedGrowth,fiveYNetIncomeGrowthPerShare,fiveYRevenueGrowthPerShare,fiveYShareholdersEquityGrowthPerShare,grossProfitGrowth,netIncomeGrowth,operatingIncomeGrowth,threeYNetIncomeGrowthPerShare,threeYRevenueGrowthPerShare,threeYShareholdersEquityGrowthPerShare,Industry,Sector,Symbol
2023Q3,2023,Q3,2023-05-15,2023-03-31,-6314000.0,0.0,-6169000.0,-0.48,0.0,0.0,44386000.0,17389000.0,27093000.0,22276000.0,26997000.0,18368000.0,-282907000.0,27422720.0,38849720.0,1.318947208737864,1.2162416950978632,0.4052854503672329,1.0345045718557708,-0.156386589483425,1.318947208737864,-0.363103111162229,0.0,-1.085790307253722,1.577015354534476,0.0,0.0,0.0,0.0,0.35033219608547317,-0.14225206146082098,-7.470095341868701,0.0,0.8596491228070176,0.944179582704381,-1.0,-0.8533739660071472,0.0,0.8118201055047238,0.4165326775749551,0.6725974598133829,-1.0,0.0630993855845071,Biotechnology,Healthcare,IBIO
2023Q2,2023,Q2,2023-02-14,2022-12-31,-33553000.0,0.0,-10573000.0,-3.42,0.0,0.0,51800000.0,18823000.0,38235000.0,27775000.0,32977000.0,20457000.0,-275613000.0,4358230.8,21061230.8,1.9193433261955746,1.3765976597659766,0.3938030888030888,1.0837273548318547,-0.770116135065216,1.9193433261955746,-1.782553259310418,0.0,-0.032472735671922034,0.23153752324284121,0.0,0.0,0.0,0.0,0.6251665166516651,-0.6477413127413127,-0.41158096137501177,0.0,-0.676470588235294,0.6609064535690141,-1.0,-0.9050558938041843,0.0,-0.8608507570295602,-0.38462545835515977,-0.3429590902396043,-1.0,6.54648904682286,Biotechnology,Healthcare,IBIO
2023Q1,2023,Q1,2022-11-14,2022-09-30,-18031000.0,0.0,-7636000.0,-2.04,0.0,0.0,84564000.0,48368000.0,63565000.0,32199000.0,36196000.0,0.0,-242060000.0,37644815.0,54441815.0,5.470255598280932,1.974129631355011,0.3155479873232108,0.551687065828647,-0.2296830425027775,5.470255598280932,-0.3727877935825339,0.0,-0.5219457462148522,0.7783000124048958,0.0,0.0,0.0,0.0,0.7342153483027424,-0.21322312094981316,-2.2901091981992945,0.0,0.5342465753424658,0.8041706989865529,-1.0,-0.6806233036905143,-1.0,0.527477135145051,0.5480587121212122,0.5993156397194395,-1.0,3.481622627648482,Biotechnology,Healthcare,IBIO
2022Q4,2022,Q4,2022-10-11,2022-06-30,-38159000.0,61000.0,-16896000.0,-4.38,46000.0,0.7540983607,99406000.0,63485000.0,45070000.0,30436000.0,35921000.0,3900000.0,-223930000.0,57558600.0,62675600.0,7.279555096892558,1.4808121960835852,0.27959076916886305,0.43778845396550364,-0.39010905733500334,7.279555096892558,-0.6010711191620067,943.583606557377,-0.37709714615162865,0.9066488146806332,0.0,0.0038461538461538464,0.0,0.0006136450516065428,1.3017807859114208,-0.3838701889221979,-3.8544565726913547,0.7540983606557377,-2.0416666666666665,0.6286388659570634,-0.9825176604754963,-0.6999555870249621,-0.9757255936675462,-2.028972852833783,-0.3869643736660647,0.14790360733150842,-0.9922846364482752,1.591793526417792,Biotechnology,Healthcare,IBIO
2022Q3,2022,Q3,2022-05-12,2022-03-31,-12598000.0,1943000.0,-12182000.0,-1.44,1895000.0,0.9752959341,115370000.0,79380000.0,60316000.0,8281000.0,35990000.0,3283000.0,-206876000.0,93388707.2,87385707.2,9.099204020247964,7.283661393551504,0.24065181589668025,0.3497606449987402,-0.10982115253161037,9.099204020247964,-0.15870496346686822,48.064182810087495,-1.853244705508811,1.1764765331317713,0.0,0.014620773682607372,0.0,0.01684146658576753,6.603550295857988,-0.10919649822310826,-11.643025458172298,0.975295934122491,0.0,0.8684576411069588,1.1455811549389607,-0.7494759860836472,33.45454545454545,0.0,-0.04674342670561952,0.7370479385164053,-0.6750187964508292,0.013019244738652614,Biotechnology,Healthcare,IBIO
2022Q2,2022,Q2,2022-02-14,2021-12-31,0.0,168000.0,-11638000.0,0.0,55000.0,0.3273809524,126448000.0,90598000.0,67496000.0,8346000.0,35850000.0,1986000.0,-194486000.0,119676510.0,98643510.0,10.390155511720721,8.087227414330219,0.14371124889282552,0.20057837921366917,,10.390155511720721,0.0,712.3601785714286,0.0,1.320961941764719,0.0,0.05689828801611279,0.0,0.001328609388839681,7.499161274862209,0.0,-5.14106818600659,0.3273809523809524,0.0,1.0,-0.9084342584522226,-0.10825295690448185,-0.6783625730994152,0.0,-0.29685758858925787,1.0,-0.9778764637028333,-0.29914735173060164,Biotechnology,Healthcare,IBIO
2022Q1,2022,Q1,2021-11-15,2021-09-30,0.0,211000.0,-8974000.0,0.0,171000.0,0.8104265402843602,143739000.0,100525000.0,89817000.0,8098000.0,43214000.0,587000.0,-182566000.0,230948560.0,187581560.0,11.534657328021444,11.091257100518646,0.13533557350475514,0.19351405123103704,,11.534657328021444,0.0,1094.5429383886255,0.0,2.2974241233523998,0.0,0.06814310051107325,0.0,0.0014679384161570624,10.815016053346506,0.0,-22058.124164278892,0.8104265402843602,-1.0,1.0,-0.9360764532731156,-0.4242589106048661,-0.4375,-1.0,0.049263693187837694,1.0,-0.6149049102343637,-0.3664303331206639,Biotechnology,Healthcare,IBIO
2021Q4,2021,Q4,2021-09-28,2021-06-30,116000.0,491000.0,-9439000.0,0.013454641619382108,304000.0,0.6191446028513238,146968000.0,108585000.0,104597000.0,6645000.0,38400000.0,27000.0,-173627000.0,325463890.0,280781890.0,12.594588450350052,15.740707298720842,0.22264710685319253,0.3013491734585808,-0.054425730414175255,12.594588450350052,0.0010682875166919924,662.8592464358452,701.430797413793,2.9973190588018603,0.0,6.925925925925926,0.0,0.0033408633171846933,15.425131677953349,0.0007892874639377279,-33.27511399652387,0.6191446028513238,1.0151416264195274,1.0017914526112237,-0.9261850203021684,-0.5482374228752167,0.11764705882352941,1.0151416264195274,-0.31042621130084685,1.0021797859405814,-0.5520581191573448,-0.44236653289480676,Biotechnology,Healthcare,IBIO
2021Q3,2021,Q3,2021-05-17,2021-03-31,-7661000.0,765000.0,-7203000.0,-0.8885862883283304,272000.0,0.35555555555555557,142697000.0,104845000.0,107203000.0,6067000.0,37867000.0,432000.0,-173743000.0,331930060.0,279987060.0,12.160792246414802,17.669853304763475,0.22904475917503522,0.3117363727407125,-0.04246726371209754,12.160792246414802,-0.07306976965997425,433.8955032679739,-10.831812426576164,3.165912156039868,0.0,1.1412037037037037,0.0,0.00536100969186458,17.19317619910994,-0.05368718333251575,-39.67607697824528,0.35555555555555557,0.177603497538144,0.9049856574596171,-0.9239975315733284,-0.5223493879566691,0.0,0.05757165703038504,0.04532803180914513,0.8964296835929153,-0.4746712802644676,0.35190303712695475,Biotechnology,Healthcare,IBIO
2021Q2,2021,Q2,2021-02-16,2020-12-31,-8129000.0,705000.0,-7545000.0,-1.080484031325929,0.0,0.0,145406000.0,107335000.0,110882000.0,6102000.0,38085000.0,1071000.0,-166082000.0,197491350.0,138999350.0,14.266669147787992,18.171419206817436,0.2253001939397274,0.3052126519774538,-0.04380134103509332,14.266669147787992,-0.07573484883775097,280.1295744680851,-6.073666810185754,1.839952951041133,0.0,0.0,0.0,0.004848493184600361,17.679285480170435,-0.055905533471796214,-20.951766390833864,0.0,0.06801546785266663,0.851203012989655,-0.7837027069642034,-0.4398657230150524,0.0,-0.07911854506836585,-0.08968804159445408,0.8929115344628196,-0.7633227614630151,-0.2942710498214797,Biotechnology,Healthcare,IBIO
2021Q1,2021,Q1,2020-11-16,2020-09-30,-7533000.0,410000.0,-6924000.0,-1.1593368710062668,0.0,0.0,117254000.0,80054000.0,84959000.0,5046000.0,37212000.0,843000.0,-157953000.0,329757260.0,285048260.0,12.320397434161116,16.83690051525961,0.2800245620618486,0.4101481499987508,-0.04771158060114938,12.320397434161116,-0.09409898318634921,804.286,-10.943756139652198,4.1191852999225524,0.0,0.0,0.0,0.0034966824159516946,16.617717003567183,-0.0642451430228393,-43.08862668234679,0.0,-1.129169022046354,0.8013853618019247,-0.8780492806663301,-0.611600381509759,0.0,-1.129169022046354,-1.3639467395015363,0.8886685105984958,-0.8099713673339346,-0.28068300300651455,Biotechnology,Healthcare,IBIO
2020Q4,2020,Q4,2020-10-13,2020-06-30,-3538000.0,1120000.0,-2929000.0,-0.5445020376503613,0.0,0.0,94189000.0,56618000.0,61748000.0,5236000.0,37582000.0,798000.0,-150420000.0,360621240.0,338417240.0,8.71357161325273,11.792971734148205,0.34938262429795414,0.5812285845490833,-0.024040908120885794,8.71357161325273,-0.06248896110777491,321.98325,-25.481998304126627,6.36937440389982,0.0,0.0,0.0,0.011890985146885517,11.599694423223834,-0.037562772722929426,-76.94073821207596,0.0,0.6277590304285379,0.910676246101567,-0.8313247228728493,-0.7600854489517482,0.0,0.24337040205303678,0.27928149606299213,0.9537868831930713,-0.5691801498674106,-0.6408491391554395,Biotechnology,Healthcare,IBIO
2020Q3,2020,Q3,2020-05-15,2020-03-31,-4676000.0,96000.0,-4064000.0,-1.46276762140721,0.0,0.0,42220000.0,3966000.0,10304000.0,6179000.0,38263000.0,0.0,-146882000.0,84712020.0,108247020.0,1.2406621870190322,1.6675837514160867,0.03531501657981999,0.37594553706505296,-0.10741093138809599,1.2406621870190322,-1.1790216843166919,882.416875,-4.529085757057314,21.359561270801816,0.0,0.0,0.0,0.0022738038844149692,1.6369962777148406,-0.11075319753671246,-21.82174652241113,0.0,0.42582677002137187,0.7453406179632897,-0.9748774310367063,-0.9644604818020674,0.0,-0.2429558745348219,-0.28811410459587955,0.8667561870933044,-0.7106976866877764,-0.9658414438983226,Biotechnology,Healthcare,IBIO
2020Q2,2020,Q2,2020-02-14,2019-12-31,-3762000.0,314000.0,-3155000.0,-2.547606793618116,0.0,0.0,36384000.0,-511000.0,4007000.0,4744000.0,36904000.0,0.0,-135606000.0,9192333.0,37931333.0,-0.34604653682585257,0.84464586846543,0.005936675461741424,-0.4227005870841487,-0.09834481468782146,-0.34604653682585257,7.362035225048924,29.274945859872613,-0.6108674242424242,-17.988909980430527,0.0,0.0,0.0,0.008630167106420405,0.8138701517706577,-0.10339709762532981,-2.5442383061168004,0.0,0.49942922933909967,0.5625637380405065,-0.8355505490296776,-1.0102663004551278,0.0,0.1570692359399507,0.1815823605706874,0.718780187336616,0.010563371888289961,-1.029699841897438,Biotechnology,Healthcare,IBIO
2020Q1,2020,Q1,2019-11-14,2019-09-30,-4463000.0,108000.0,-3855000.0,-5.089403822469553,0.0,0.0,35164000.0,-1933000.0,2361000.0,4869000.0,37104000.0,0.0,-110284000.0,11838420.0,42109420.0,-2.2043059800209823,0.4849044978434997,0.003952906381526561,-0.0719089498189343,-0.12606278613472857,-2.2043059800209823,2.308846352819452,109.615,-0.6631425050414519,-6.124376616658045,0.0,0.0,0.0,0.003071322943919918,0.44731977818853974,-0.12691957683994995,-5.109374190763919,0.0,0.008882966910948137,0.049126109662348094,-0.9603854249112653,-1.10676476377143,0.0,0.008882966910948257,0.04885270170244264,0.40736793829932777,-0.6748291748392099,-1.1100257675808374,Biotechnology,Healthcare,IBIO
2019Q4,2019,Q4,2019-08-26,2019-06-30,-4503000.0,795000.0,-4053000.0,-5.135018017607079,0.0,0.0,30586000.0,2463000.0,4808000.0,3458000.0,28129000.0,0.0,-105821000.0,15243061.9,35706061.9,2.8086940655932127,1.3903990746096009,0.006963970443993984,0.08647990255785627,-0.1470609579100145,2.8086940655932127,-1.828258221680877,19.1736627672956,-0.8462725904952255,6.188819285424279,0.0,0.0,0.0,0.025992284051526843,1.3065355696934644,-0.14722422023147846,-3.339115421686747,0.0,0.06497195007834732,-0.18454343825423672,0.1650066808107756,-0.8786832054658774,0.0,-0.0663035756571158,-0.07506631299734748,0.31628491515734153,0.175049118194673,-0.8992533281710997,Biotechnology,Healthcare,IBIO
2019Q3,2019,Q3,2019-05-10,2019-03-31,-4223000.0,527000.0,-3770000.0,-5.491833125260092,0.0,0.0,35674000.0,6907000.0,9586000.0,4046000.0,28772000.0,0.0,-101318000.0,16336093.824,32234093.824,8.982261756138161,2.3692535837864557,0.005858608510399731,0.03025915737657449,-0.11762503510030889,8.982261756138161,-0.6114087157955697,30.998280500948766,-0.9670905650011838,2.365150401621543,0.0,0.0,0.0,0.014772663564500757,2.2624814631735046,-0.11837752985367495,-3.822202579316799,0.0,0.08139290718406274,-0.1274273964294697,0.0,-0.6631260527373682,0.0,0.05504587155963303,0.06102117061021171,0.4127718145192905,-0.4129717745078986,-0.6471954508870364,Biotechnology,Healthcare,IBIO
2019Q2,2019,Q2,2019-02-13,2018-12-31,-4469000.0,651000.0,-4015000.0,-5.978435359589041,0.0,0.0,40303000.0,11082000.0,13969000.0,4445000.0,29225000.0,0.0,-97095000.0,14079539.200000001,25703539.200000003,14.82502140410959,3.1426321709786276,0.00508646998982706,0.01849846598086988,-0.11069144243493603,14.82502140410959,-0.4032665583829634,21.62755637480799,-0.7876224658760349,1.2704872044757265,0.0,0.0,0.0,0.016152643723792274,3.0535433070866143,-0.11088504577822991,-2.783067641826448,0.0,0.027029355848237353,0.058401949420442544,0.0,-0.5229750216140066,0.0,-0.016143701682582993,-0.016455696202531647,0.17669012891258737,1.0101983394244531,-0.417943841028597,Biotechnology,Healthcare,IBIO
2019Q1,2019,Q1,2018-11-13,2018-09-30,-4398000.0,45000.0,-3950000.0,-6.144517715435342,0.0,0.0,42896000.0,13031000.0,16335000.0,5036000.0,29868000.0,0.0,-92626000.0,15209900.0,24232900.0,18.20582318095451,3.243645750595711,0.004685751585229392,0.015424756350241731,-0.10322749248660656,18.20582318095451,-0.33750287775305043,337.9977777777778,-0.8645918599363347,1.167208963241501,0.0,0.0,0.0,0.0010490488623647893,3.2027402700555996,-0.10252704214845207,-14.254826616682287,0.0,0.004526935264825637,-4.67646436225288,0.0,-0.2734075834039612,0.0,0.004526935264825713,-0.0010136847440446021,-0.05266311584966202,-0.8784922669609925,-0.4260627698440002,Biotechnology,Healthcare,IBIO
2018Q4,2018,Q4,2018-09-18,2018-06-30,-4418000.0,91000.0,-3946000.0,-6.172460042472337,0.0,0.0,43083000.0,16166000.0,16285000.0,2035000.0,26919000.0,0.0,-88228000.0,16104600.0,25251600.0,22.585782944003576,8.002457002457003,0.004572569226841214,0.012186069528640356,-0.09521281729562783,22.585782944003576,-0.27328962019052333,176.97362637362636,-0.9113060208239022,0.9962019052332055,0.0,0.0,0.0,0.002112202028642388,7.866830466830467,-0.10254624794002275,-4.40377358490566,0.0,0.280560989961243,-0.06244286801662208,-0.9532586216270371,0.01060237305560439,0.0,-0.11509338717819283,-0.12968794732321787,-0.012571604251265698,-0.8755870187729994,-0.3781358304506867,Biotechnology,Healthcare,IBIO
2018Q3,2018,Q3,2018-05-11,2018-03-31,-3962000.0,78000.0,-3493000.0,-8.579545946695077,0.0,0.0,31034000.0,4154000.0,3986000.0,1947000.0,26882000.0,0.0,-83810000.0,24936984.0,46667984.0,8.995313948150265,2.047252182845403,0.006251208352129922,0.046701974000962924,-0.1184991688435051,8.995313948150265,-0.9537794896485315,319.7049230769231,-1.5735098435133772,6.003125662012518,0.0,0.0,0.0,0.0025133724302378035,1.8382126348228043,-0.1276664303666946,-6.257712421580928,0.0,0.14966775648703284,0.0675161977105754,0.0,-0.25197997054205146,0.0,-0.01615798922800718,-0.01925882696235775,-0.4936493240389434,-0.858701870144425,-0.7423237952270252,Biotechnology,Healthcare,IBIO
2018Q2,2018,Q2,2018-02-14,2017-12-31,-3899000.0,153000.0,-3427000.0,-10.089639681603163,0.0,0.0,34840000.0,7812000.0,7823000.0,2044000.0,27029000.0,0.0,-79848000.0,17109453.9,34974453.9,20.215507871937398,3.8272994129158513,0.0054535017221584384,0.024321556579621095,-0.10329445097507309,20.215507871937398,-0.49910394265232977,111.82649607843136,-1.097041157989228,2.190150268817204,0.0,0.0,0.0,0.00439150401836969,3.642857142857143,-0.11191159586681974,-4.515559224069675,0.0,0.031088684083329522,-0.799748005127697,0.0,0.03919431338771828,0.0,-0.019079979090433873,-0.019637012793811366,-0.7324393536298021,-0.6938015235603906,-0.40025847514620594,Biotechnology,Healthcare,IBIO
2018Q1,2018,Q1,2017-11-09,2017-09-30,-3826000.0,122000.0,-3361000.0,-10.413377897292413,0.0,0.0,33433000.0,6293000.0,6382000.0,2106000.0,27140000.0,0.0,-75949000.0,29392960.0,48697960.0,17.127910901113736,3.030389363722697,0.005593276104447702,0.029715556968059748,-0.10602189205387842,17.127910901113736,-0.6079771174320674,240.92590163934426,-1.9206063774176685,4.670738916256157,0.0,0.0,0.0,0.0036490892232225645,2.932573599240266,-0.1144378308856519,-9.396726342710997,0.0,0.11619311619311616,0.030107682076980207,-0.8373991659371142,-0.28408562193825676,0.0,0.11619311619311619,0.12904897641876134,-0.9455734891851946,-0.8931934921178604,-0.17041582347016032,Biotechnology,Healthcare,IBIO
2017Q4,2017,Q4,2017-09-15,2017-06-30,-4329000.0,147000.0,-3859000.0,-11.782413203705921,0.0,0.0,36010000.0,8914000.0,8572000.0,2013000.0,27095000.0,26000.0,-72123000.0,35455258.0,52632258.0,24.26159189139168,4.258320914058619,0.005081921688419883,0.020529504150774064,-0.11230428962225715,24.26159189139168,-0.48564056540273726,241.192231292517,-2.047543197043197,3.9774801435943457,0.0,0.0,0.0,0.004082199389058595,4.1048186785891705,-0.12021660649819495,-8.264628904428905,0.0,-0.07326251793409756,-0.65218715190611,-0.7824606433559651,-0.24856791479119741,0.0,-0.10631229235880399,0.0195630081300813,-1.717961300115125,-0.4858554216931454,0.047938468847460156,Biotechnology,Healthcare,IBIO
2017Q3,2017,Q3,2017-05-15,2017-03-31,-3913000.0,37000.0,-3936000.0,-10.978127910760978,0.0,0.0,40698000.0,12946000.0,12984000.0,2621000.0,27750000.0,60000.0,-67794000.0,38316870.0,51203870.0,36.32068590153632,4.953834414345669,0.004422821760283061,0.01390390854317936,-0.1024066605958111,36.32068590153632,-0.3022555229414491,1035.591081081081,-2.4480494505494503,2.959745867449405,0.0,0.0,0.0,0.0009091355840581847,4.788248760015262,-0.09614723082215343,-9.916374223602485,0.0,-0.21183028801486542,0.3521577480427565,-0.9489390154177368,-0.031048847804754667,0.0,-0.21183028801486528,-0.1837593984962406,-1.2537178180396313,0.0,0.3621839531202098,Biotechnology,Healthcare,IBIO
2017Q2,2017,Q2,2017-02-21,2016-12-31,-3229000.0,75000.0,-3325000.0,-9.059129829759058,0.0,0.0,44188000.0,4153000.0,16748000.0,1867000.0,27042000.0,27000.0,-63881000.0,35198055.0,44220055.0,11.651460570761651,8.970540974825925,0.003982981805014936,0.042379003130267275,-0.11202830188679246,11.651460570761651,-0.7775102335660968,469.3074,-2.725151362650976,8.475332289910908,0.0,0.0,0.0,0.0016972933828188648,8.799678628816283,-0.07307413777496152,-9.444071639388248,0.0,-0.05488402482848743,0.26554400273585665,-0.8834427163725356,3.9404063284533963,0.0,-0.05488402482848742,-0.05421686746987952,-0.4268045859133627,0.0,-0.6250907452051226,Biotechnology,Healthcare,IBIO
2017Q1,2017,Q1,2016-11-18,2016-09-30,-3061000.0,135000.0,-3154000.0,-8.587796967758587,0.0,0.0,48091000.0,7141000.0,20462000.0,2174000.0,27394000.0,0.0,-60652000.0,49009950.0,54304950.0,20.034452187770036,9.41214351425943,0.0035973466968871512,0.0242262988376978,-0.09643195646191946,20.034452187770036,-0.42865144937683797,363.0366666666667,-4.002772786671023,6.863177426130793,0.0,0.0,0.0,0.0028071780582645403,9.351425942962281,-0.06365016323220561,-17.046939130434783,0.0,-0.14344415390362336,-3.9032506548203525,-0.8468581638052398,1.928588785664685,0.0,-0.14344415390362347,-0.14524328249818447,-6.138357632677254,0.0,-0.20042719927556576,Biotechnology,Healthcare,IBIO
2016Q4,2016,Q4,2016-10-13,2016-06-30,-2677000.0,275000.0,-2754000.0,-7.5104647117575105,0.0,0.0,51600000.0,9937000.0,23906000.0,2291000.0,27556000.0,22000.0,-57591000.0,64158480.0,66579480.0,27.87877767677788,10.434744652989961,0.0032945736434108527,0.01710777900774882,-0.07748579145799336,27.87877767677788,-0.2693972023749623,233.30356363636363,-5.991639895405305,6.456524101841602,0.0,0.0,0.0,0.005329457364341085,10.309908336970755,-0.05187984496124031,-22.26179042331714,0.0,0.1969245124152622,0.3853571807850555,-0.7095649328925994,17.363738748170203,0.0,0.11824769433465086,0.103515625,-0.2927486955915833,-0.7163526830560347,0.24743777746794918,Biotechnology,Healthcare,IBIO
2016Q3,2016,Q3,2016-05-23,2016-03-31,-3036000.0,379000.0,-3072000.0,-9.352127947953376,0.0,0.0,50665000.0,8265000.0,22723000.0,2441000.0,27749000.0,58000.0,-54914000.0,45976007.0,49558007.0,25.459597328667538,9.308889799262598,0.003296161057929537,0.020205686630369025,-0.09060076090482791,25.459597328667538,-0.36733212341197824,121.30872559366755,-3.7859030797101445,5.562735269207502,0.0,0.0,0.0,0.007480509227277213,9.154854567800083,-0.059923023783677094,-18.850351373513735,0.0,-0.2879121027665943,0.6009221183800221,-0.14192071890132676,4.241914218810372,0.0,-0.3517364203027605,-0.3629103815439219,-0.016453304474003925,0.0,1.117134416158264,Biotechnology,Healthcare,IBIO
2016Q2,2016,Q2,2016-02-22,2015-12-31,-2246000.0,134000.0,-2254000.0,-7.261464449215012,0.0,0.0,9416000.0,7878000.0,7201000.0,1538000.0,1538000.0,0.0,-51878000.0,43302560.0,36570560.0,25.470087680728344,4.6820546163849155,0.0,0.0,-0.2861132267072861,25.470087680728344,-0.28509774054328507,323.1534328358209,-4.819964381121994,5.496643818227977,0.0,0.0,0.0,0.014231096006796942,4.518205461638492,-0.2385301614273577,-26.18050785973398,0.0,-0.24401558376834342,0.8093026991995701,0.0,0.4483963992983246,0.0,-0.2443213296398892,-0.24324324324324326,-0.295269857912694,0.0,0.3093101814197864,Biotechnology,Healthcare,IBIO
2016Q1,2016,Q1,2015-11-13,2015-09-30,-1805000.0,160000.0,-1813000.0,-5.837116949306013,0.0,0.0,11374000.0,9809000.0,9080000.0,1565000.0,1565000.0,0.0,-49632000.0,52568760.0,44184760.0,31.720930834206474,5.801916932907348,0.0,0.0,-0.18483025792639413,31.720930834206474,-0.1840146803955551,328.55475,-7.280991689750693,5.359237435008666,0.0,0.0,0.0,0.01406717074028486,5.744408945686901,-0.1586952699138386,-45.1233991416309,0.0,0.042440318302387293,0.7657411083117486,0.0,5.248015977902589,0.0,0.042440318302387266,0.04377637130801688,0.45633636426253466,-0.7466286846345725,0.3258750936305855,Biotechnology,Healthcare,IBIO
2015Q4,2015,Q4,2015-10-13,2015-06-30,-1885000.0,316000.0,-1896000.0,-6.09582573376279,0.0,0.0,12494000.0,11231000.0,10121000.0,1263000.0,1263000.0,0.0,-47827000.0,73441650.0,63947650.0,36.319479477925675,8.013460015835312,0.0,0.0,-0.16881844893598077,36.319479477925675,-0.16783901700649986,232.41028481012657,-9.740271883289125,6.539190633069183,0.0,0.0,0.0,0.025292140227309107,7.869358669833729,-0.1508724187610053,-57.82807086614173,0.0,-0.0612480011487472,0.7330774411753215,0.0,2.8168309160028,0.0,-0.12403100775193798,-0.12322274881516587,0.14521373648534533,-0.444374572115421,0.12489000391929822,Biotechnology,Healthcare,IBIO
2015Q3,2015,Q3,2015-05-15,2015-03-31,-1677000.0,349000.0,-1688000.0,-5.744016221622436,0.0,0.0,11446000.0,10192000.0,9044000.0,1254000.0,1254000.0,0.0,-45942000.0,56055552.0,47975552.0,34.909369905054184,7.212121212121212,0.0,0.0,-0.16562009419152277,34.909369905054184,-0.16454081632653061,160.61762750716332,-8.356522361359572,5.499956043956044,0.0,0.0,0.0,0.03049100122313472,6.974481658692185,-0.14651406604927486,-40.70846187363834,0.0,0.013724963006259588,0.6049353312184228,0.0,0.0972604871472743,0.0,-0.014519056261343012,-0.013205282112845138,0.6610336084126688,-0.4120003817590547,-0.06869946554391759,Biotechnology,Healthcare,IBIO
2015Q2,2015,Q2,2015-02-23,2014-12-31,-1653000.0,367000.0,-1666000.0,-5.823949716025198,0.0,0.0,11042000.0,9567000.0,8562000.0,1475000.0,1475000.0,0.0,-44265000.0,48605545.0,41242545.0,33.70703383739448,5.804745762711865,0.0,0.0,-0.17414027385805372,33.70703383739448,-0.17278143618689246,132.44017711171662,-7.351110859044162,5.080541967178844,0.0,0.0,0.0,0.03323673247600072,5.6169491525423725,-0.14970114109762725,-28.726681442080377,0.0,-0.0881120690714994,-1.147696708638918,0.0,-0.2677987156952939,0.0,-0.1723404255319149,-0.1765536723163842,0.5278316044607039,-0.28374025656086194,13.292323462136617,Biotechnology,Healthcare,IBIO
2015Q1,2015,Q1,2014-11-14,2014-09-30,-1410000.0,819000.0,-1416000.0,-5.352343643237826,0.0,0.0,6657000.0,5439000.0,4121000.0,1218000.0,1218000.0,0.0,-42612000.0,40490113.199999996,37004113.199999996,20.646380904659956,3.383415435139573,0.0,0.0,-0.26034197462768893,20.646380904659956,-0.2592388306674021,49.43847765567765,-7.179098085106383,7.444403971318256,0.0,0.0,0.0,0.12302839116719243,3.3177339901477834,-0.2118071203244705,-67.37123660565723,0.0,-0.23467600700525376,0.07163265052657748,0.0,-0.6985271055773058,0.0,-0.23467600700525393,-0.23023457862728064,-2.8094506944438735,0.2570438312299297,2.018039076649131,Biotechnology,Healthcare,IBIO
2014Q4,2014,Q4,2014-09-29,2014-06-30,-1142000.0,205000.0,-1151000.0,-4.335018752182694,0.0,0.0,6494000.0,6099000.0,3913000.0,395000.0,395000.0,0.0,-41202000.0,27700295.400000002,24110295.400000002,23.15173324830319,9.90632911392405,0.0,0.0,-0.18871946220691918,23.15173324830319,-0.18724381046073127,135.12339219512197,-6.063987609457093,4.541776586325628,0.0,0.0,0.0,0.03156760086233446,9.60759493670886,-0.17585463504773638,-37.28168963660835,0.0,0.11005691655738428,0.11104117523614487,-0.4471488209966018,-0.48590264696733626,0.0,0.10711493354182955,0.11051004636785162,0.6452299225878781,-0.7070613627212383,14.250036636050364,Biotechnology,Healthcare,IBIO
2014Q3,2014,Q3,2014-05-15,2014-03-31,-1279000.0,0.0,-1294000.0,-4.871119100575851,0.0,0.0,8214000.0,7001000.0,5532000.0,1213000.0,1213000.0,0.0,-40060000.0,35315396.0,30982396.0,26.66356905639682,4.560593569661995,0.0,0.0,-0.18483073846593343,26.66356905639682,-0.18268818740179973,0.0,-6.902931196247068,5.044335952006856,0.0,0.0,0.0,0.0,4.402308326463314,-0.15570976381787194,-26.2568,0.0,0.2328032380769348,-0.40061168306535383,-1.0,-0.48799266473569053,0.0,0.2129230769230769,0.20904645476772615,0.7921375859488922,-1.0,4.489801741820153,Biotechnology,Healthcare,IBIO
2014Q2,2014,Q2,2014-02-14,2013-12-31,-1625000.0,0.0,-1636000.0,-6.349243560890223,0.0,0.0,9618000.0,7954000.0,6940000.0,1664000.0,1664000.0,0.0,-38781000.0,21434640.0,15756640.0,31.078082020505125,4.170673076923077,0.0,0.0,-0.20568267538345486,31.078082020505125,-0.20429972340960523,0.0,-3.297636923076923,2.6948252451596684,0.0,0.0,0.0,0.0,4.017427884615385,-0.16895404449989604,-16.27535307517084,0.0,-5.062577732163912,-0.0556888932726995,-1.0,-0.4370109419740579,0.0,-5.287598944591029,-7.816666666666666,0.8332590322993091,0.0,0.7673037745235755,Biotechnology,Healthcare,IBIO
2014Q1,2014,Q1,2013-11-14,2013-09-30,379000.0,0.0,240000.0,1.562860818790618,0.0,0.0,7335000.0,5682000.0,4645000.0,1653000.0,1653000.0,0.0,-37157000.0,24661020.0,21217020.0,25.056445353841813,2.8100423472474287,0.0,0.0,0.042238648363252376,25.056445353841813,0.0667018655403027,0.0,16.267163588390503,4.340200633579725,0.0,0.0,0.0,0.0,2.692679975801573,0.05167007498295842,-25.423731958762886,0.0,1.269009490414073,1.1344237782789466,-1.0,-0.8093781687293383,0.0,1.2876767333282224,1.1843710220991717,1.0670741425843533,0.0,4.355518814024923,Biotechnology,Healthcare,IBIO
2013Q4,2013,Q4,2013-09-30,2013-06-30,-1317451.0,616814.0,-1301723.0,-5.809686551894448,0.0,0.0,9354000.0,5068000.0,6635000.0,4286000.0,4286000.0,0.0,-37536000.0,25511400.0,21097400.0,22.348832286742397,1.5480634624358376,0.0,0.0,-0.25685142067876876,22.348832286742397,-0.2599548145224941,41.35995616182512,-4.841052912024812,5.03382004735596,0.0,0.0,0.0,0.06594120162497327,1.2648156789547365,-0.1408435963224289,-26.96257997966556,0.0,0.36856229374793686,0.5968466958152758,0.27527580875827135,1.1574506951738843,0.0,0.2505830595323692,0.30018203439837254,0.7456068352131581,0.0,1.348649133599086,Biotechnology,Healthcare,IBIO
2013Q3,2013,Q3,2013-05-20,2013-03-31,-1757968.0,0.0,-1860088.0,-9.200727948886986,0.0,0.0,4981193.0,2297688.0,2210578.0,2683505.0,2683505.0,0.0,-36218330.0,26271850.0,24745269.0,12.025498775305127,0.8237651876929613,0.0,0.0,-0.8095476844549826,12.025498775305127,-0.7651030078931518,0.0,-3.73611038426183,11.43403717127826,0.0,0.0,0.0,0.0,0.7142774095818715,-0.3529210773403078,-20.328223135092305,0.0,-0.6411907158074376,-0.7034685365334171,-1.0,0.0,0.0,-0.6411907158074376,-0.0972863504625787,0.3671867821955795,0.0,-0.622018252398481,Biotechnology,Healthcare,IBIO
2013Q2,2013,Q2,2013-02-19,2012-12-31,-1071154.0,0.0,-1695171.0,-5.606129659562683,0.0,0.0,6805157.0,3716857.0,3995235.0,3088300.0,3088300.0,0.0,-34460362.0,29615540.0,26796576.0,19.45305859693931,1.2936680374315968,0.0,0.0,-0.4560764646043687,19.45305859693931,-0.2881881116222658,0.0,-6.912063998267289,7.967898684291593,0.0,0.0,0.0,0.0,1.0391315610530065,-0.1574032751926223,-20.32067868388352,0.0,0.4778493214723214,-0.4870318596406722,-1.0,0.0,-1.0,0.47784932147232145,0.06345075021353379,-1.0673751475797653,0.0,-0.5774307950961881,Biotechnology,Healthcare,IBIO
2013Q1,2013,Q1,2012-11-14,2012-09-30,-2051427.0,390186.0,-1810018.0,-10.73661280182653,390186.0,1.0,7991078.0,4571211.0,5151369.0,3419867.0,3419867.0,0.0,-33389208.0,48244670.0,43968297.0,23.924524253145478,1.5063068242127544,0.0,0.0,,23.924524253145478,-0.44877101494549254,123.64531274827903,-5.879403702885845,10.55402386807347,0.0,0.0,0.0,0.04882770509811067,1.364544001272564,-0.25671467604245635,-35.78901804855975,1.0,-0.5055427816140373,-1.6577731391833253,-0.2002720900905085,0.0,0.1103440425713554,-0.5055427816140374,0.15680244031059176,-0.862275708326598,0.0,-0.6506605391236482,Biotechnology,Healthcare,IBIO
2012Q4,2012,Q4,2012-10-12,2012-06-30,-1362583.0,351410.0,-2146612.0,-7.13139004280981,351410.0,1.0,9764582.0,6169039.0,6900145.0,3595543.0,3595543.0,0.0,-31337781.0,36302920.0,30678517.0,32.28713861033768,1.9190828756602272,0.0,0.0,,32.28713861033768,-0.22087443441352858,103.30645115392277,-6.6606804869868474,5.884696141489785,0.0,0.0,0.0,0.03598822765787619,1.6620054328372655,-0.13954340288196668,-33.01183783852599,1.0,0.5791616901287131,0.505128400558405,-0.13770110995991755,1.2274674736535967,-0.054726903471372275,0.5602780874020327,0.01613247716345603,-0.4623983005293858,0.30663913270768517,-0.2830457953816546,Biotechnology,Healthcare,IBIO
2012Q3,2012,Q3,2012-05-15,2012-03-31,-3098738.0,371755.0,-2181810.0,-16.945676939418703,371755.0,1.0,10655764.0,6854535.0,7677799.0,3801229.0,3801229.0,0.0,-29975198.0,51201640.0,44477544.0,37.484537604654854,2.019820168687548,0.0,0.0,-0.31830167910733553,37.484537604654854,-0.45207122000252387,137.7295261664268,-4.130846170279643,7.469746671364286,0.0,0.0,0.0,0.03488769083099063,1.8667254722091198,-0.29080392546231315,-16.95115442934045,1.0,-0.37385034553830226,-2.137401690689949,-0.5392815133131937,0.0,0.5898380033528345,-0.9395478387141194,0.18395642800612197,-3.872456985851541,-0.41974224198821636,-0.2802029551265298,Biotechnology,Healthcare,IBIO
2012Q2,2012,Q2,2012-02-14,2011-12-31,-1597660.0,233832.0,-2673644.0,-12.334441662042197,233832.0,1.0,5020236.0,305479.0,1938151.0,4714757.0,4714757.0,0.0,-26876460.0,26877060.0,26253608.0,2.358401272311778,0.4110818436665983,0.0,0.0,-8.752300485467087,2.358401272311778,-5.23001581123416,114.94175305347429,-4.205691448743788,87.98333109640924,0.0,0.0,0.0,0.04657788996373876,0.18182994372774675,-0.31824400287157817,-33.02401875497626,1.0,-5.46461570174842,-2.2717267090091378,-0.2948699511194378,0.0,-0.27006880017980445,-5.169879131290406,-0.14994154904074192,-1.0508536383801503,-0.5532222270813691,-0.9572768322745931,Biotechnology,Healthcare,IBIO
2012Q1,2012,Q1,2011-11-14,2011-09-30,383143.0,320348.0,-2325026.0,2.762710720479664,320348.0,1.0,5576741.0,886100.0,2528737.0,4690641.0,4690641.0,0.0,-25278800.0,51811200.0,50288548.0,6.840991909085294,0.539102651428664,0.0,0.0,-2.6238866945040065,6.840991909085294,0.4323925064891096,161.73411415086093,33.80669880436286,58.47105292856337,0.0,0.0,0.0,0.0574435857788626,0.3929100521655782,0.06870374650714459,-39.23164991731332,1.0,1.2260958663136166,1.7322291835157984,-0.03146150873472541,0.0,-0.068985861051775,1.2420768379758305,0.34124342384122475,1.2379117510870519,-0.6758710292813805,-0.9479558098923367,Biotechnology,Healthcare,IBIO
2011Q4,2011,Q4,2011-09-29,2011-06-30,-1582733.0,344085.0,-3529416.0,-12.219200490147486,344085.0,1.0,7335829.0,196642.0,4300178.0,7139187.0,7139187.0,0.0,-25661943.0,92612520.0,89769220.0,1.5181427953801494,0.6023344114673002,0.0,0.0,,1.5181427953801494,-8.048804426317878,269.1559353066829,-14.628576013768589,470.9701894813926,0.0,0.0,0.0,0.04690471928939456,0.44646330177371735,-0.21575380233099764,-93.2802198134245,1.0,0.47857592012647443,0.152067035007562,0.24547137203671274,1.0106955314460715,0.955083951248615,0.47787436917045545,-0.22189979040778046,0.152067035007562,0.24547137203671274,1.0106955314460715,Biotechnology,Healthcare,IBIO
2011Q3,2011,Q3,2011-05-18,2011-03-31,-3031326.0,175995.0,-2888466.0,-23.434284993342317,175995.0,1.0,8049623.0,628263.0,4228822.0,1282344.0,7421360.0,0.0,-24079210.0,99279195.0,95443053.0,4.856927501275569,3.297728222692195,0.0,0.0,,4.856927501275569,-4.824931597117768,564.1023608625245,-8.187769560251851,158.0217122447128,0.0,0.0,0.0,0.02186375684923381,2.9915077389530422,-0.3765798721256884,-48.13247349007866,1.0,0.38457918913078415,-3.338742643411407,-0.6916633654273383,0.0,0.0,0.3564693561840338,-0.5490112167214739,-3.338742643411407,-0.6916633654273383,0.0,Biotechnology,Healthcare,IBIO
2011Q2,2011,Q2,2011-02-14,2010-12-31,-4710461.0,0.0,-1864716.0,-38.07847342738362,0.0,0.0,10416268.0,2175338.0,6553572.0,8240930.0,8240930.0,0.0,-21047884.0,97726160.0,91957394.0,17.585025544848996,0.7952466529869808,0.0,0.0,-0.8573166792700734,17.585025544848996,-2.1653926884006074,0.0,-5.186655828378581,44.92458643208549,0.0,0.0,0.0,0.0,0.7073279350752888,-0.45222156342367537,-54.88063148058296,0.0,-0.5281841205433597,-9.10033984468479,-1.0,0.0,0.0,-0.6716026758639584,-0.360900944163911,-9.10033984468479,-1.0,0.0,Biotechnology,Healthcare,IBIO
2011Q1,2011,Q1,2010-11-15,2010-09-30,-2817931.0,0.0,-1370207.0,-24.91746440464548,0.0,0.0,4604080.0,-844477.0,722370.0,5448557.0,5448557.0,0.0,-16337423.0,62765505.0,62451679.0,-7.4672343510977885,0.1325800574353907,0.0,0.0,1.622896549685283,-7.4672343510977885,3.336894906551629,0.0,-5.568403289505669,-74.32470629750722,0.0,0.0,0.0,0.0,0.06780070392949913,-0.6120508331740543,-105.29252347736812,0.0,-0.09107611081082347,-5.168109980374542,-1.0,0.0,0.0,-0.09107611081082337,0.1772119746211243,-5.168109980374542,-1.0,0.0,Biotechnology,Healthcare,IBIO
2010Q4,2010,Q4,2010-10-13,2010-06-30,-2582708.0,0.0,-1665322.0,-22.837512578410582,0.0,0.0,4930245.0,1076130.0,1025542.0,3854115.0,3854115.0,0.0,-13519492.0,39016395.0,38106463.0,9.51561132185585,0.2660901400191743,0.0,0.0,-1.5478696514474852,9.51561132185585,-2.399996282976964,0.0,-3.77669436498435,36.25620975160994,0.0,0.0,0.0,0.0,0.2484077408172823,-0.523849828963875,-66.68967633203657,0.0,-0.5707237032158168,-0.58476468706433,-1.0,1.0670388322041982,0.0,-0.5707237032158168,-0.045634206787082854,-0.58476468706433,-1.0,1.0670388322041982,Biotechnology,Healthcare,IBIO
2010Q3,2010,Q3,2010-05-19,2010-03-31,-1644279.0,0.0,-1592643.0,-14.53948427190235,0.0,0.0,5476805.0,3597993.0,1550039.0,1878812.0,1878812.0,0.0,-10936784.0,28272750.0,26777774.0,31.815025068307822,0.825010165998514,0.0,0.0,-0.4428091911476856,31.815025068307822,-0.45699894357771126,0.0,-4.298654607885888,7.857922458437246,0.0,0.0,0.0,0.0,0.8007086392890826,-0.300225952905024,-18.79271070615034,0.0,-4.361703584623261,-1.6918978437961407,-1.0,0.0,0.0,-4.36170358462326,-1.1040127880785515,-1.6918978437961407,-1.0,0.0,Biotechnology,Healthcare,IBIO
2010Q2,2010,Q2,2010-02-16,2009-12-31,-306671.0,0.0,-756955.0,-2.71172847256978,0.0,0.0,7911990.0,5206167.0,4060377.0,2705823.0,2705823.0,0.0,-9292505.0,25445475.0,22444459.0,46.035201740191525,1.5006070241845086,0.0,0.0,-0.145680859102477,46.035201740191525,-0.05890533284852369,0.0,-20.743300638143157,4.887564113867266,0.0,0.0,0.0,0.0,1.114729603525434,-0.038760286602991155,-69.44687801922478,0.0,0.5296468780860765,0.28071503549730165,-1.0,0.0,0.0,0.4541190585110833,-0.32237923618887565,0.28071503549730165,-1.0,0.0,Biotechnology,Healthcare,IBIO
2010Q1,2010,Q1,2009-11-16,2009-09-30,-561791.0,0.0,-572419.0,-5.7653034416683155,0.0,0.0,7449970.0,6673387.0,3653787.0,776583.0,776583.0,0.0,-9246659.0,28745685.0,25368690.0,68.48503227527888,4.70495362375947,0.0,0.0,-0.08586809134088383,68.48503227527888,-0.08418378853197035,0.0,-12.791983584642688,4.307510563975984,0.0,0.0,0.0,0.0,4.613625330454053,-0.07540849157781844,-61.25225868314511,0.0,-0.1822649006065046,-0.4271641558228479,-1.0,0.0,-1.0,-0.18226490060650447,-0.1991172410325808,-0.4271641558228479,-1.0,0.0,Biotechnology,Healthcare,IBIO
2009Q4,2009,Q4,2009-09-28,2009-06-30,-475182.0,137158.0,-477367.0,-4.876490403048168,133422.0,0.9727613409352718,4930364.0,4388224.0,1265608.0,542140.0,542140.0,0.0,-8684868.0,10962337.5,9923093.5,45.033753065894935,2.334467111816136,0.0,0.0,-0.10879509231930679,45.033753065894935,-0.10828572105708369,79.92488589801543,-5.767441475055873,2.4981262351238223,0.0,0.0,0.0,0.02781904135272771,2.3039048954144685,-0.09637868522486372,-29.343780364738222,0.9727613409352718,-0.402158518933768,0.6616027252886904,-0.34006347395000935,1.3172691814739879,-0.16863776279550866,-0.46440997636268944,-0.45673734192666376,0.6616027252886904,-0.34006347395000935,1.3172691814739879,Biotechnology,Healthcare,IBIO
2009Q3,2009,Q3,2009-05-15,2009-03-31,-324487.0,326886.0,-327696.0,-3.477845291526922,160486.0,0.4909540329044376,5227317.0,4858793.0,1667364.0,368524.0,368524.0,0.0,-8209686.0,4665050.0,3247643.0,52.076537228968604,4.5244380284594765,0.0,0.0,-0.06746470164048354,52.076537228968604,-0.06678345836095508,14.271183225956449,-3.5941732642602013,0.9601252821431167,0.0,0.0,0.0,0.06253418340613359,4.360991414399062,-0.06207524816268078,-15.542033002728573,0.4909540329044376,0.4217383257145594,0.35609453304560323,-0.20601063867645844,0.0,-0.12817726978884295,0.42499774065561746,0.42661471082796304,0.35609453304560323,-0.20601063867645844,0.0,Biotechnology,Healthcare,IBIO
2009Q2,2009,Q2,2009-02-11,2008-12-31,-564323.0,379132.0,-571511.0,-6.014310555553425,184081.0,0.4855327432134455,5700554.0,5179597.0,2121949.0,520957.0,520957.0,0.0,-7885199.0,2463037.5,745473.5,55.20192902056912,4.073174945340979,0.0,0.0,-0.11040502000104803,55.20192902056912,-0.10895114040725562,6.496517044195689,-1.0911470469925912,0.47552686048740855,0.0,0.0,0.0,0.06650792186162958,3.9249899703814326,-0.09899441352542226,-1.8919620107801018,0.4855327432134455,0.5162630322514831,-0.595299951094162,0.5782567791459569,0.0,-0.06926382849630904,-0.038687364716622735,-0.03983312045820916,-0.595299951094162,0.5782567791459569,0.0,Biotechnology,Healthcare,IBIO
2009Q1,2009,Q1,2008-11-12,2008-09-30,-543304.0,333428.0,-549618.0,-12.433018265166202,197780.0,0.5931715392828437,6817321.0,5743920.0,3366492.0,1073401.0,1073401.0,0.0,-7320876.0,10924500.0,7905093.0,131.44583276122478,3.1362855074664546,0.0,0.0,-0.09587043415061551,131.44583276122478,-0.0945876683519269,32.76419496862891,-5.026881819386568,1.9019241215058704,0.0,0.0,0.0,0.04890894825107986,3.0966199956959235,-0.07969464838167369,-6.573171927751367,0.5931715392828437,0.13722239425771976,-2.0777344127397726,1.9881268839312591,0.0,2.6287910757206023,0.13722239425771976,0.12712632907974875,-2.0777344127397726,1.9881268839312591,0.0,Biotechnology,Healthcare,IBIO
2008Q4,2008,Q4,2008-10-28,2008-06-30,-629715.0,93203.0,-629665.0,-14.410455466643233,54503.0,0.5847773140349559,3549449.0,-6202572.0,168080.0,1929373.0,9752021.0,0.0,-6777572.0,10378275.0,10359270.0,-141.94178223259647,0.0871163844419923,0.0,0.0,0.10152481905893233,-141.94178223259647,0.10152481905893233,111.3512977050095,-4.120227007455754,-1.6732212056546865,0.0,0.0,0.0,0.026258441803220726,0.06447949670696128,-0.17741204339039665,-36.72542649978237,0.5847773140349559,-1.6680195126084087,0.0,0.0,0.0,-0.7267814622653332,-0.24254873291462195,-0.245004972783157,0.0,0.0,0.0,Biotechnology,Healthcare,IBIO
2008Q3,2008,Q3,2008-03-31,2008-03-31,-506793.0,414035.0,-505753.0,-5.401180687975834,199485.0,0.4818070936031978,,,,,,,,22284625.0,,,0.0,0.0,0.0,0.0,,0.0,53.82304636081491,-10.99296211668275,0.0,0.0,0.0,0.0,0.0,0.0,0.0,-46.411991719219905,0.4818070936031978,-0.43266683816690726,0.0,0.0,0.0,0.5788661384916144,-0.43266683816690743,-0.42972683403959394,0.0,0.0,0.0,Biotechnology,Healthcare,IBIO
2008Q2,2008,Q2,2007-12-31,2007-12-31,-353741.0,240222.0,-353741.0,-3.7700186422173543,126347.0,0.525959320961444,,,,,,,,22284625.0,,,0.0,0.0,0.0,0.0,,0.0,92.76679488140137,-15.749252277796467,0.0,0.0,0.0,0.0,0.0,0.0,0.0,-107.96709818703307,0.525959320961444,0.06675970726508128,0.0,0.0,0.0,0.03905491866642544,0.06675970726508128,0.06026416878749077,0.0,0.0,0.0,Biotechnology,Healthcare,IBIO
2008Q1,2008,Q1,2007-09-30,2007-09-30,-379046.0,239598.0,-376426.0,-4.039708391896668,121598.0,0.5075084099199493,,,,,,,,22284625.0,,,0.0,0.0,0.0,0.0,,0.0,93.00839322531908,-14.69783680608686,0.0,0.0,0.0,0.0,0.0,0.0,0.0,-47.60400534045394,0.5075084099199493,0.0,0.0,0.0,0.0,0.0,0.0,0.0,0.0,0.0,0.0,Biotechnology,Healthcare,IBIO
