Quarters,Year,Quarter,FillingDate,Date,NetIncome,Revenue,OperatingIncome,EPSDiluted,GrossProfit,GrossProfitRatio,TotalAssets,CommonStockEquity,CurrentAssets,CurrentLiability,TotalLiability,Inventory,RetainedEarnings,MarketCap,EnterpriseValue,bookValuePerShare,currentRatio,debtToAssets,debtToEquity,roic,shareholdersEquityPerShare,roe,priceToSalesRatio,peRatio,pbRatio,payoutRatio,inventoryTurnover,dividendYield,assetTurnover,quickRatio,returnOnAssets,priceToFreeCashFlowsRatio,grossProfitMargin,epsdilutedGrowth,fiveYNetIncomeGrowthPerShare,fiveYRevenueGrowthPerShare,fiveYShareholdersEquityGrowthPerShare,grossProfitGrowth,netIncomeGrowth,operatingIncomeGrowth,threeYNetIncomeGrowthPerShare,threeYRevenueGrowthPerShare,threeYShareholdersEquityGrowthPerShare,Industry,Sector,Symbol
2023Q1,2023,Q1,2023-05-04,2023-04-01,-31212000.0,435388000.0,-10688000.0,-0.26,81351000.0,0.1868471341,4214940000.0,1967711000.0,890890000.0,260526000.0,2234994000.0,234564000.0,560091000.0,3381183399.4399996,4536435399.44,16.58001940956081,3.419581922725563,0.3641117074027151,0.7799463437466173,-0.002498077188359946,16.58001940956081,-0.015862085438359597,7.765908567622442,-27.08239939318211,1.718333332201731,0.0,1.5093407342985283,0.0,0.10329636958058715,2.4197700037616205,-0.007405087616905579,-53.45829024079431,0.186847134050548,-2.04,0.45834383851770394,0.2911471991103678,0.49780112697303447,-0.49664641314705044,-2.046153846153846,-1.1643195375438165,0.33576474644777504,0.13499965331905245,0.36329861650170886,Building Materials,Basic Materials,SUM
2022Q4,2022,Q4,2023-02-16,2022-12-31,29835000.0,552274000.0,65044000.0,0.25,161618000.0,0.2926409717,4255692000.0,1999286000.0,1018376000.0,255847000.0,2243702000.0,212491000.0,590895000.0,3365428047.92,4381675047.92,16.865530545239352,3.980410167013879,0.36109239108469315,0.7686233985532835,0.013173091090619975,16.865530545239352,0.014922827449399436,6.0937651381741675,28.20033557834758,1.683314967403363,0.009351432880844645,1.8384590406181909,8.290178723994284e-05,0.12977301928805,3.0628852400067226,0.0070106107302878124,45.36717866760131,0.29264097169158787,-0.6527777777777778,-0.38678629848786966,0.047086982981824996,0.47581224390467713,-0.25798972503684386,-0.6550428378175259,-0.48809242731894664,-0.2044392293984266,-0.0560908835077317,0.33226219636307314,Building Materials,Basic Materials,SUM
2022Q3,2022,Q3,2022-11-03,2022-10-01,86489000.0,752747000.0,127062000.0,0.72,217811000.0,0.2893548563,4284955000.0,1958617000.0,1093310000.0,322770000.0,2313731000.0,202783000.0,620320000.0,2825294042.4965,3888837042.4965,16.332472485138567,3.387272670942157,0.35827890841327387,0.7838229730467978,0.028047331452596594,16.332472485138567,0.04415819938252349,3.7533115940634767,8.16662824895796,1.442494394001737,0.0043242493265039485,2.6379726111163166,0.0001323756021053031,0.17567208990526154,2.6929082628497074,0.020184342659374487,49.997240129828874,0.2893548562797328,-0.5414012738853503,-0.0006701568134904164,0.084168163540333,0.4888978429116147,0.07641253477902041,-0.5450653032670043,0.14227408392966306,0.4510286495871865,-0.038157828222195204,0.3359447093842437,Building Materials,Basic Materials,SUM
2022Q2,2022,Q2,2022-08-04,2022-07-02,190113000.0,686554000.0,111236000.0,1.57,202349000.0,0.2947313685,4290803000.0,1929033000.0,1056461000.0,332962000.0,2350001000.0,209875000.0,587283000.0,2729045814.1535997,3823479814.1535997,16.041453200072965,3.1729176302400877,0.36350981389730547,0.8085652241304322,0.024652813767820386,16.041453200072965,0.09855352396770817,3.9749907715250363,3.5887154141926114,1.4147222023436614,0.0,2.30711137581894,0.0,0.16000594760467912,2.4939602717427216,0.0443070912367685,-70.26560452518345,0.29473136854493603,6.413793103448277,2.427326480728532,0.1807941905815258,0.5814192811771508,1.9947903562389924,6.46301724137931,4.1914844781086815,3.8661399423959057,0.064810832622716,0.3728527706183882,Building Materials,Basic Materials,SUM
2022Q1,2022,Q1,2022-05-05,2022-04-02,-34800000.0,420947000.0,-34854000.0,-0.29,67567000.0,0.1605118934,4143245000.0,1737288000.0,777840000.0,305071000.0,2396748000.0,187009000.0,397170000.0,3664465083.59,5021662083.59,14.362571005435361,2.5497015448862723,0.3969325975171635,0.94664154705495,-0.008942527530898373,14.362571005435361,-0.020031221075607498,8.705288512781895,-26.325180198204023,2.1093020176217183,0.0,1.889641674999599,0.0,0.10159838484086749,1.7699289673551404,-0.008399213659824606,-49.19603532952059,0.16051189342126207,-1.7837837837837835,0.4144755797884083,0.305412042606764,0.48043187058056447,-0.5818977253038291,-1.7839603514305025,-1.4683418435904327,0.5322485662470936,0.16977353135030218,0.2676288219611747,Building Materials,Basic Materials,SUM
2021Q4,2021,Q4,2022-02-24,2022-01-01,44390000.0,596668000.0,74420000.0,0.37,161604000.0,0.2708440875,4239125000.0,1813567000.0,869610000.0,309070000.0,2415913000.0,180760000.0,478956000.0,4689904990.663,5959317990.663,15.262500213864879,2.813634451742324,0.3893194939993513,0.9100154557289585,0.016995574736327183,15.262500213864879,0.024476625346623534,7.860158397405257,26.41307158517121,2.5860114297751338,0.0,2.4068599247621156,0.0,0.14075263173414324,2.1865176173682337,0.010471500604487954,41.63475187904371,0.2708440874992458,-0.40518153980917465,115.00272267616624,0.05062608086725927,0.6040832188124667,-0.2983013755731555,-0.4017842703897364,-0.40472095794971885,3.176687371632102,0.14182390837696138,0.2834963874669922,Building Materials,Basic Materials,SUM
2021Q3,2021,Q3,2021-11-04,2021-10-02,74204000.0,717240000.0,125017000.0,0.6220385290014356,230304000.0,0.3210975405721934,4216649000.0,1761871000.0,834782000.0,330909000.0,2444885000.0,195312000.0,435118000.0,3883882191.9309998,5269980191.931,14.87143161852272,2.5226935501905356,0.3899259815080648,0.9332016929729816,0.02846943758525756,14.87143161852272,0.042116590828726964,5.415038469593163,13.085151042837987,2.2044078096131896,0.0,2.493118702383878,0.0,0.17009715534776548,1.8905952996140933,0.01759786029143047,40.722224817100916,0.3210975405721934,0.3019059025568715,0.05156796560153263,-0.13986105939970386,0.4439872363290901,0.15036388429628222,0.30965954217335284,0.303305776508241,-0.019287943753725435,-0.02709389102320471,0.23452746984516734,Building Materials,Basic Materials,SUM
2021Q2,2021,Q2,2021-08-05,2021-07-03,56659000.0,667917000.0,95923000.0,0.477790697299848,200201000.0,0.2997393388699494,4452385000.0,1684374000.0,1027917000.0,341855000.0,2757463000.0,198217000.0,360914000.0,4017245960.8820004,5493895960.882,14.318398841670918,3.006880109988153,0.4370122979032586,1.1551751570613178,0.01977268129148248,14.318398841670918,0.03363801626004676,6.0145885804403845,17.725542106646785,2.385008294406112,0.0,2.3596159764298723,0.0,0.15001330747453331,2.382381419022685,0.012725539233467007,121.72366030003334,0.2997393388699494,3.4543025096924618,1.2723319613924027,-0.19392124973808877,0.32705984854525183,1.467048675292668,3.516276591020118,4.827886188594916,0.5132518254446305,0.05416420192131667,0.26134124065925773,Building Materials,Basic Materials,SUM
2021Q1,2021,Q1,2021-05-11,2021-04-03,-22517000.0,427844000.0,-25059000.0,-0.1946747376955247,81150000.0,0.1896719365002197,4351257000.0,1601527000.0,858435000.0,321717000.0,2736697000.0,210934000.0,304255000.0,3162863471.5975,4751995471.5975,13.846287189114918,2.6682923190257277,0.4478873576072386,1.2168842610833286,-0.005637960332785102,13.846287189114918,-0.014059706767353906,7.392562409657492,-35.11639507480459,1.9749048699132141,0.0,1.6436136421819147,0.0,0.09832652955226501,1.9486784969398572,-0.005174826492666372,-34.728119369722755,0.1896719365002197,-1.637691555743835,0.5290093923573611,-0.17325130045447923,0.15823998233403247,-0.6059799761111705,-1.6405609922621758,-1.3784432765494745,0.5990520784534727,0.3018474524311075,0.250841995051559,Building Materials,Basic Materials,SUM
2020Q4,2020,Q4,2021-02-24,2021-01-02,35152000.0,624633000.0,66216000.0,0.30528040702757375,205954000.0,0.3297200115908061,4308011000.0,1597801000.0,893279000.0,322689000.0,2691743000.0,200308000.0,326772000.0,2262967178.1885,3776276178.1885,13.940751146710696,2.7682350498467563,0.44834843736471425,1.2088426531213836,0.013565491598994887,13.940751146710696,0.02200023657514296,3.622874837206007,16.094156649610973,1.4163010150754067,0.0,2.090176128761707,0.0,0.1449933623660664,2.1120738543923094,0.008159682043523101,14.73410626022059,0.3297200115908061,-0.6148340024665488,-0.4857910739007042,-0.467469110431733,-0.1294669749402579,-0.14405170084990546,-0.6125647525625482,-0.3419004740749575,-0.2527356719441164,0.22487421089049953,0.21988046426154284,Building Materials,Basic Materials,SUM
2020Q3,2020,Q3,2020-10-28,2020-09-26,90730000.0,709619000.0,100617000.0,0.7925943852327217,240615000.0,0.3390763212371709,4292170000.0,1551243000.0,865541000.0,355867000.0,2722674000.0,209774000.0,291620000.0,1813300790.3036,3458758790.3036003,13.59349550692746,2.432203604155485,0.45063802225913696,1.2468807272619442,0.036044575866729135,13.59349550692746,0.05848857980342216,2.555316008031916,4.996420120973218,1.1689340679078648,0.0,2.2357584829387815,0.0,0.16532872649498973,1.8044241247432327,0.021138491718641152,14.85630194585764,0.3390763212371709,0.5853256799504994,1.1046353366352313,-0.48723480414150105,-0.12297747978688985,0.08949019927462407,0.5899691574372634,0.005566660003997601,0.10166052982472823,0.07404319957184885,0.23920772903854123,Building Materials,Basic Materials,SUM
2020Q2,2020,Q2,2020-07-24,2020-06-27,57064000.0,631009000.0,100060000.0,0.4999568197605112,220851000.0,0.3499965927585819,4111218000.0,1445698000.0,821984000.0,336694000.0,2649355000.0,231942000.0,200890000.0,1717841476.1364,3353530476.1364,12.669202929451169,2.4413384259891773,0.4594978908926746,1.3067016762837051,0.022853584990416165,12.669202929451169,0.03947159088550997,2.7223723847621826,7.525942258413361,1.1882436554082527,0.0,1.7683645049193333,0.0,0.15348468507386376,1.7163180811062864,0.013880071550572118,30.277270143581788,0.3499965927585819,2.2627259306272656,69.21105599096123,-0.5865868869873486,-0.22918006721734385,1.7253779231196396,2.2686809399942196,3.398370086289549,0.08411045646735966,0.1436752440689954,0.24897174463526714,Building Materials,Basic Materials,SUM
2020Q1,2020,Q1,2020-04-29,2020-03-28,-44979000.0,367190000.0,-41720000.0,-0.3959345473424745,81035000.0,0.22068956126256162,3992268000.0,1381594000.0,688256000.0,285828000.0,2610674000.0,231413000.0,143826000.0,1294643726.193,2982615726.193,12.161693123481598,2.407937640818954,0.4726852004925521,1.3658759375040714,-0.008431028144785357,12.161693123481598,-0.03255587386743139,3.525814227492579,-7.195823196341626,0.9370652494097397,0.0,1.236555422556209,0.0,0.09197528823215276,1.5451530290944204,-0.011266528199008684,-12.848786484646686,0.22068956126256162,-2.2657665297936185,-0.06405827966342952,-0.5454489493854897,-0.2563762000316495,-0.5635583178939204,-2.2609402595946286,-1.6961919700964523,0.1941971525457656,0.21245121893809918,0.2535748713380785,Building Materials,Basic Materials,SUM
2019Q4,2019,Q4,2020-02-05,2019-12-28,35671000.0,556528000.0,59926000.0,0.3128021937876893,185672000.0,0.33362562171175575,4067556000.0,1427407000.0,796281000.0,299297000.0,2640149000.0,204787000.0,188805000.0,2643156740.526,4215270740.526,12.659317806420061,2.6605044487582568,0.46303800119777083,1.319478607012576,0.03375732383429549,12.659317806420061,0.024990069405572482,4.749368837733232,18.52454893699364,1.8517190545695796,0.0,1.810935264445497,0.0,0.1368212263088695,1.9300661216116433,0.00876963955751316,19.49115642532889,0.33362562171175575,-0.3520050297664025,1.8515692600827163,-0.6475063288673283,0.0572628327306951,-0.2546376398517882,-0.36024176336603475,-0.5421336939662748,97.54188299150724,0.03269685035063401,0.3304896950268469,Building Materials,Basic Materials,SUM
2019Q3,2019,Q3,2019-10-30,2019-09-28,55757000.0,732082000.0,130881000.0,0.4827231817477324,249103000.0,0.3402665275201412,4042114000.0,1371436000.0,778416000.0,332072000.0,2670678000.0,197015000.0,153134000.0,2439918665.5773997,4142994665.5773997,12.225410505698578,2.3441181430533136,0.46650465573212435,1.3749566148183363,0.02218741328020065,12.225410505698578,0.04065592561373626,3.33284886881169,10.939965679544272,1.7790977235375183,0.0,2.451483389589625,0.0,0.18111364498873608,1.7145799706087836,0.013794019663967913,21.458889602446746,0.3402665275201412,0.48731447091980173,-0.5587191391866707,-0.6055647731904049,-0.0037591510942893164,0.27484928197832115,0.5313650096127438,0.6274278182586854,-0.1655147523970092,-0.07280075198674045,0.18706370589934762,Building Materials,Basic Materials,SUM
2019Q2,2019,Q2,2019-08-01,2019-06-29,36410000.0,600891000.0,80422000.0,0.3245602669684248,195398000.0,0.32518044037937,3954856000.0,1309511000.0,628387000.0,304825000.0,2645345000.0,208136000.0,97377000.0,2121283544.3538,3938854544.3538,11.684758586929354,2.061468055441647,0.476687141074163,1.4396435005127868,0.017199437552358997,11.684758586929354,0.02780427197633315,3.530230182102578,14.565253669004395,1.61990509766913,0.0,1.9482117461659685,0.0,0.15193751681477152,1.337268924792914,0.009206403469557424,654.1114845370953,0.32518044037937,1.5276802824758307,-0.36747447300499486,-0.6055189546770573,0.0,1.9770396891902187,1.5294305822136915,2.3944963673249986,0.532774326245601,-0.23878849954260545,0.08296843328110191,Building Materials,Basic Materials,SUM
2019Q1,2019,Q1,2019-05-08,2019-03-30,-68772000.0,332639000.0,-57671000.0,-0.6150699159074429,65635000.0,0.19731600924726206,3861361000.0,1266856000.0,510610000.0,259260000.0,2594505000.0,214038000.0,60967000.0,1744787707.2912998,3565566707.2913,11.330265418874534,1.9694900871711796,0.4883293740212324,1.488421730646577,-0.012924943994501609,11.330265418874534,-0.05428556994638696,5.245289058983762,-6.342652923032993,1.377258115595853,0.0,1.2474607312720172,0.0,0.08614553262437778,1.0696868008948546,-0.017810300565008038,-18.788633994780536,0.19731600924726206,-2.5837963247083255,0.7097062719553864,-0.530205960516976,0.0,-0.5499736024738253,-2.588790899128529,-3.0203538272902435,-0.48808292675877535,-0.33507141801082685,-0.05222488603921568,Building Materials,Basic Materials,SUM
2018Q4,2018,Q4,2019-02-06,2018-12-29,-19163000.0,491030000.0,28545000.0,-0.17162524322793415,145847000.0,0.29702258517809504,3857641000.0,1327741000.0,591540000.0,260657000.0,2529900000.0,213851000.0,129739000.0,1350413160.9136,3051318160.9136,11.891346452470936,2.269419198410171,0.4742310132021098,1.377838750177934,-0.0003715153215836171,11.891346452470936,-0.014432784707258419,2.750164268809645,-17.61745500330846,1.0170757406102546,0.0,1.6141285287419747,0.0,0.12728763511171723,1.3873711429196223,-0.004967543636123735,13.255198972433694,0.29702258517809504,-1.269449386056469,0.9434947243610322,-0.5596257701647012,-0.006600799453892617,-0.34568416330192914,-1.268765778401122,-0.7361025081586806,-1.2877446458002628,-0.5702834443114464,-0.25744246559157224,Building Materials,Basic Materials,SUM
2018Q3,2018,Q3,2018-11-06,2018-09-29,71300000.0,694700000.0,108167000.0,0.636947983960024,222900000.0,0.32085792428386356,3896300000.0,1344860000.0,659700000.0,286400000.0,2551500000.0,277400000.0,148900000.0,1995711829.4784,3758731829.4784,12.046254118904194,2.3034217877094973,0.46914251982650207,1.3591898041431822,0.026487194236077795,12.046254118904194,0.05301667088024032,2.872767855877933,6.997587059882188,1.48395508043841,0.0,1.7007930785868781,0.0,0.17829735903292868,1.280027932960894,0.0182994122629161,38.24668128551936,0.32085792428386356,1.0194801131677669,-0.432987985265124,-0.6239026241716231,-0.01835848996996318,0.1734172817149054,1.0079416485961306,0.3996946130255309,0.6905931599194313,-0.4868855632557702,-0.2228021011148378,Building Materials,Basic Materials,SUM
2018Q2,2018,Q2,2018-08-02,2018-06-30,35509000.0,600890000.0,77279000.0,0.3154019590521761,189958000.0,0.3161277438466275,3824256000.0,1266446000.0,621323000.0,299490000.0,2546485000.0,245238000.0,77613000.0,2879605620.928,4660319620.9279995,11.35172495762305,2.0746034926040937,0.4788167946915688,1.4458713596947679,0.018649597394954906,11.35172495762305,0.02803830562061075,4.792234220785835,20.273772993663577,2.2737689731168955,0.001689712467261821,1.6756456992798832,2.0836186581919513e-05,0.1571259873815979,1.2144111656482688,0.009285204756166952,-44.642971969179726,0.3161277438466275,1.6495951217433182,-0.3803300869151165,-0.603731083186842,0.0,1.8539362980769232,1.6608907666251,2.499835031538088,44.414467140531386,-0.5973319775078556,-0.30933809194409545,Building Materials,Basic Materials,SUM
2018Q1,2018,Q1,2018-05-08,2018-03-31,-53729000.0,314421000.0,-51525000.0,-0.4855362186306633,66560000.0,0.21169069495994225,3756580000.0,1224949000.0,611552000.0,281263000.0,2521233000.0,226750000.0,42104000.0,3294741852.0324,4954070852.0324,11.069573330518201,2.1743066098278123,0.4891741956779837,1.5001620475627966,-0.012860121592547897,11.069573330518201,-0.04386223426444693,10.478758899794862,-15.330370247130974,2.6896971645614633,-0.00016750730517969812,1.0931025358324145,2.731625239303117e-06,0.08369873661681636,1.3192634651553883,-0.014302636972991391,-32.66260064271949,0.21169069495994225,-2.200127661018561,0.7708421183321377,-0.551310482215343,0.0,-0.611214953271028,-2.188694690265487,-1.8991205109412628,-0.30485919195010125,-0.6004210168919868,-0.32315360201164595,Building Materials,Basic Materials,SUM
2017Q4,2017,Q4,2018-02-14,2017-12-30,45200000.0,490000000.0,57306000.0,0.40457047562638765,171200000.0,0.34938775510204084,3787300000.0,1258543000.0,783600000.0,250000000.0,2528800000.0,194000000.0,95800000.0,3404563092.4765,4855804092.4765,11.427964915521258,3.1344,0.48447205132944315,1.4579088676350351,-0.01278452672149237,11.427964915521258,0.035914545629350765,6.9480879438295915,18.830548077856747,2.705162312671478,0.041261061946902655,1.6432989690721649,0.0005477942247924058,0.12937976922873815,2.3276,0.011934623610487683,30.107029345753524,0.34938775510204084,-0.43277809369727704,1.135128546965547,-0.5544534102533137,-0.04531154177340384,-0.23787816734628467,-0.4282244598492132,-0.4969230364056149,2.699520464694457,-0.6822403533845367,-0.0455755401919414,Building Materials,Basic Materials,SUM
2017Q3,2017,Q3,2017-11-02,2017-09-30,79052000.0,634181000.0,113911000.0,0.7132490320472051,224636000.0,0.35421433313202383,3992792000.0,1201560000.0,815342000.0,315123000.0,2775428000.0,181784000.0,95636000.0,3415651373.2748,4962587373.274799,10.969505102646663,2.5873769924759538,0.45933221665441126,1.5263640600552615,-0.007619445618635612,10.969505102646663,0.06579113818702353,5.385925111718579,10.801913213058493,2.842680659538267,0.0003794970399230886,2.2529210491572416,8.78309778179648e-06,0.1588314642986662,1.9734801966216367,0.019798677216343853,41.20504950026299,0.35421433313202383,0.560868646919615,-0.35925943178789654,-0.65006864438692,-0.106102075636455,0.19360255047821467,0.58104,0.3816772597156858,-0.35925943178789654,-0.65006864438692,-0.106102075636455,Building Materials,Basic Materials,SUM
2017Q2,2017,Q2,2017-08-04,2017-07-01,50000000.0,524100000.0,82444000.0,0.45695647321432653,188200000.0,0.3590917763785537,3365200000.0,1099528000.0,825100000.0,277200000.0,2265600000.0,212100000.0,16600000.0,3046584946.1733003,4527522946.1733,10.143706600144835,2.9765512265512264,0.5450011886366338,1.668023006235403,0.026204805226977608,10.143706600144835,0.04547405795941531,5.812984060624499,15.2329247308665,2.7708116084113366,0.0,1.5836869401225837,0.0,0.1557411149411625,2.1666666666666665,0.014857957922263165,-2266.8042754265625,0.3590917763785537,1.9299941865397505,-0.10193623257007423,-0.6442668047703266,0.0,1.8215892053973013,1.9541984732824427,3.514763299170327,-0.10193623257007423,-0.6442668047703266,0.0,Building Materials,Basic Materials,SUM
2017Q1,2017,Q1,2017-05-03,2017-04-01,-52400000.0,284300000.0,-32784000.0,-0.491354117937591,66700000.0,0.23461132606401688,2971900000.0,1034619000.0,524900000.0,243300000.0,1937200000.0,201900000.0,-33400000.0,2565472261.2096,3946368261.2096,9.701608895925046,2.1574188244965065,0.5171762172347656,1.485567150806239,-0.012176571473396982,9.701608895925046,-0.050646663167794134,9.023820827328878,-12.239848574473282,2.4796299519046143,-0.0015076335877862595,1.0777612679544328,3.0793550643479627e-05,0.09566270735892864,1.2778462803123716,-0.01763181802887042,-26.559058555925255,0.23461132606401688,-148.94521120922076,0.7680962521541366,-0.5790197924970998,0.0,-0.551958084234567,-179.68965517241378,-1.6745123858118673,0.7680962521541366,-0.5790197924970998,0.0,Building Materials,Basic Materials,SUM
2016Q4,2016,Q4,2017-02-28,2016-12-31,-290000.0,422973000.0,48604000.0,-0.0032768910322317486,148870000.0,0.3519609998746965,2781466000.0,842044000.0,483698000.0,239288000.0,1921427000.0,157679000.0,19028000.0,2049687625.8425999,3439017625.8426,9.514780801188106,2.021405168667046,0.5510482601620872,1.8202397974452642,0.014220668750422678,9.514780801188106,-0.00034440005510400884,4.845906537397422,-1766.9720912436208,2.4341811423661945,-13.741379310344827,1.7383608470373353,0.0019441986914283187,0.15206836970144522,1.3089624218514928,-0.00010426156566357453,15.913476699450317,0.3519609998746965,-1.0055126369813898,0.998921128223724,-0.5213998268118712,-0.2051383180995737,-0.23064599483204135,-1.0064732142857142,-0.4492651807870554,0.998921128223724,-0.5213998268118712,-0.2051383180995737,Building Materials,Basic Materials,SUM
2016Q3,2016,Q3,2016-11-03,2016-10-01,44800000.0,529400000.0,88253000.0,0.5944325815928378,193500000.0,0.36550812240272007,2781000000.0,774638000.0,491100000.0,267300000.0,2006400000.0,203900000.0,46300000.0,1344897023.8055,2847960023.8055,10.29886639187264,1.8372615039281706,0.5518385472851493,1.9811357046775397,0.037214476359537604,10.29886639187264,0.05783346543804977,2.5404174986881376,7.505005713200336,1.7361619541069506,0.1936607142857143,1.64737616478666,0.006451051527685386,0.1903631787126933,1.0430228208005985,0.016109313196691837,16.655690289490632,0.36550812240272007,1.8568462698225696,-0.4711939341277964,-0.57459496688035,-0.1607519933810671,0.20786516853932585,2.343283582089552,0.8884918257296928,-0.4711939341277964,-0.57459496688035,-0.1607519933810671,Building Materials,Basic Materials,SUM
2016Q2,2016,Q2,2016-08-10,2016-07-02,13400000.0,445300000.0,46732000.0,0.2080730026924957,160200000.0,0.3597574668762632,2702500000.0,682112000.0,434000000.0,258500000.0,2020400000.0,203800000.0,1400000.0,1274823234.0,2815422234.0,10.789565261406272,1.678916827852998,0.5734686401480111,2.2720594271908428,0.021943258325914358,10.789565261406272,0.01964486770501032,2.8628413069840555,23.78401555970149,1.8689353566569713,0.0,1.39892051030422,0.0,0.16477335800185014,0.8595744680851064,0.004958371877890842,-34.37478385374535,0.3597574668762632,1.5034059946978928,-0.5873329059834124,-0.4817720895100664,0.0,2.104651162790698,1.6350710900473933,2.5811876163085774,-0.5873329059834124,-0.4817720895100664,0.0,Building Materials,Basic Materials,SUM
2016Q1,2016,Q1,2016-05-04,2016-04-02,-21100000.0,228400000.0,-29555000.0,-0.41333040306237473,51600000.0,0.22591943957968477,2614000000.0,610267000.0,419500000.0,205500000.0,2003800000.0,179800000.0,-11900000.0,996430741.4808,2440939741.4808,11.954592658088448,2.0413625304136254,0.5878764345830145,2.518092900320679,-0.011472597114900365,11.954592658088448,-0.03457503027363433,4.3626564863432575,-11.806051439345973,1.6327783437098846,0.0,0.9833147942157954,0.0,0.08737566947207345,1.0934306569343066,-0.008071920428462127,-12.289021638084433,0.22591943957968477,-5.649083849829788,0.8049210008229122,-0.29346691929288493,0.0,-0.6052027543993879,-1.9017094017094016,-1.434696278864539,0.8049210008229122,-0.29346691929288493,0.0,Building Materials,Basic Materials,SUM
2015Q4,2015,Q4,2016-02-22,2016-01-02,23400000.0,401500000.0,67990000.0,0.08890577507598785,130700000.0,0.32552926525529263,2396200000.0,628265000.0,472500000.0,214500000.0,1767900000.0,135800000.0,10900000.0,757835382.1545,1866898382.1545,16.014040530804657,2.202797202797203,0.540632251064185,2.061969073559724,0.04014900017586466,16.014040530804657,0.03724542987433647,1.88751029179203,8.096531860625001,1.2062352385609576,0.09777777777777778,1.9941089837997055,0.003019125332331798,0.1675569651948919,1.5473193473193474,0.009765461981470661,7.744710196567265,0.32552926525529263,-0.7643853622604057,1.1963729871734634,0.02480163727848001,0.337807717940021,-0.180564263322884,0.5918367346938775,-0.1843516441330662,1.1963729871734634,0.02480163727848001,0.337807717940021,Building Materials,Basic Materials,SUM
2015Q3,2015,Q3,2015-11-03,2015-09-26,14700000.0,471900000.0,83357000.0,0.37733553368720735,159500000.0,0.337995337995338,2330200000.0,603132000.0,418900000.0,303400000.0,1727100000.0,172200000.0,4400000.0,771227436.6276001,1984517436.6276002,15.499596867392116,1.380685563612393,0.5288344348124624,2.0431514162737177,0.048917754506762154,15.499596867392116,0.024372774119098307,1.6343026841017165,13.116112867816327,1.2787042249915441,0.9936054421768707,1.8141695702671312,0.018938641581358506,0.20251480559608617,0.7412656558998022,0.006308471375847567,22.12102560313217,0.337995337995338,52.46933467274614,-0.6646076488550928,-0.26703021997440174,0.2630521922899369,0.37856525496974935,74.5,0.9706146572104019,-0.6646076488550928,-0.26703021997440174,0.2630521922899369,Building Materials,Basic Materials,SUM
2015Q2,2015,Q2,2015-08-10,2015-06-27,-200000.0,364900000.0,42300000.0,-0.007331268921317779,115700000.0,0.3170731707317073,1815500000.0,448381000.0,349600000.0,283600000.0,1367100000.0,153100000.0,-10400000.0,661410739.6743001,1494485739.6743002,16.436008451046938,1.232722143864598,0.46580831726797023,1.8860634148190936,0.004226839592037035,16.436008451046938,-0.00044604923045356515,1.812580815769526,-826.763424592875,1.4751087572272241,0.0,1.627694317439582,0.0,0.2009914624070504,0.6230606488011283,-0.0001101624896722666,-14.948148793687709,0.3170731707317073,0.9802975076347157,-1.0142733506570294,-0.0158917652297837,0.0,2.23926311663587,0.9802975076347158,1.7168762498728942,-1.0142733506570294,-0.0158917652297837,0.0,Building Materials,Basic Materials,SUM
2015Q1,2015,Q1,2015-05-05,2015-03-31,-10151000.0,193987000.0,-59006000.0,-0.3720985541014839,35718000.0,0.18412574038466495,2018254000.0,446161000.0,587540000.0,190887000.0,1389983000.0,133307000.0,-10151000.0,573846089.2857,1339485089.2856998,16.35463136602031,3.077946638587227,0.5354226970440787,2.422038232835232,-0.036174390133346515,16.35463136602031,-0.02275187656473784,2.958167760137019,-14.13274774124963,1.2861861285179563,0.0,1.1872519822664975,0.0,0.09611624701350771,2.288039520763593,-0.005029594887462133,-7.244067982297768,0.18412574038466495,-4.354008367541623,0.8243811415962915,0.12290570013130125,0.0,-0.6153564505707517,-4.834907442387609,-3.531685759643026,0.8243811415962915,0.12290570013130125,0.0,Building Materials,Basic Materials,SUM
2014Q4,2014,Q4,2014-12-31,2014-12-31,2647000.0,334086000.0,23307000.0,0.11094145074367236,92860000.0,0.2779523835180163,1729777000.0,285685000.0,293416000.0,212985000.0,1442794000.0,111553000.0,-217416000.0,475148658.564,1544380658.5640001,11.973671460410289,1.3776369227879897,0.6257725706839667,3.788952867668936,0.29830606910513396,11.973671460410289,0.00926544970859513,1.4222345700328658,44.87614833434076,1.663190782029158,0.0,2.1624339999820714,0.0,0.19313819064538376,0.7732516374392563,0.0015302550559985477,6.0911028313356494,0.2779523835180163,-0.8997368021853603,1.0365259628254841,0.402149689214201,0.0002766048332318018,-0.1501162343724259,-0.901503311751135,-0.5118850656558253,1.0365259628254841,0.402149689214201,0.0002766048332318018,Building Materials,Basic Materials,SUM
2014Q3,2014,Q3,2014-09-30,2014-09-30,26874000.0,394759000.0,47749000.0,1.1065022177805857,109262000.0,0.27678152999678285,1749758000.0,292792000.0,343159000.0,233408000.0,1455678000.0,111137000.0,-218128000.0,475148658.564,1573674658.5640001,12.27154108278856,1.470210961063888,0.6335281793253695,3.7860358206508375,0.034946706862403955,12.27154108278856,0.09178529468018252,1.2036423705703987,4.420151992297388,1.6228198125768465,0.0,2.5688744522526252,0.0,0.22560776976016111,0.9248397655607349,0.015358695316723799,23.686373806779663,0.27678152999678285,1.1929008567931456,0.0,0.0,0.0,0.18078955615834352,1.1929008567931456,0.40761157950592536,0.0,0.0,0.0,Building Materials,Basic Materials,SUM
2014Q2,2014,Q2,2014-06-30,2014-06-30,12255000.0,324295000.0,33922000.0,0.5045837865186082,92533000.0,0.2853358824527051,,,,,,,,475148658.564,,,0.0,0.0,0.0,0.0,,0.0,1.4651741734038453,9.69295509106487,0.0,0.0,0.0,0.0,0.0,0.0,0.0,-19.140696848372542,0.2853358824527051,1.2424188475461397,0.0,0.0,0.0,3.127988936473947,1.2424188475461397,1.9686741483194836,0.0,0.0,0.0,Building Materials,Basic Materials,SUM
2014Q1,2014,Q1,2014-03-31,2014-03-31,-50553000.0,151091000.0,-35019000.0,-2.081454439810298,22416000.0,0.14836092156382577,,,,,,,,475148658.564,,,0.0,0.0,0.0,0.0,,0.0,3.144784656690339,-2.3497550024924334,0.0,0.0,0.0,0.0,0.0,0.0,0.0,-6.757333445645372,0.14836092156382577,0.3147094527625344,0.0,0.0,0.0,-0.6519957151506683,0.3024189653507017,0.3935263759481833,0.0,0.0,0.0,Building Materials,Basic Materials,SUM
2013Q4,2013,Q4,2013-12-31,2013-12-31,-72469000.0,238267000.0,-57742000.0,-3.0373313161855657,64413000.0,0.2703395770291312,1251060000.0,285606000.0,237900000.0,179473000.0,964243000.0,96432000.0,-198511000.0,475148658.564,1148020658.5640001,11.970360400867882,1.3255475754013137,0.5523755855034931,2.419609532012633,-0.05827872469143896,11.970360400867882,-0.2537376665756322,1.9941857603612754,-1.6391445258110364,1.663650828638054,0.0,1.802866268458603,0.0,0.1904520966220645,0.7147983262106278,-0.057926078685274884,8.80736730178502,0.2703395770291312,0.0,0.0,0.0,0.0,0.0,0.0,0.0,0.0,0.0,0.0,Building Materials,Basic Materials,SUM
