Quarters,Year,Quarter,FillingDate,Date,NetIncome,Revenue,OperatingIncome,EPSDiluted,GrossProfit,GrossProfitRatio,TotalAssets,CommonStockEquity,CurrentAssets,CurrentLiability,TotalLiability,Inventory,RetainedEarnings,MarketCap,EnterpriseValue,bookValuePerShare,currentRatio,debtToAssets,debtToEquity,roic,shareholdersEquityPerShare,roe,priceToSalesRatio,peRatio,pbRatio,payoutRatio,inventoryTurnover,dividendYield,assetTurnover,quickRatio,returnOnAssets,priceToFreeCashFlowsRatio,grossProfitMargin,epsdilutedGrowth,fiveYNetIncomeGrowthPerShare,fiveYRevenueGrowthPerShare,fiveYShareholdersEquityGrowthPerShare,grossProfitGrowth,netIncomeGrowth,operatingIncomeGrowth,threeYNetIncomeGrowthPerShare,threeYRevenueGrowthPerShare,threeYShareholdersEquityGrowthPerShare,Industry,Sector,Symbol
2023Q1,2023,Q1,2023-05-12,2023-03-31,-1010962.0,18026.0,-803485.0,-0.32,16566.0,0.9190058804,11023995.0,9443857.0,10954634.0,732381.0,1580138.0,0.0,-8077524.0,6633473.7,1967466.7000000002,2.9897005094027884,14.95756170627037,0.0,0.0,-0.09489541349575444,2.9897005094027884,-0.10704969378507108,367.99476866748034,-1.6403865080982272,0.702411493524309,0.0,0.0,0.0,0.0016351603933056937,14.678542998794343,-0.09170559311755856,-9.57642358464417,0.919005880394985,0.5616438356164384,-19.267363423115764,-0.9624943745354329,1.4534242312472272,0.0,0.3924485304634512,0.5150842688830978,0.36750359701770663,8.163251378922544,6.391737659084559,Biotechnology,Healthcare,SILO
2022Q4,2022,Q4,2023-03-24,2022-12-31,-1663994.0,18026.0,-1656958.0,-0.73,16566.0,0.9190058804,11642877.0,10340777.0,11572056.0,436318.0,1302100.0,0.0,-7171128.0,7675046.399999999,-3691987.6000000006,4.527009858858964,26.522068766358483,0.0,0.0,-0.1603474180293506,4.527009858858964,-0.16091576097231378,425.77645622989013,-1.1531060809113494,0.7422117699666089,0.0,0.0,0.0,0.0015482427582117376,26.21061244321802,-0.14291948630909698,-8.662688137211635,0.919005880394985,-0.4313725490196078,-4.526941427916082,-0.978989877973023,2.7691704621337943,0.0,-0.6372140891438737,-0.7457209262142919,0.10510479054385792,-0.9080911906735214,93.82031353541115,Biotechnology,Healthcare,SILO
2022Q3,2022,Q3,2022-11-10,2022-09-30,-1016357.0,18025.0,-949154.0,-0.51,16566.0,0.9190568655,13049420.0,11853419.0,12912335.0,312194.0,1196001.0,0.0,-5508297.0,10763766.0,-1489257.0,5.924635877442895,41.35997168427324,0.0,0.0,-0.08277079763055771,5.924635877442895,-0.0857437841351934,597.1576144244106,-2.6476341482372825,0.9080726835016969,0.0,0.0,0.0,0.001381287444192922,39.4977546013056,-0.07788522401761917,-7.567545183740532,0.9190568654646325,-0.24390243902439035,0.01985024375117811,1.0214359551243128,4.957287576236823,0.0,-0.23623048086583584,-0.9202565321626187,0.1018899867355893,14.778189946951402,28.450268984013757,Biotechnology,Healthcare,SILO
2022Q2,2022,Q2,2022-08-01,2022-06-30,-822142.0,18025.0,-494285.0,-0.41,16566.0,0.9190568655,9044715.0,7874037.0,8947385.0,268845.0,1170678.0,-63590.0,-4525051.0,10943422.53,2208988.5299999993,3.960970488544227,33.28083096207852,0.0,0.0,-0.07838548930981262,3.960970488544227,-0.10441175219268083,607.1246895977808,-3.327716662693306,1.3898109102103533,0.0,-0.02294385909734235,0.0,0.0019928765030186135,33.14562666220313,-0.09089750202189897,-27.35110314939179,0.9190568654646325,-0.32258064516129026,-4.4482657170827,4.6977873936441465,1.6182904702823717,0.0,-0.36100001324345443,0.09679877352405351,0.19943498744818738,0.0,17.039970657893946,Biotechnology,Healthcare,SILO
2022Q1,2022,Q1,2022-05-13,2022-03-31,-604072.0,18026.0,-547259.0,-0.31,16566.0,0.9190058804,9715810.0,8503203.0,9618217.0,292748.0,1212607.0,0.0,-3866649.0,20733486.89,11665650.89,4.310353777159573,32.85493666908057,0.0,0.0,-0.06448330731465293,4.310353777159573,-0.07104052437652024,1150.1989842449796,-8.580718395323737,2.438314937324206,0.0,0.0,0.0,0.0018553265244997585,32.14971921242844,-0.06217412650103285,-26.27268934886874,0.919005880394985,0.4363636363636364,-1.4117917351712927,-0.989722810489854,1.7131039285784153,0.0,0.43161571263506926,0.41930209164530313,-0.16104040229378855,0.0,5.897826738244738,Biotechnology,Healthcare,SILO
2021Q4,2021,Q4,2022-03-28,2021-12-31,-1062788.0,18026.0,-942416.0,-0.55,16566.0,0.9190058804,10490189.0,9062266.0,10402320.0,490039.0,1427923.0,0.0,-3262577.0,13565802.25,3728801.25,4.776363439913773,21.227534951299795,0.0,0.0,-0.10455841977739111,4.776363439913773,-0.11727618677271226,752.5686369688228,-3.191088497894218,1.4969547627491844,0.0,0.0,0.0,0.0017183675146367715,20.93097896289887,-0.10131256929689256,-17.52979792497716,0.919005880394985,-1.171875,-2.9323882739443885,-0.9841654055181981,4.664540687419198,0.0,-1.16644764177457,-1.0313228808773511,-0.16313118210772756,-0.8932293524635384,10.512123532114122,Biotechnology,Healthcare,SILO
2021Q3,2021,Q3,2021-11-10,2021-09-30,6385119.0,18025.0,-463942.0,3.2,16566.0,0.9190568654646325,11390250.0,10150952.0,11302132.0,283389.0,1239298.0,0.0,-2173891.0,19234205.25,8972789.25,5.145613281838094,39.882041998807296,0.0,0.0,-0.045569577678154456,5.145613281838094,0.6290167661121834,1067.0848959778086,0.7530871879600052,1.8948178702844816,0.0,0.0,0.0,0.0015824937995215205,39.10364199033837,0.5605775992625271,-29.007280019665743,0.9190568654646325,14.333333333333336,8.513264203068061,-0.18691361912024432,4.20873286023038,-0.44012977795802494,14.820903049849564,0.0903668789409292,18.01374709072936,527.7545556372806,4.325223949767353,Biotechnology,Healthcare,SILO
2021Q2,2021,Q2,2021-08-13,2021-06-30,-461990.0,68085.0,-510032.0,-0.24,29589.0,0.4345891165454946,5003903.0,3765833.0,4974326.0,264135.0,1238070.0,55607.0,-8559010.0,24214350.0,20063422.0,1.9440089244600824,18.832513676718346,0.0,0.0,-0.1354367015212836,1.9440089244600824,-0.12267936469832837,355.6488213262833,-13.103286867681119,6.430011633548275,0.0,0.6922869422914382,0.0,0.013606378860661367,17.987498816892877,-0.09232593037874635,-45.75262874472126,0.4345891165454946,0.5636363636363637,0.4500083782994666,1.1229004363381716,0.3702970420210854,0.9110637473357877,0.5036112525813848,0.4731634960329634,0.2438359459289934,1.1468059718668657,1.1523843882044007,Biotechnology,Healthcare,SILO
2021Q1,2021,Q1,2021-05-17,2021-03-31,-930702.0,47433.0,-968103.0,-0.55,15483.0,0.32641831636202645,5501187.0,4227823.0,5481812.0,326989.0,1273364.0,44665.0,-8097020.0,24691165.5,20073526.5,2.4828084158279204,16.764515014266536,0.003435622166634219,0.004470385822679899,-0.22796471538171903,2.4828084158279204,-0.22013740877988505,520.5482575422175,-6.63240368560506,5.840160645325029,0.0,0.7153251987014441,0.0,0.008622320964548196,15.923284881142791,-0.16918203289580958,-79.18454194433933,0.32641831636202645,0.08333333333333323,-4.305542373167144,0.2509539073745601,0.3525967441566253,1.1257431049605302,-0.1783812391271869,-0.24005118509637555,-32.19606475626172,-0.8169263806037862,1.037455694902883,Biotechnology,Healthcare,SILO
2020Q4,2020,Q4,2021-03-29,2020-12-31,-789814.0,22128.0,-780696.0,-0.6,-123132.0,-5.564533622559653,1426664.0,1280695.0,1426664.0,141723.0,145969.0,33484.0,-5762321.0,23084127.5,21974638.5,0.9708906043774017,10.066566471214976,0.0132476883134361,0.014757612077817122,-0.6007225327890612,0.9708906043774017,-0.6167073346893679,1043.2089434201011,-7.306823980076322,18.024687767188908,0.0,4.338191374985067,0.0,0.015510309365064234,8.129160404450936,-0.5536089787083714,-43.041464751651525,-5.564533622559653,-0.5789473684210525,-90.22222113679693,-0.7859225709664147,-0.49874480059138665,-8.353691886964448,-0.24616634716272612,-0.22708497060765145,-3.8989293794044446,-0.955338049336721,-0.19164033168134134,Biotechnology,Healthcare,SILO
2020Q3,2020,Q3,2020-11-05,2020-09-30,-633795.0,16285.0,-636220.0,-0.38,-13164.0,-0.8083512434755911,2204181.0,2070509.0,2086834.0,122030.0,133672.0,30744.0,-4972507.0,29545827.5,27919015.5,1.2263629272187417,17.100991559452595,0.008574613427844628,0.009128190217960897,-0.30449758759534395,1.2263629272187417,-0.3061058899043665,1814.2970525023027,-11.654331250640979,14.269837754870904,0.0,0.9578779599271403,0.0,0.007388231728701046,14.300630992378924,-0.28754217552914213,-105.28880110613399,-0.8083512434755911,0.8061224489795918,0.1759260434115298,1.0234962305850428,-0.384430854780185,-15.908267270668176,0.5390685737267015,0.3616690395136717,0.2756994329149448,1.02294981513696,0.23312162661224245,Biotechnology,Healthcare,SILO
2020Q2,2020,Q2,2020-08-14,2020-06-30,-1375031.0,2216.0,-996693.0,-1.96,883.0,0.39846570397111913,2795997.0,2304304.0,2795997.0,80051.0,491693.0,154938.0,-4338712.0,12294835.0,10394406.0,3.2798585747592384,34.92769609374024,0.006759663905218783,0.00820204278602129,-0.42901656505412356,3.2798585747592384,-0.5967229150320443,5548.2107400722025,-2.2353741479283014,5.335595910956193,0.0,0.00860344137655062,0.0,0.0007925616515325303,26.42968857353437,-0.49178557773845966,-55.270851034178925,0.39846570397111913,-2.8431372549019605,-123.94857477370527,-0.9657234185614232,0.3467594230547379,3.204761904761905,-4.756230193781737,-5.254427138894815,-24.78309940894229,0.9820377011462657,1.1680601950968432,Biotechnology,Healthcare,SILO
2020Q1,2020,Q1,2020-05-12,2020-03-31,-238877.0,294.0,-159358.0,-0.51,210.0,0.7142857142857143,403817.0,-261769.0,403817.0,265586.0,665586.0,155913.0,-2894681.0,8261470.0,8411702.0,-0.554496657374535,1.5204754768700157,0.39467134865545533,-0.608838326921828,1.5563216594722347,-0.554496657374535,0.9125488503222307,28100.238095238095,-8.646154715606777,-31.56015418174039,0.0,0.000538762001885667,0.0,0.000728052558460887,0.8228483429096414,-0.5915476564879636,-70.24521932845275,0.7142857142857143,0.3703703703703704,-18.991046173686257,-0.9935546041356131,-1.2303642732229059,-0.9838411819021238,0.3747968352094724,0.5073286402829433,-1.6804772423038692,-0.9992995571965155,-1.3490217131313573,Biotechnology,Healthcare,SILO
2019Q4,2019,Q4,2020-03-20,2019-12-31,-382079.0,40301.0,-323457.0,-0.81,12996.0,0.32247338775712764,493845.0,-22892.0,493845.0,116737.0,516737.0,156366.0,-2655804.0,8213975.0,8164098.0,-0.048771757888233166,4.230406811893402,0.12529234881389908,-2.702909313297222,-8.297386040068748,-0.048771757888233166,16.69050323257033,203.8156621423786,-5.374526603137047,-358.8142145727765,0.0,0.174622360359669,0.0,0.08160657696240724,2.7510215270222806,-0.7736820257368202,-28.05281007090067,0.32247338775712764,-0.42105263157894757,-15.749573583361636,87.56964604755113,-1.0197291190539293,68.87096774193549,-0.4391952719780323,-0.3338047973872919,-4.714615712197657,-0.8568974035215564,-1.057840993557191,Biotechnology,Healthcare,SILO
2019Q3,2019,Q3,2019-11-13,2019-09-30,-265481.0,268.0,-242507.0,-0.57,186.0,0.6940298507462687,386530.0,-101301.0,157090.0,87831.0,487831.0,99580.0,-2273725.0,8213660.0,8214104.0,-0.21583161465168998,1.788548462387995,0.06467803275295579,-0.246789271576786,3.1782938624657606,-0.21583161465168998,2.620714504299069,30647.985074626864,-7.734696644957643,-81.08172673517537,0.0,0.0008234585258083953,0.0,0.0006933485111116861,0.38653778278739853,-0.6868315525314982,-41.04921211636589,0.6940298507462687,-0.09615384615384602,-0.7065906057210737,1.0031350969875297,-1.090391642030805,0.0,-0.09607325843995525,-0.2771996165878425,-0.3129980098929143,-0.9491878975592691,-1.2184791514513607,Biotechnology,Healthcare,SILO
2019Q2,2019,Q2,2019-08-13,2019-06-30,-242211.0,0.0,-189874.0,-0.52,0.0,0.0,535537.0,102945.0,306097.0,32592.0,432592.0,26973.0,-2008244.0,8204980.0,8133085.0,0.21956634872967393,9.39178325969563,0.00947833669755778,0.04930788285006557,-1.757750807713315,0.21956634872967393,-2.3528194667055224,0.0,-8.468835024007992,79.70255961921414,0.0,0.0,0.0,0.0,7.354780314187531,-0.45227687349333473,-54.014601423276694,0.0,-1.0,-0.16263591261291602,1.0,-0.8983845644741302,0.0,-0.9608574921269724,-0.08769799215192049,-0.19135361155891323,1.0,-0.845231616786325,Biotechnology,Healthcare,SILO
2019Q1,2019,Q1,2019-05-14,2019-03-31,-123523.0,0.0,-174565.0,-0.26,0.0,0.0,750854.0,292669.0,521414.0,58185.0,458185.0,26973.0,-1766033.0,8196230.0,8031419.0,0.6248857706530929,8.961313053192404,0.016694324063000265,0.04282995465867584,-0.5719617043026959,0.6248857706530929,-0.4220569995455617,0.0,-16.58846935388551,28.005118410217687,0.0,0.0,0.0,0.0,7.804984102431899,-0.16451001126717044,-54.81548112677564,0.0,0.4583333333333333,-1.527474826841121,-1.0,-0.7840531514341121,1.0,0.7388166686401543,0.42223994757414585,-1.560144456002213,-1.0,-0.6595716151649463,Biotechnology,Healthcare,SILO
2018Q4,2018,Q4,2019-04-04,2018-12-31,-472936.0,87384.0,-302141.0,-0.48,-44.0,1.0,855417.0,407442.0,625977.0,47975.0,447975.0,26973.0,-1642510.0,17185490.0,16871155.0,0.41489855686395904,13.047983324648254,0.026120593815647807,0.0548397072466756,-0.7030033551581485,0.41489855686395904,-1.1607443513432587,196.66632335438982,-9.084469145930951,42.178984984365876,0.0,0.0,0.0,0.10215368644766237,11.776404377279833,-0.5528718741853389,-108.16171241196574,-0.0005035246727089627,-1.526315789473684,-4.718748840921245,-0.45293989694114867,-0.8495187338496389,0.9985324528050163,-1.3866129732239278,-2.7225986890739735,-72.76325380003394,0.13556548341927058,-0.7857945499549316,Biotechnology,Healthcare,SILO
2018Q3,2018,Q3,2018-11-14,2018-09-30,-198162.0,18.0,-81164.0,-0.19,-29982.0,-1665.6666666666667,1435248.0,1006515.0,1052748.0,28733.0,428733.0,0.0,-1169574.0,18228840.0,17602725.0,0.9662717155891434,36.63898653116625,0.0,0.0,-0.0806386392651873,0.9662717155891434,-0.19687933115750883,1012713.3333333334,-22.997396069882218,18.110847826410932,0.0,0.0,0.0,1.254138657569981e-05,35.86746946020256,-0.1380681248118792,-363.89994610025354,-1665.6666666666667,0.40625,-19.35609532518366,0.0,0.09247562998234378,0.25011255064779153,0.37273435175395836,0.30085278663106213,0.5823861607668718,1.0000420939870072,-0.5149828482142305,Biotechnology,Healthcare,SILO
2018Q2,2018,Q2,2018-08-13,2018-06-30,-315914.0,-239806.0,-116090.0,-0.32,-39982.0,0.16672643720340607,1349800.0,904677.0,776208.0,45123.0,445123.0,0.0,-681325.0,17528840.0,16752632.0,0.9031885452773829,17.202047736187755,0.0,0.0,-0.12832204201057393,0.9031885452773829,-0.34920087500842845,-73.09591920135443,-13.87152832732959,19.375799318430776,0.0,0.0,0.0,-0.17766039413246407,17.202047736187755,-0.23404504371017928,60.45678416224046,0.16672643720340607,-17.0,-7.624321012995585,0.0,0.6647963737942346,0.1113531294452347,-19.00182346572454,0.13909838557772883,-20.812962140032568,-3.601700605838303,-0.6291371544162675,Biotechnology,Healthcare,SILO
2018Q1,2018,Q1,2018-05-15,2018-03-31,17549.0,152404.0,-134847.0,0.02,-44992.0,-0.2952153486785124,1692934.0,1220591.0,486268.0,72343.0,472343.0,0.0,-605235.0,17528840.0,17042572.0,1.2185827755858345,6.721700786530833,0.0,0.0,-0.11047681000433397,1.2185827755858345,0.014377461410087408,115.01561638802131,249.71280414838452,14.360944820992454,0.0,0.0,0.0,0.09002359217784037,6.721700786530833,0.010366027263909875,91.44988704956776,-0.2952153486785124,-0.9047619047619048,1.4691201166014636,0.0,17.939229530213378,-1.1195889660891707,-0.9151746872643607,0.2036578812163016,-0.3770709145499657,0.5747179739167679,-0.49374278144625294,Biotechnology,Healthcare,SILO
2017Q4,2017,Q4,2018-04-02,2017-12-31,206884.0,376222.0,-169333.0,0.21,376222.0,1.0,1641385.0,1203042.0,1641385.0,38343.0,438343.0,0.0,-470388.0,17528840.0,17234249.0,1.201062648754852,42.80794408366586,0.0,0.0,-0.14075402188784764,1.201062648754852,0.1719673959845126,46.59174636252,21.181966705980162,14.57043062503221,0.0,0.0,0.0,0.22921008782217456,42.11511879612967,0.12604233619778418,-2469.198478658966,1.0,1.4038461538461537,11.380964499326177,0.0,18.861819782754587,1.8936729186857457,1.398510622314083,-0.8475042278108122,5.249890015621807,386.4480452919724,-0.5141469363721859,Biotechnology,Healthcare,SILO
2017Q3,2017,Q3,2017-11-14,2017-09-30,-519143.0,-420984.0,-91655.0,-0.52,-420984.0,1.0,1426555.0,996158.0,362550.0,30397.0,430397.0,0.0,-301055.0,17528840.0,17227150.0,0.9945190326342188,11.927163864855084,0.0,0.0,-0.09200849664410665,0.9945190326342188,-0.5211452400121266,-41.63778195845923,-8.441238733836341,17.5964455437792,0.0,0.0,0.0,-0.2951053411890884,11.77254334309307,-0.3639137642782788,-272.7375136144391,1.0,-5.5,-36.136397022619,0.0,22.005558622599747,-265.10539523212043,-5.827774416708315,-0.2893174656763448,-0.5637468680367429,-1.3076254584641218,-0.583489154099275,Biotechnology,Healthcare,SILO
2017Q2,2017,Q2,2017-08-14,2017-06-30,-76034.0,1594.0,-71088.0,-0.08,1594.0,1.0,1935898.0,1515301.0,431244.0,20597.0,420597.0,0.0,-209400.0,17528840.0,17162880.0,1.5128078925930066,20.937223867553527,0.0,0.0,-0.04691345151887315,1.5128078925930066,-0.05017748948888703,10996.76286072773,-57.63487387221507,11.567893111665605,0.0,0.0,0.0,0.0008233904885484669,20.17866679613536,-0.03927582961499004,-135.80142085731774,1.0,-1.1081081081081081,-7.204589847927792,0.0,46.3083560201368,-0.9982101451309547,-1.1020824914174931,0.48603158077390246,0.8291629516057213,1.0039189214788569,-0.2998716162007383,Biotechnology,Healthcare,SILO
2017Q1,2017,Q1,2017-05-17,2017-03-31,744829.0,890575.0,-138312.0,0.74,890575.0,1.0,2081524.0,1591335.0,564746.0,90189.0,490189.0,0.0,-138312.0,17528840.0,17033803.0,1.5887167947222975,6.261805763452306,0.0,0.0,-0.0869157028532647,1.5887167947222975,0.4680529241171721,19.682609550009825,5.883511517408693,11.015179079200797,0.0,0.0,0.0,0.4278475770637283,5.967435053055251,0.35782868705813625,-208.25024948914128,1.0,6.285714285714286,35.9374473444648,0.0,66.82038531480036,14.266818615182935,6.208448714721267,-1.0696404255637522,0.4872070827276649,0.6511680788394044,-0.45097424009925213,Biotechnology,Healthcare,SILO
2016Q4,2016,Q4,2017-03-31,2016-12-31,-143004.0,602352.0,-66829.0,-0.14,-67128.0,1.0,1299604.0,846506.0,664731.0,53098.0,453098.0,0.0,0.0,17568530.0,16989321.0,0.8432040130847601,12.51894609966477,0.0,0.0,-0.07894687102040623,0.8432040130847601,-0.1689344198387253,29.166550455547586,-30.713354171911273,20.7541706733325,0.0,0.0,0.0,0.4634888781505751,12.010960864816001,-0.11003659576301704,484.59563082694325,-0.11144314287991075,0.6744186046511628,-12.779559298841164,0.0,296.51888747828264,0.8016358951325028,0.668592484443981,0.18342884373358098,-2.099940401094696,2.688756381610229,-0.6941748641616388,Biotechnology,Healthcare,SILO
2016Q3,2016,Q3,2016-10-28,2016-09-30,-431505.0,11256.0,-81841.0,-0.43,-338408.0,1.0,1438800.0,989510.0,594952.0,49290.0,449290.0,0.0,-326829.0,17528840.0,16985885.0,0.9878819705125953,12.070440251572327,0.0,0.0,-0.08270861335408435,0.9878819705125953,-0.43607947367889155,1557.2885572139303,-10.155641301954786,17.714666855312224,0.0,0.0,0.0,0.007823185988323603,12.020775005072023,-0.2999061718098415,150.7935033206015,-30.064676616915424,0.0,-13.894485386474646,0.0,130.99568250890036,-0.18138180701062312,0.006524857311915347,0.39759452954209207,-45.096270310316896,0.0,0.11690838164079712,Biotechnology,Healthcare,SILO
2016Q2,2016,Q2,2016-09-30,2016-06-30,-434339.0,-286451.0,-135857.0,-0.43,-286451.0,1.0,1893602.0,1421015.0,469956.0,72587.0,472587.0,0.0,-244988.0,17528840.0,17102129.0,1.418677020270594,6.4743824651797155,0.0,0.0,-0.09560560585215497,1.418677020270594,-0.3056540571352167,-61.19315345381933,-10.089377191548538,12.335436290257316,0.0,0.0,0.0,-0.15127307639092058,6.4062435422320805,-0.2293718532194199,-165.86557659371127,1.0,-3.2999999999999994,-18.17625831716893,0.0,37.966803751177025,-13.727195983471809,-3.171282868831992,-0.24489833319588383,-10.857274335621371,0.0,1.614967130928734,Biotechnology,Healthcare,SILO
2016Q1,2016,Q1,2016-08-31,2016-03-31,-104126.0,22507.0,-109131.0,-0.1,22507.0,1.0,2292660.0,1855354.0,570781.0,37306.0,437306.0,0.0,-109131.0,17688457.5,17156065.5,1.8355865682465529,15.299978555728302,0.0,0.0,-0.05881950290887884,1.8355865682465529,-0.05612190449908751,785.9091615941707,-42.4688778499126,9.533737227504831,0.0,0.0,0.0,0.00981698114853489,15.0328633463786,-0.045417113745605545,-92.91522650389763,1.0,-15.925373134328359,-4.193723989250999,0.0,0.0,-0.7160823987990868,-16.337457652084254,-1.191781647285654,-1.758379917947601,0.0,26.516052602300128,Biotechnology,Healthcare,SILO
2015Q4,2015,Q4,2016-06-14,2015-12-31,6789.0,79273.0,-49791.0,0.0067,79273.0,1.0,2450236.0,1959480.0,758718.0,90756.0,490756.0,0.0,0.0,17703840.0,16981076.0,1.9369187701651167,8.359976199920666,0.0,0.0,-0.0254103129401678,1.9369187701651167,0.003464694714924368,223.32748855221828,651.9310649580203,9.03496846102027,0.0,0.0,0.0,0.03235321005813318,8.139274538322535,0.00277075351109036,-313.4588076984366,1.0,1.0145652173913042,1.649173674682022,0.0,679.8346250878916,5.830346372565915,1.0147316662471466,-0.4670732785291258,1.3372891034343461,0.0,29.805236797922866,Biotechnology,Healthcare,SILO
2015Q3,2015,Q3,2015-11-20,2015-09-30,-460844.0,-415299.0,-33939.0,-0.46,11606.0,-0.02794613037835391,2416213.0,2015448.0,814567.0,765.0,400765.0,0.0,-1335135.0,17703840.0,16924597.0,1.992242360979313,1064.7934640522876,0.0,0.0,-0.016839432225490312,1.992242360979313,-0.22865586212097758,-42.62914189535732,-9.604030865108365,8.784071829191326,0.0,0.0,0.0,-0.17188012811784392,1039.2601307189543,-0.19072987356661023,-69.01758982035928,-0.02794613037835391,-24.0,-14.749954689523705,0.0,265.19312631463265,1.237948322406479,-29.616741182314954,0.527331727086612,-31.64016925656965,0.0,43.078796212811255,Biotechnology,Healthcare,SILO
2015Q2,2015,Q2,2015-08-14,2015-06-30,16104.0,93093.0,-71803.0,0.02,5186.0,0.05570773312708797,2863838.0,2463738.0,1074580.0,100.0,400100.0,0.0,-1301196.0,17703840.0,16668085.0,2.435370800910989,10745.8,0.0,0.0,-0.029143926829882073,2.435370800910989,0.006536409309756151,190.17369727047145,274.8360655737705,7.185764070692581,0.0,0.0,0.0,0.032506377804889804,10449.79,0.005623223101306708,-77.75277345911618,0.05570773312708797,-0.3333333333333333,1.7039705756250352,0.0,65.89233328269788,-0.32262277951933127,-0.4340139879801778,-0.16489560181054203,2.7205547607857468,0.0,73.9389685425223,Biotechnology,Healthcare,SILO
2015Q1,2015,Q1,2015-05-15,2015-03-31,28453.0,97748.0,-61639.0,0.03,7656.0,0.07832385317346646,2836457.0,2435080.0,1278301.0,1377.0,401377.0,0.0,-1229393.0,17703840.0,16440391.0,2.407042765863225,928.3231663035584,0.0,0.0,-0.02531292606403075,2.407042765863225,0.011684626377778142,181.11715840733314,155.5533687133167,7.270331980879479,0.0,0.0,0.0,0.03446130154626,921.5940450254176,0.010031176217372588,-37.187394317234194,0.07832385317346646,1.617283950617284,2.4179804109043292,0.0,0.0,0.6475145255003227,1.6109333734137805,-0.4383152490957881,2.321442766172772,0.0,100.72355226849209,Biotechnology,Healthcare,SILO
2014Q4,2014,Q4,2015-03-31,2014-12-31,-46573.0,929.0,-42855.0,-0.0486,4647.0,5.002152852529601,2771532.0,2368977.0,1763095.0,2554.0,402555.0,0.0,-1167754.0,16770197.5,15030677.5,2.4720697236869156,690.3269381362569,0.0,0.0,-0.018090086986914604,2.4720697236869156,-0.01965954080601036,18051.881054897738,-90.02102881497864,7.079088357548427,0.0,0.0,0.0,0.00033519367627723583,682.9091620986687,-0.016804063600925408,-63.4343309213189,5.002152852529601,0.8527272727272728,-3.701306912943688,0.0,867.3897267757284,0.030376940133037694,0.8611009212617916,0.7075502600008189,-3.701306912943688,0.0,867.3897267757284,Biotechnology,Healthcare,SILO
2014Q3,2014,Q3,2014-11-14,2014-09-30,-335301.0,-184253.0,-146538.0,-0.33,4510.0,-0.024477213396796794,2821741.0,2415551.0,2045891.0,6190.0,406190.0,0.0,-1445755.0,17703840.0,15699949.0,2.3877386205478586,330.51550888529886,0.0,0.0,-0.06066441983630236,2.3877386205478586,-0.1388093234214471,-96.08440568131863,-13.19996063238702,7.329110418285517,0.0,0.0,0.0,-0.06529763008015264,324.4573505654281,-0.1188277024716301,-325.4561832453996,-0.024477213396796794,0.24999999999999997,-10.45935621892004,0.0,318.0372921863711,-0.4634146341463415,0.22015768908735697,-4.120662543243527,-10.45935621892004,0.0,318.0372921863711,Biotechnology,Healthcare,SILO
2014Q2,2014,Q2,2014-08-12,2014-06-30,-429960.0,-392938.0,-28617.0,-0.44,8405.0,-0.021390142974209672,2493757.0,2090853.0,1698288.0,2904.0,402904.0,0.0,-1299216.0,16933840.0,15385552.0,2.160757837560766,584.8099173553719,0.0,0.0,-0.013686758466520602,2.160757837560766,-0.20563855995615188,-43.095450172800795,-9.846171736905758,8.099010308233051,0.0,0.0,0.0,-0.157568680508967,533.1570247933885,-0.17241455362330813,-45.9378501186843,-0.021390142974209672,-1.88,-18.64992166034357,0.0,58.34953862436453,1.7988677988677988,-1.986988898785202,0.062260379460628505,-18.64992166034357,0.0,58.34953862436453,Biotechnology,Healthcare,SILO
2014Q1,2014,Q1,2014-05-02,2014-03-31,435628.0,469148.0,-30517.0,0.5,3003.0,0.006400965153853368,2933166.0,2521155.0,1920855.0,12011.0,412011.0,0.0,-1270257.0,15246980.0,13330067.0,2.893701736343853,159.92465240196486,0.0,0.0,-0.0121043727973885,2.893701736343853,0.17278905898288682,32.49929659723584,8.75,6.047617064401038,0.0,0.0,0.0,0.15994594237080342,159.89617850303887,0.1485180177323752,-40.59723032108785,0.006400965153853368,2.846153846153846,26.208186249789883,0.0,0.0,3.8048,4.185183421810651,-0.46133218407316956,26.208186249789883,0.0,0.0,Biotechnology,Healthcare,SILO
2013Q4,2013,Q4,2014-03-31,2013-12-31,84014.0,105522.0,-20883.0,0.13,625.0,0.005922935501601561,2207384.0,1788667.0,2011220.0,17050.0,418717.0,0.0,-1239740.0,11352932.5,9372312.5,2.757144244449617,117.96011730205278,0.013590748143503804,0.016772266721530614,-0.011482585871960067,2.757144244449617,0.046970173878089105,107.58829912245788,33.78285910681553,6.347147065384446,0.0,0.0,0.0,0.04780409751996028,117.96011730205278,0.03806043715094429,-94.11757512953368,0.005922935501601561,14.000000000000002,13.527550842870493,0.0,967.3001919975413,0.0,15.626392757660167,-2.6356197771587744,13.527550842870493,0.0,967.3001919975413,Biotechnology,Healthcare,SILO
2013Q3,2013,Q3,2013-11-14,2013-09-30,-5744.0,0.0,-5744.0,-0.01,0.0,0.0,1259100.0,543622.0,1259100.0,715478.0,715478.0,0.0,-1218857.0,10755920.0,9536820.0,0.8844789660019784,1.759802537604231,0.03176872369152569,0.07358053941893448,-0.009841986765406376,0.8844789660019784,-0.010566165460558991,0.0,-468.13718662952647,19.785659888672644,0.0,0.0,0.0,0.0,1.759802537604231,-0.0045619887221030895,-1145.8314690529455,0.0,0.75,0.6768830691462454,0.0,117.17950753936663,0.0,0.7444498821017039,0.7444498821017039,0.6768830691462454,0.0,117.17950753936663,Biotechnology,Healthcare,SILO
2013Q2,2013,Q2,2013-08-08,2013-06-30,-22477.0,0.0,-22477.0,-0.04,0.0,0.0,368682.0,333447.0,368682.0,35235.0,35235.0,0.0,-1213113.0,10755920.0,10427238.0,0.5425219321080856,10.463516389953172,0.10849458340792335,0.1199590939489634,-0.06018792492642865,0.5425219321080856,-0.06740801386727126,0.0,-119.6325132357521,32.25676044468836,0.0,0.0,0.0,0.0,10.463516389953172,-0.06096581878149734,-259.71700391172067,0.0,0.0,-0.617256864805769,0.0,13.90145068757998,0.0,0.017699501791801416,0.017699501791801416,-0.617256864805769,0.0,13.90145068757998,Biotechnology,Healthcare,SILO
2013Q1,2013,Q1,2013-05-15,2013-03-31,-22882.0,0.0,-22882.0,-0.04,0.0,0.0,10096.0,-44076.0,10096.0,54172.0,54172.0,0.0,-1190636.0,10722075.0,10751979.0,-0.07193850070998384,0.1863693420955475,3.9619651347068148,-0.9075233687267447,5.613837095191364,-0.07193850070998384,0.5191487430801344,0.0,-117.14529979896861,-243.2633405935203,0.0,0.0,0.0,0.0,0.1863693420955475,-2.2664421553090333,-1052.9387213984091,0.0,-1.0100502512562815,-0.8828892841981821,0.0,0.0,0.0,-0.8772663877266388,-0.8772663877266388,-0.8828892841981821,0.0,0.0,Biotechnology,Healthcare,SILO
2012Q4,2012,Q4,2013-03-05,2012-12-31,-12189.0,0.0,-12189.0,-0.0199,0.0,0.0,279.0,-41194.0,279.0,25691.0,41473.0,0.0,-1167754.0,10720920.0,10745641.0,-0.06724189715061767,0.010859834183176988,89.60573476702508,-0.6068844977423896,0.7526861800666914,-0.06724189715061767,0.2958926057192795,0.0,-219.88924440068914,-260.2544059814536,0.0,0.0,0.0,0.0,0.010859834183176988,-43.68817204301075,-2144.184,0.0,-0.9900000000000001,-0.9246802463287542,0.0,-22.566361556064074,0.0,-0.4256140350877193,-0.4256140350877193,-0.9246802463287542,0.0,-22.566361556064074,Biotechnology,Healthcare,SILO
2012Q3,2012,Q3,2012-11-13,2012-09-30,-8550.0,0.0,-8550.0,-0.01,0.0,0.0,279.0,-29005.0,279.0,14284.0,29284.0,0.0,-1155565.0,10720920.0,10735641.0,-0.04734551698921361,0.019532343881265752,53.763440860215056,-0.5171522151353215,0.6104962513388076,-0.04734551698921361,0.29477676262713326,0.0,-313.47719298245613,-369.6231684192381,0.0,0.0,0.0,0.0,0.019532343881265752,-30.64516129032258,-20076.629213483146,0.0,0.0,0.5174671256842936,0.0,-7.326063249727372,0.0,-0.5084685956245589,-0.5084685956245589,0.5174671256842936,0.0,-7.326063249727372,Biotechnology,Healthcare,SILO
2012Q2,2012,Q2,2012-08-01,2012-06-30,-5668.0,0.0,-5668.0,-0.01,0.0,0.0,813.0,-20455.0,813.0,6268.0,21268.0,0.0,-1147015.0,10720920.0,10735107.0,-0.03338915876622529,0.12970644543714102,18.45018450184502,-0.7333170373991689,1.0390467461044912,-0.03338915876622529,0.2770960645318993,0.0,-472.87050105857446,-524.1222195062333,0.0,0.0,0.0,0.0,0.12970644543714102,-6.971709717097171,-3696.8689655172416,0.0,0.5,0.5908467479968238,0.0,-1.9171000717360112,0.0,0.5653040877367896,0.5653040877367896,0.5908467479968238,0.0,-1.9171000717360112,Biotechnology,Healthcare,SILO
2012Q1,2012,Q1,2012-05-15,2012-03-31,-13039.0,0.0,-13039.0,-0.02,0.0,0.0,3713.0,-14787.0,3713.0,3500.0,18500.0,0.0,-1141347.0,10720920.0,10732207.0,-0.024137154274073494,1.060857142857143,4.039859951521681,-1.0144045445323595,-61.21596244131455,-0.024137154274073494,0.8817880570771623,0.0,-205.55487384001842,-725.0233313045243,0.0,0.0,0.0,0.0,1.060857142857143,-3.511715593859413,-822.2194953600737,0.0,-0.941747572815534,-0.07305473018037245,0.0,0.0,0.0,-1.0588978367282489,-1.0588978367282489,-0.07305473018037245,0.0,0.0,Biotechnology,Healthcare,SILO
2011Q4,2011,Q4,2012-01-26,2011-12-31,-6333.0,0.0,-6333.0,-0.0103,0.0,0.0,1752.0,-1748.0,1752.0,3500.0,3500.0,0.0,-1128308.0,10720920.0,10719168.0,-0.002853299903366502,0.5005714285714286,0.0,0.0,3.6229977116704806,-0.002853299903366502,3.6229977116704806,0.0,-423.216485078162,-6133.249427917621,0.0,0.0,0.0,0.0,0.5005714285714286,-3.61472602739726,-3784.2993293328627,0.0,0.6566666666666666,0.0,0.0,0.0,0.0,0.6425870534454541,0.6425870534454541,0.0,0.0,0.0,Biotechnology,Healthcare,SILO
2011Q3,2011,Q3,2011-11-10,2011-09-30,-17719.0,0.0,-17719.0,-0.03,0.0,0.0,4585.0,4585.0,4585.0,0.0,-4585.0,0.0,-1121975.0,10720920.0,10716335.0,0.007484199117239939,0.0,0.0,0.0,-3.864558342420938,0.007484199117239939,-3.864558342420938,0.0,-151.2630509622439,2338.2595419847326,0.0,0.0,0.0,0.0,0.0,-3.864558342420938,-505.25095433338043,0.0,-0.4999999999999999,0.0,0.0,0.0,0.0,-0.2790731249548834,-0.2790731249548834,0.0,0.0,0.0,Biotechnology,Healthcare,SILO
2011Q2,2011,Q2,2011-08-15,2011-06-30,-13853.0,0.0,-13853.0,-0.02,0.0,0.0,25804.0,22304.0,25804.0,3500.0,3500.0,0.0,-1104256.0,10720920.0,10695116.0,0.036407323252108964,7.372571428571429,0.0,0.0,-0.6210993543758967,0.036407323252108964,-0.6210993543758967,0.0,-193.4765032844871,480.672525107604,0.0,0.0,0.0,0.0,7.372571428571429,-0.5368547512013642,-1035.5375253549696,0.0,0.0,0.0,0.0,0.0,0.0,-0.16431332997142375,-0.16431332997142375,0.0,0.0,0.0,Biotechnology,Healthcare,SILO
2011Q1,2011,Q1,2011-03-31,2011-03-31,-11898.0,0.0,-11898.0,-0.02,0.0,0.0,,,,,,,,10497445.0,,,0.0,0.0,0.0,0.0,,0.0,0.0,-220.57162968566146,0.0,0.0,0.0,0.0,0.0,0.0,0.0,-882.2865187426459,0.0,0.0,0.0,0.0,0.0,0.0,0.0,0.0,0.0,0.0,0.0,Biotechnology,Healthcare,SILO
