Quarters,Year,Quarter,FillingDate,Date,NetIncome,Revenue,OperatingIncome,EPSDiluted,GrossProfit,GrossProfitRatio,TotalAssets,CommonStockEquity,CurrentAssets,CurrentLiability,TotalLiability,Inventory,RetainedEarnings,MarketCap,EnterpriseValue,bookValuePerShare,currentRatio,debtToAssets,debtToEquity,roic,shareholdersEquityPerShare,roe,priceToSalesRatio,peRatio,pbRatio,payoutRatio,inventoryTurnover,dividendYield,assetTurnover,quickRatio,returnOnAssets,priceToFreeCashFlowsRatio,grossProfitMargin,epsdilutedGrowth,fiveYNetIncomeGrowthPerShare,fiveYRevenueGrowthPerShare,fiveYShareholdersEquityGrowthPerShare,grossProfitGrowth,netIncomeGrowth,operatingIncomeGrowth,threeYNetIncomeGrowthPerShare,threeYRevenueGrowthPerShare,threeYShareholdersEquityGrowthPerShare,Industry,Sector,Symbol
2023Q1,2023,Q1,2023-05-01,2023-03-31,-21639000.0,0.0,-26512000.0,-0.52,0.0,0.0,218111000.0,204005000.0,194999000.0,13909000.0,14106000.0,0.0,-307823000.0,1006744680.0,819277680.0,4.887635065526246,14.019627579265224,0.0,0.0,-0.1158647145341628,4.887635065526246,-0.10607092963407759,0.0,-11.63113683626785,4.934901987696381,0.0,0.0,0.0,0.0,13.478107700050327,-0.09921095222157525,-73.96008521892448,0.0,-0.20930232558139542,-0.5984106528363556,0.0,2.149914715044973,1.0,-0.24857192314350007,-0.26627501552275873,-10.77349869791163,0.0,3.818548406860021,Biotechnology,Healthcare,SAVA
2022Q4,2022,Q4,2023-02-28,2022-12-31,-17331000.0,-1800.0,-20937000.0,-0.43,-1800.0,1.0,234834000.0,227539000.0,211226000.0,7063000.0,7295000.0,0.0,-283552000.0,1204493500.0,1003617500.0,5.5803556100551805,29.90598895653405,0.0005919074750674945,0.0006108842879682165,-0.08324270361890496,5.5803556100551805,-0.07616716255235366,-669163.0555555555,-17.37484132479372,5.293569454027661,0.0,0.0,0.0,-7.664988885766116e-06,28.460285997451507,-0.07380106798845142,-57.39783178460805,1.0,0.10416666666666664,-0.15164134187315134,0.0,2.761662540317638,0.0,0.09588397934164536,0.019114546732255797,-4.299277780772263,0.0,3.5839266658822426,Biotechnology,Healthcare,SAVA
2022Q3,2022,Q3,2022-11-07,2022-09-30,-19169000.0,0.0,-21345000.0,-0.48,0.0,0.0,207286000.0,198719000.0,183272000.0,8308000.0,8567000.0,0.0,-264418000.0,1674891000.0,1500393000.0,4.961772784019975,22.059701492537314,0.0007911774070607759,0.0008252859565517137,-0.101476353355605,4.961772784019975,-0.09646284451914512,0.0,-21.843745109291042,8.428439152773514,0.0,0.0,0.0,0.0,21.02335098700048,-0.0924760958289513,-73.76424733550603,0.0,-0.04347826086956513,-0.21101450199634367,0.0,1.8538814517394737,0.0,-0.04037991858887381,-0.0716975448109655,-12.35640928514154,0.0,3.8812808552221734,Biotechnology,Healthcare,SAVA
2022Q2,2022,Q2,2022-08-04,2022-06-30,-18425000.0,0.0,-19917000.0,-0.46,0.0,0.0,227381000.0,218370000.0,204201000.0,8722000.0,9011000.0,0.0,-244161000.0,1125221800.0,928177800.0,5.457203548669249,23.412176106397617,0.0008268061095694011,0.0008609241196135,-0.08679693364345645,5.457203548669249,-0.08437514310573797,0.0,-15.26759565807327,5.152822274121903,0.0,0.0,0.0,0.0,22.613162118780096,-0.08103139664263945,-89.44529411764705,0.0,-0.06976744186046518,0.27540277234746646,0.0,1.6882998943218452,0.0,-0.06916961643358673,-0.11761405083889793,-7.188894190585265,0.0,4.254812730868072,Biotechnology,Healthcare,SAVA
2022Q1,2022,Q1,2022-05-05,2022-03-31,-17233000.0,0.0,-17821000.0,-0.43,0.0,0.0,244191000.0,237094000.0,222200000.0,6789000.0,7097000.0,0.0,-224833000.0,1484188680.0,1274708680.0,5.932986337020169,32.72941523051996,0.000872268019705886,0.0008983778585708622,-0.07377091785424722,5.932986337020169,-0.07268425181573553,0.0,-21.53120002321128,6.259916657528239,0.0,0.0,0.0,0.0,30.88717042274267,-0.0705718064957349,-61.957365059486534,0.0,-0.22857142857142862,-0.03524267793566267,0.0,1.3186100670045968,0.0,-0.2397841726618705,-0.2337995015231238,-4.841238719008789,0.0,4.488164260008632,Biotechnology,Healthcare,SAVA
2021Q4,2021,Q4,2022-03-01,2021-12-31,-13900000.0,0.0,-14444000.0,-0.35,0.0,0.0,266782000.0,253915000.0,244482000.0,12534000.0,12867000.0,0.0,-207306000.0,1746252000.0,1513051000.0,6.3542292292292295,19.505505026328386,0.0008846174029732141,0.0009294448929759959,-0.05568987238082177,6.3542292292292295,-0.05474272886595908,0.0,-31.40741007194245,6.877309335801351,0.0,0.0,0.0,0.0,18.624301898835167,-0.05210246568359184,-215.93322616545072,0.0,-0.5217391304347825,0.09114993041822317,0.0,1.2279399886821414,0.0,-0.483299541137552,-0.4809802112170614,-8.883716497954909,0.0,4.55590391440962,Biotechnology,Healthcare,SAVA
2021Q3,2021,Q3,2021-11-15,2021-09-30,-9371000.0,0.0,-9753000.0,-0.23,0.0,0.0,274249000.0,267565000.0,251915000.0,6326000.0,6684000.0,0.0,-193134000.0,2480530560.0,2239265560.0,6.6963235478139,39.822162503951944,0.0009443972448395436,0.0009679890867639639,-0.03565382659092951,6.6963235478139,-0.03502326537476875,0.0,-66.17571657240423,9.270758731523182,0.0,0.0,0.0,0.0,38.17957635156497,-0.03416967792042997,-67.39656459720146,0.0,-0.7692307692307693,0.5615071663841205,0.0,1.153952979960472,0.0,-0.8331377151799687,-0.8982094200077851,-1.243767830417699,0.0,3.0092787277614113,Biotechnology,Healthcare,SAVA
2021Q2,2021,Q2,2021-08-04,2021-06-30,-5112000.0,0.0,-5138000.0,-0.13,0.0,0.0,281305000.0,276480000.0,279558000.0,4637000.0,4825000.0,0.0,-183572000.0,3413584320.0,3135611320.0,6.920131154106075,60.28854863058012,0.0009989157675832283,0.0010163483796296296,-0.018498881124126464,6.920131154106075,-0.018489583333333334,0.0,-166.93976525821594,12.346586805555555,0.0,0.0,0.0,0.0,60.00733232693552,-0.018172446277172464,-664.2506946876824,0.0,-0.3933547695605575,0.7202015266129262,0.0,0.9657384103138521,0.0,-0.45268542199488493,-0.4542881403906029,0.6418647416240074,0.0,4.5370766243596234,Biotechnology,Healthcare,SAVA
2021Q1,2021,Q1,2021-04-29,2021-03-31,-3519000.0,0.0,-3533000.0,-0.0933,0.0,0.0,284050000.0,281187000.0,283766000.0,2650000.0,2863000.0,0.0,-178447000.0,1695558950.0,1413663950.0,7.454388801993584,107.08150943396227,0.001045590565041366,0.0010562365969977274,-0.012513214529131225,7.454388801993584,-0.012514803315942772,0.0,-120.45744174481388,6.0300047655119196,0.0,0.0,0.0,0.0,106.48754716981132,-0.012388663967611336,-735.2814180398959,0.0,0.7172727272727273,0.895076091460042,0.0,0.9104552962657572,0.0,0.649641577060932,-0.3464176829268293,0.712373241071941,0.0,3.8041002784110107,Biotechnology,Healthcare,SAVA
2020Q4,2020,Q4,2021-03-23,2020-12-31,-10044000.0,0.0,-2624000.0,-0.33,0.0,0.0,94005000.0,92200000.0,93994000.0,1865000.0,2100000.0,0.0,-174921000.0,205670740.0,112457740.0,3.0573332891202707,50.39892761394102,0.0031168554864102974,0.0031778741865509763,-0.044844586411295316,3.0573332891202707,-0.10893709327548808,0.0,-5.119243827160494,2.230702169197397,0.0,0.0,0.0,0.0,50.1372654155496,-0.10684538056486358,-55.70713434452871,0.0,-4.7894736842105265,0.5162114650661538,0.0,-0.3194928077888394,0.0,-6.058327477160928,-0.826026443980515,0.09758529753139805,0.0,1.060918140454514,Biotechnology,Healthcare,SAVA
2020Q3,2020,Q3,2020-11-09,2020-09-30,-1423000.0,0.0,-1437000.0,-0.057,0.0,0.0,25401000.0,23973000.0,25071000.0,1168000.0,1426000.0,0.0,-172303000.0,287427720.0,263669720.0,0.9599951946179721,21.464897260273972,0.012440455100192906,0.01318149584949735,-0.058116876011612854,0.9599951946179721,-0.059358444917198515,0.0,-50.4967884750527,11.989643348767363,0.0,0.0,0.0,0.0,20.684931506849313,-0.05602141647966615,-132.39415937356057,0.0,-0.2723214285714286,0.8990092371070478,0.0,-0.811890586267216,0.0,-0.28313796212804326,-0.235597592433362,0.8558203454122487,0.0,-0.44783596530198805,Biotechnology,Healthcare,SAVA
2020Q2,2020,Q2,2020-08-12,2020-06-30,-1109000.0,0.0,-1163000.0,-0.0448,0.0,0.0,25498000.0,24184000.0,25440000.0,1314000.0,1314000.0,0.0,-170873000.0,76319320.0,51110320.0,0.9759877315468743,19.360730593607308,0.0017648443015138443,0.0018607343698312934,-0.046772607507946255,0.9759877315468743,-0.04585676480317565,0.0,-17.204535617673578,3.155777373470063,0.0,0.0,0.0,0.0,19.21917808219178,-0.0434936073417523,-90.64052256532067,0.0,-0.01818181818181823,0.9137189296313057,0.0,-0.824059305580644,0.0,-0.0287569573283859,0.04828150572831424,0.9295696635192998,0.0,-0.5192138808498932,Biotechnology,Healthcare,SAVA
2020Q1,2020,Q1,2020-05-06,2020-03-31,-1078000.0,0.0,-1222000.0,-0.044,0.0,0.0,25977000.0,24832000.0,25877000.0,1145000.0,1145000.0,0.0,-169737000.0,100616910.00000001,75083910.00000001,1.0143376496058167,22.6,0.002579204681064018,0.002698131443298969,-0.045882086594289974,1.0143376496058167,-0.04341172680412371,0.0,-23.33416280148423,4.051905202963918,0.0,0.0,0.0,0.0,22.358078602620086,-0.04149824845055241,-84.26876884422111,0.0,0.4513715710723192,0.8890253468144141,0.0,-0.8290016473973144,0.0,0.25961538461538464,0.22461928934010153,0.8942895061056062,0.0,-0.6035970163890446,Biotechnology,Healthcare,SAVA
2019Q4,2019,Q4,2020-03-26,2019-12-31,-1456000.0,0.0,-1576000.0,-0.0802,0.0,0.0,23486000.0,22099000.0,23349000.0,1387000.0,1387000.0,0.0,-168587000.0,94395600.0,71404600.0,1.2173745386437504,16.834174477289114,0.0038320701694626587,0.004072582469795014,-0.06793955428050197,1.2173745386437504,-0.0658853341780171,0.0,-16.208035714285714,4.271487397619802,0.0,0.0,0.0,0.0,16.640951694304253,-0.06199437963041812,-160.2641765704584,0.0,-1.2402234636871508,0.757717561000853,0.0,-0.8030786057537406,0.0,-1.367479674796748,-1.0231065468549423,0.790436380199201,0.0,-0.5731602814434694,Biotechnology,Healthcare,SAVA
2019Q3,2019,Q3,2019-10-29,2019-09-30,-615000.0,0.0,-779000.0,-0.0358,0.0,0.0,18375000.0,17445000.0,18189000.0,907000.0,930000.0,0.0,-167071000.0,20594400.0,2903400.0,1.0164899195897914,20.054024255788313,0.006149659863945578,0.00647750071653769,-0.038897229425412856,1.0164899195897914,-0.0352536543422184,0.0,-8.37170731707317,1.1805331040412725,0.0,0.0,0.0,0.0,19.62954796030871,-0.03346938775510204,-28.211506849315068,0.0,0.3629893238434164,0.9341090965547361,0.0,-0.8402089588037583,0.0,0.3626943005181347,0.32437120555073723,0.9329997144104677,0.0,-0.67303379596779,Biotechnology,Healthcare,SAVA
2019Q2,2019,Q2,2019-08-12,2019-06-30,-965000.0,0.0,-1153000.0,-0.0562,0.0,0.0,18805000.0,17823000.0,18583000.0,937000.0,982000.0,0.0,-166374000.0,21452500.0,3053500.0,1.0385153245542478,19.832443970117396,0.007178941770805637,0.007574482410368625,-0.058069766180786526,1.0385153245542478,-0.054143522414857204,0.0,-5.557642487046632,1.2036413622846882,0.0,0.0,0.0,0.0,19.78014941302028,-0.0513161393246477,-36.29864636209814,0.0,0.2384823848238483,0.8876491401963325,0.0,-0.8462199376747921,0.0,0.23835832675611682,0.20537560303239144,0.8770401551684343,0.0,-0.704998443278847,Biotechnology,Healthcare,SAVA
2019Q1,2019,Q1,2019-05-02,2019-03-31,-1267000.0,0.0,-1451000.0,-0.0738,0.0,0.0,19523000.0,18553000.0,19265000.0,902000.0,970000.0,0.0,-165315000.0,21280880.0,2313880.0,1.0810511595385153,21.35809312638581,0.008093018491010602,0.008516142941842289,-0.0716928237371559,1.0810511595385153,-0.06829084245135558,0.0,-4.199068666140489,1.147031746887296,0.0,0.0,0.0,0.0,21.20288248337029,-0.06489781283614199,-34.21363344051447,0.0,-1.0965909090909092,0.8614860563663747,0.0,-0.8475039916510566,0.0,-1.0976821192052981,-0.9346666666666666,0.9169676923344874,0.0,-0.7229417504058474,Biotechnology,Healthcare,SAVA
2018Q4,2018,Q4,2019-03-29,2018-12-31,-604000.0,0.0,-750000.0,-0.0352,0.0,0.0,20139000.0,19628000.0,20040000.0,511000.0,511000.0,0.0,-163956000.0,14587700.0,-5219300.0,1.143689546672882,39.217221135029355,0.0,0.0,-0.03409050887120831,1.143689546672882,-0.03077236600774404,0.0,-6.037955298013245,0.7432086814754432,0.0,0.0,0.0,0.0,38.76125244618395,-0.029991558667262525,-25.818938053097344,0.0,0.6479999999999999,-1.0068618429860194,-1.0,-0.847585573969887,0.0,0.5168,0.4158878504672897,0.9488782108275389,0.0,-0.7454353554003377,Biotechnology,Healthcare,SAVA
2018Q3,2018,Q3,2018-10-30,2018-09-30,-1250000.0,0.0,-1284000.0,-0.1,0.0,0.0,20836000.0,19974000.0,20720000.0,862000.0,862000.0,0.0,-163279000.0,12078590.0,-8365410.0,1.6702065390082783,24.037122969837586,0.0,0.0,-0.06342104246175119,1.6702065390082783,-0.06258135576249124,0.0,-2.415718,0.6047156303194152,0.0,0.0,0.0,0.0,23.7169373549884,-0.05999232098291419,-8.411274373259053,0.0,0.7222222222222223,0.10094868474417722,-1.0,-0.24601050091226417,0.0,0.48833401555464595,0.4782608695652174,0.8147555410416663,0.0,-0.6727258900597545,Biotechnology,Healthcare,SAVA
2018Q2,2018,Q2,2018-07-26,2018-06-30,-2443000.0,0.0,-2461000.0,-0.36,0.0,0.0,9833000.0,8546000.0,9699000.0,1287000.0,1287000.0,0.0,-162012000.0,14086280.0,4478280.0,1.2497806376133371,7.536130536130536,0.0,0.0,-0.28691399084276287,1.2497806376133371,-0.28586473203838053,0.0,-1.4414940646745804,1.6482892581324597,0.0,0.0,0.0,0.0,7.4654234654234655,-0.2484490999694905,-12.510017761989342,0.0,-0.12499999999999993,-7.1154445310295715,-1.0,-0.4332192348495517,0.0,-0.13469577333952623,-0.13567143516382096,0.3112491874911182,0.0,-0.7747028306338959,Biotechnology,Healthcare,SAVA
2018Q1,2018,Q1,2018-05-09,2018-03-31,-2153000.0,0.0,-2167000.0,-0.32,0.0,0.0,11058000.0,10300000.0,10889000.0,758000.0,758000.0,0.0,-159559000.0,47063420.0,36329420.0,1.551672190418801,14.365435356200528,0.0,0.0,-0.20970653541891407,1.551672190418801,-0.20902912621359224,0.0,-5.46486530422666,4.569264077669903,0.0,0.0,0.0,0.0,14.160949868073878,-0.19470066919877013,-28.644808277541085,0.0,0.13513513513513511,-4.581554592253392,-1.0,-0.25727434455855924,0.0,0.10774968918358889,0.10565414775072225,0.18258807117981884,0.0,-0.73841709568394,Biotechnology,Healthcare,SAVA
2017Q4,2017,Q4,2018-02-06,2017-12-31,-2413000.0,0.0,-2423000.0,-0.37,0.0,0.0,10831000.0,9699000.0,10663000.0,1132000.0,1132000.0,0.0,-157399000.0,26152000.0,15673000.0,1.483481186907311,9.419611307420494,0.0,0.0,-0.24930298596522918,1.483481186907311,-0.2487885349005052,0.0,-2.709490261085785,2.6963604495308795,0.0,0.0,0.0,0.0,9.257067137809187,-0.22278644631151326,-18.199025748086292,0.0,0.07500000000000007,-0.352854782240091,-1.0,-0.27557116671569454,0.0,0.0661764705882353,0.06664098613251156,-0.11486267380014709,0.0,-0.7600334372120695,Biotechnology,Healthcare,SAVA
2017Q3,2017,Q3,2017-11-01,2017-09-30,-2584000.0,0.0,-2596000.0,-0.4,0.0,0.0,12377000.0,11367000.0,12204000.0,1010000.0,1010000.0,0.0,-154982000.0,26609660.0,14693660.0,1.7386050780055062,12.083168316831683,0.0,0.0,-0.22785133283945636,1.7386050780055062,-0.22732471188528194,0.0,-2.574464009287926,2.3409571566816223,0.0,0.0,0.0,0.0,11.798019801980198,-0.20877433950068675,-12.370832171083217,0.0,0.375,-0.6246582224020367,-1.0,-0.7609074664628732,0.0,0.3779489648531536,0.37686029764762363,0.2732821340025999,0.0,-0.7266932900272286,Biotechnology,Healthcare,SAVA
2017Q2,2017,Q2,2017-08-09,2017-06-30,-4154000.0,0.0,-4166000.0,-0.64,0.0,0.0,14269000.0,13270000.0,14079000.0,999000.0,999000.0,0.0,-152391000.0,27128550.000000004,13061550.000000004,2.0299831727091937,14.093093093093094,0.0,0.0,-0.3134884209611037,2.0299831727091937,-0.3130369253956292,0.0,-1.6326763360616274,2.044351921627732,0.0,0.0,0.0,0.0,14.08108108108108,-0.29112061111500454,-8.485627150453551,0.0,-0.523809523809524,-30.26807271978442,-1.0,-0.7187461809709738,0.0,-0.5260837619397501,-0.5072358900144718,-0.2697113210522718,0.0,-0.6994065167479997,Biotechnology,Healthcare,SAVA
2017Q1,2017,Q1,2017-04-26,2017-03-31,-2722000.0,0.0,-2764000.0,-0.42,0.0,0.0,17604000.0,16721000.0,17390000.0,883000.0,883000.0,0.0,-148231000.0,40710333.720000006,23446333.720000006,2.5588547300171824,19.69422423556059,0.0,0.0,-0.1640355975793067,2.5588547300171824,-0.16278930685963758,0.0,-3.7390093423952977,2.4346829567609594,0.0,0.0,0.0,0.0,19.551528878822197,-0.1546239491024767,-28.037419917355376,0.0,-0.1052631578947368,-89.72991596684952,-1.0,-0.6390172712861611,0.0,-0.08836465413834466,-0.086905230043256,0.21845087348145772,0.0,-0.6390410122320107,Biotechnology,Healthcare,SAVA
2016Q4,2016,Q4,2017-03-07,2016-12-31,-2501000.0,0.0,-2543000.0,-0.38,0.0,0.0,19302000.0,18637000.0,19070000.0,665000.0,665000.0,0.0,-145488000.0,26072910.360000003,9457910.360000003,2.8520648049357233,28.67669172932331,0.0,0.0,-0.1353128260330926,2.8520648049357233,-0.13419541771744378,0.0,-2.606248536585366,1.3989864441701991,0.0,0.0,0.0,0.0,28.141353383458647,-0.1295720650709771,-8.60492091089109,0.0,0.28301886792452835,-11.352410206014442,-1.0,-0.589451268677047,0.0,0.2844062947067239,0.2818412877718159,-1.074622331006152,-1.0,-0.6199179912857105,Biotechnology,Healthcare,SAVA
2016Q3,2016,Q3,2016-10-26,2016-09-30,-3495000.0,0.0,-3541000.0,-0.53,0.0,0.0,22482000.0,20315000.0,22220000.0,2167000.0,2167000.0,0.0,-142966000.0,45741948.0,24527948.0,3.108853169086721,10.253807106598984,0.0,0.0,-0.1731651307148343,3.108853169086721,-0.17204036426285996,0.0,-3.2719562231759656,2.2516341619492986,0.0,0.0,0.0,0.0,10.043377941855098,-0.15545769949292768,-16.41261141011841,0.0,-0.15217391304347827,-4.617977096807238,-1.0,-0.5441847611157253,0.0,-0.17046215673141327,-0.16327201051248358,-3.6004455818150536,-1.0,0.40344477700874254,Biotechnology,Healthcare,SAVA
2016Q2,2016,Q2,2016-07-19,2016-06-30,-2986000.0,0.0,-3044000.0,-0.46,0.0,0.0,24940000.0,22987000.0,24741000.0,1953000.0,1953000.0,0.0,-139448000.0,100100408.31,75474408.31,3.520372353614029,12.668202764976959,0.0,0.0,-0.13114895642580013,3.520372353614029,-0.12989950841780137,0.0,-8.380811144507703,4.354652991255928,0.0,0.0,0.0,0.0,12.609318996415771,-0.11972734562951083,-30.574345849114234,0.0,0.4831460674157303,-1.4056937138731238,-1.0,-0.48354482553246914,0.0,0.4816872070821038,0.4777834963115457,-9.38757212922872,-1.0,0.5965036392355699,Biotechnology,Healthcare,SAVA
2016Q1,2016,Q1,2016-05-05,2016-03-31,-5761000.0,0.0,-5829000.0,-0.89,0.0,0.0,28626000.0,25282000.0,28413000.0,3344000.0,3344000.0,0.0,-136433000.0,101143777.42,74529777.42,3.9018912489416495,8.49671052631579,0.0,0.0,-0.2292065705912373,3.9018912489416495,-0.22786963056720197,0.0,-4.389158888213852,4.000624057432165,0.0,0.0,0.0,0.0,8.407296650717702,-0.2012506113323552,-32.190890330999366,0.0,-0.28985507246376824,-25.46133846118978,-1.0,-0.3739652925479539,0.0,-0.2802222222222222,-0.2856197617997353,-14.30065434551061,-1.0,0.8676849100126105,Biotechnology,Healthcare,SAVA
2015Q4,2015,Q4,2016-03-03,2015-12-31,-4500000.0,0.0,-4534000.0,-0.69,0.0,0.0,31903000.0,29367000.0,31691000.0,2551000.0,2551000.0,0.0,-130638000.0,80072909.0,48773909.0,4.492727371750663,12.42297138377107,0.0,0.0,-0.1538099233657492,4.492727371750663,-0.15323322096230463,0.0,-4.448494944444444,2.7266288350870025,0.0,0.0,0.0,0.0,12.269306154449236,-0.14105256558944299,-22.56846364148816,0.0,-0.23214285714285693,0.5197430533269807,-1.0,-0.1595743175250017,0.0,-0.23085339168490154,-0.23005968529571352,-1.5234910661232506,-1.0,1.193934966554551,Biotechnology,Healthcare,SAVA
2015Q3,2015,Q3,2015-11-09,2015-09-30,-3656000.0,0.0,-3686000.0,-0.56,0.0,0.0,35653000.0,33067000.0,35413000.0,2586000.0,2586000.0,0.0,-126121000.0,83001395.82000001,49008395.82000001,5.103387308312377,13.694122196442382,0.0,0.0,-0.11101517249217324,5.103387308312377,-0.11056340157861312,0.0,-5.675697197757112,2.510097554056915,0.0,0.0,0.0,0.0,13.493039443155453,-0.10254396544470311,-34.44041320331951,0.0,-0.07692307692307698,-6.11188029114861,-1.0,-0.7200059698163556,0.0,-0.08777149657839929,-0.08827871272512548,-1.3194463990470837,-1.0,-0.2981834594861575,Biotechnology,Healthcare,SAVA
2015Q2,2015,Q2,2015-07-23,2015-06-30,-3361000.0,0.0,-3387000.0,-0.52,0.0,0.0,37756000.0,35943000.0,37502000.0,1813000.0,1813000.0,0.0,-122450000.0,78465800.42,42113800.42,5.547254060624543,20.685052399338115,0.0,0.0,-0.09386945750451454,5.547254060624543,-0.09350916729265782,0.0,-5.836492146682535,2.1830620821856828,0.0,0.0,0.0,0.0,20.57473800330943,-0.08901896387329167,-40.280185020533885,0.0,-0.3,-7.955924920953257,-1.0,-0.6945513100001727,0.0,-0.3072734344612991,-0.30520231213872834,-24.523801146032895,-1.0,-0.23142890510135722,Biotechnology,Healthcare,SAVA
2015Q1,2015,Q1,2015-05-08,2015-03-31,-2571000.0,0.0,-2595000.0,-0.4,0.0,0.0,39635000.0,38435000.0,39367000.0,1200000.0,1200000.0,0.0,-119076000.0,85722753.06,48473753.06,5.931856267426323,32.80583333333333,0.0,0.0,-0.06720292053781919,5.931856267426323,-0.06689215558735527,0.0,-8.33554580513419,2.230330507610251,0.0,0.0,0.0,0.0,32.70666666666666,-0.06486691055884951,-63.876865171385994,0.0,-0.21212121212121213,-2.556222178980282,-1.0,-0.6731374555083242,0.0,-0.1986013986013986,-0.1975080756806645,-85.52095114348162,-1.0,-0.16318123235567106,Biotechnology,Healthcare,SAVA
2014Q4,2014,Q4,2015-02-18,2014-12-31,-2145000.0,0.0,-2167000.0,-0.33,0.0,0.0,40906000.0,40056000.0,40829000.0,850000.0,850000.0,0.0,-116493000.0,92072586.62,51482586.620000005,6.1820329035522,48.03411764705882,0.0,0.0,-0.05382324439662025,6.1820329035522,-0.053550029958058715,0.0,-10.731070701631703,2.2985966302176952,0.0,0.0,0.0,0.0,47.752941176470586,-0.052437295262308704,-35.909745171606865,0.0,0.3888888888888889,-5.753118222239234,-1.0,-0.6540087187459841,0.0,0.39114391143911437,0.38871650211565584,-9.684289817826343,-1.0,-0.11010936316809748,Biotechnology,Healthcare,SAVA
2014Q3,2014,Q3,2014-11-05,2014-09-30,-3523000.0,0.0,-3545000.0,-0.54,0.0,0.0,43591000.0,41208000.0,43510000.0,2383000.0,2383000.0,0.0,-114337000.0,177298760.97785,135246760.97785,6.361369898963391,18.258497691984893,0.0,0.0,-0.08575921571484024,6.361369898963391,-0.08549310813434284,0.0,-12.581518661499432,4.3025325416872935,0.0,0.0,0.0,0.0,18.10826689047419,-0.08081943520451469,-106.03992881450358,0.0,-0.08000000000000007,-1.4990340305058305,-1.0,-0.6384076936777913,0.0,-0.08902627511591962,-0.08842493091802273,-4.712565016417179,-1.0,-0.06730579335175152,Biotechnology,Healthcare,SAVA
2014Q2,2014,Q2,2014-08-06,2014-06-30,-3235000.0,0.0,-3257000.0,-0.5,0.0,0.0,45391000.0,43652000.0,45307000.0,1739000.0,1739000.0,0.0,-110802000.0,260169962.5,215594962.5,6.75325077159897,26.05347901092582,0.0,0.0,-0.07436000007678498,6.75325077159897,-0.07410886099147805,0.0,-20.105870363214837,5.960092607440667,0.0,0.0,0.0,0.0,25.776308223116732,-0.07126963494965963,-100.4129534928599,0.0,0.05660377358490571,-87.6072395162417,-1.0,-0.6159614561614677,0.0,0.05849825378346915,0.05975750577367205,-1.6328568048969787,-1.0,-0.009266363006006013,Biotechnology,Healthcare,SAVA
2014Q1,2014,Q1,2014-05-07,2014-03-31,-3436000.0,0.0,-3464000.0,-0.53,0.0,0.0,47319000.0,45701000.0,47243000.0,1618000.0,1618000.0,0.0,-107557000.0,248198219.5,202346219.5,7.089045616622564,29.19839307787392,0.0,0.0,-0.07548944636672714,7.089045616622564,-0.07518435045185007,0.0,-18.05865974243306,5.430914411063215,0.0,0.0,0.0,0.0,29.11124845488257,-0.07261353790232253,-88.5789505710207,0.0,-1.1051587301587302,-0.7569962357553311,-1.0,-0.5908330611181597,-1.0,-1.1040739058003937,-1.1052791538765463,-14.86227305867709,-1.0,0.13739423155893396,Biotechnology,Healthcare,SAVA
2013Q4,2013,Q4,2014-02-05,2013-12-31,33015000.0,35244000.0,32903000.0,5.04,35244000.0,1.0,50103000.0,48302000.0,50103000.0,1801000.0,1801000.0,0.0,-104107000.0,218986501.86,170398501.86,7.503814280984925,27.819544697390338,0.0,0.0,0.6827028606553539,7.503814280984925,0.6835120698935861,6.213440638406538,1.658234907314857,4.533694295474308,0.0,0.0,0.0,0.7034309322795043,27.672404219877844,0.6589425782887253,-150.60969866574968,1.0,43.0,23.202734264771852,2.993416561083982,-0.5673501984615913,17.0,45.13770053475936,43.40077319587629,4.577988366456451,3.211573712008685,0.403690390366377,Biotechnology,Healthcare,SAVA
2013Q3,2013,Q3,2013-11-01,2013-09-30,-748000.0,1958000.0,-776000.0,-0.12,1958000.0,1.0,51756000.0,14252000.0,51416000.0,9655000.0,37504000.0,0.0,-137122000.0,122500510.43385,72773510.43385,2.2151588862034397,5.325323666494045,0.0,0.0,-0.053448132342985614,2.2151588862034397,-0.052483861914117316,62.56410134517365,-40.942683968532755,8.595320687191272,0.0,0.0,0.0,0.03783136254733751,5.2850336613153805,-0.01445243063606152,-67.34497549964266,1.0,-1.7272727272727273,-1.0454108892977947,-0.9403925093692312,-0.8717854221217032,-0.0005104645227156713,-1.6431095406360423,-1.432601880877743,-0.4653628712343168,-0.35871206907152875,-0.8784667463833318,Biotechnology,Healthcare,SAVA
2013Q2,2013,Q2,2013-08-01,2013-06-30,-283000.0,1959000.0,-319000.0,-0.044,1959000.0,1.0,53200000.0,14175000.0,52848000.0,9218000.0,39025000.0,0.0,-136360000.0,98997698.8,47452698.8,2.2050512551913983,5.7331308309828595,0.0,0.0,-0.02115863054954971,2.2050512551913983,-0.019964726631393297,50.53481306789178,-87.45379752650176,6.983964641975309,0.0,0.0,0.0,0.03682330827067669,5.732805380776741,-0.0053195488721804515,-54.9681836757357,1.0,0.24268502581755597,0.7448863230107581,-0.8283765364751375,-0.8429290428580009,0.0005107252298263534,0.24128686327077747,0.2799097065462754,0.2399183381156644,-0.30071390943914045,-0.8785831674699144,Biotechnology,Healthcare,SAVA
2013Q1,2013,Q1,2013-04-24,2013-03-31,-373000.0,1958000.0,-443000.0,-0.0581,1958000.0,1.0,54870000.0,13410000.0,54518000.0,9694000.0,41460000.0,0.0,-136059000.0,141535636.08115,89944636.08115,2.089159273078511,5.623891066639159,0.0,0.0,-0.03020115950929216,2.089159273078511,-0.027815063385533183,72.28582026616445,-94.86302686404156,10.554484420667412,0.0,0.0,0.0,0.03568434481501731,5.6107901794924695,-0.006797885912156005,-75.56627660499198,1.0,0.7848148148148149,-1.1416347255313106,-0.8694745156384589,-0.8582533164818206,-0.206645056726094,0.7868571428571428,0.7592391304347826,0.47919555697478117,-0.43117913185601847,-0.8848812437353442,Biotechnology,Healthcare,SAVA
2012Q4,2012,Q4,2013-02-08,2012-12-31,-1750000.0,2468000.0,-1840000.0,-0.27,2468000.0,1.0,56859000.0,13136000.0,56507000.0,9999000.0,43723000.0,0.0,-135651000.0,121686985.375293,72331985.375293,2.0477942328464884,5.6512651265126514,0.0,0.0,-0.1364854637047004,2.0477942328464884,-0.1332216808769793,49.305909795499595,-17.38385505361329,9.263625561456532,0.0,0.0,0.0,0.043405617404456635,5.625962596259626,-0.03077788916442428,-65.63483569325405,1.0,-0.1250000000000001,-1.4382876698564737,-0.8285419633330626,-0.8765578387898573,-0.09431192660550458,-0.12903225806451613,-0.11178247734138973,-4.56512017148489,-0.374905439954375,-0.8853906212695786,Biotechnology,Healthcare,SAVA
2012Q3,2012,Q3,2012-11-09,2012-09-30,-1550000.0,2725000.0,-1655000.0,-0.24,2725000.0,1.0,93259000.0,46332000.0,92907000.0,13800000.0,46927000.0,0.0,-133857000.0,225680819.55686998,137440819.55686998,7.2716828597055825,6.732391304347826,0.0,0.0,,7.2716828597055825,-0.033454200120866785,82.81864937866789,-36.40013218659194,4.870949226385004,0.0,0.0,0.0,0.0292196999753375,6.705,-0.01662037980248555,-174.00217390660754,1.0,-10.822660098522169,-1.2632530259241015,-0.8297739469847555,-0.53801621806549,0.0003671071953010279,-10.923076923076923,-5.541501976284585,-0.11783060133041934,-0.31481094084566785,-0.5866637818824081,Biotechnology,Healthcare,SAVA
2012Q2,2012,Q2,2012-08-02,2012-06-30,-130000.0,2724000.0,-253000.0,-0.0203,2724000.0,1.0,94440000.0,46169000.0,94037000.0,12421000.0,48271000.0,0.0,-132306000.0,210003903.603414,130983903.603414,7.217619941010273,7.570807503421625,0.0,0.0,,7.217619941010273,-0.002815742164655938,77.09394405411673,-403.85366077579613,4.548591123988261,0.0,0.0,0.0,0.028843710292249046,7.563159165928669,-0.0013765353663701822,-107.6943095402123,1.0,-5.319148936170212,-1.0219956540005644,-0.8095803470359095,-0.514563789019718,-0.08375378405650857,-5.333333333333333,-0.7094594594594594,-2.598098806703107,-0.5889358081097166,-0.5895540761224765,Biotechnology,Healthcare,SAVA
2012Q1,2012,Q1,2012-05-08,2012-03-31,30000.0,2973000.0,-148000.0,0.0047,2973000.0,1.0,96810000.0,45298000.0,96371000.0,12938000.0,51512000.0,0.0,-132175000.0,161929669.85999998,88150669.85999998,7.088579387535349,7.448678311949297,0.0,0.0,,7.088579387535349,0.0006622808954037706,54.46675743693238,1349.4139155,3.574764224910592,0.0,0.0,0.0,0.030709637434149364,7.4119647549853145,0.0003098853424233034,-78.2268936521739,1.0,1.1516129032258065,-0.9976465834114616,-0.8663728481696911,-0.5072477012768127,0.08227156898434657,1.1515151515151516,0.7465753424657534,1.0154759401988387,-0.5907233081437067,-0.5908599710209519,Biotechnology,Healthcare,SAVA
2011Q4,2011,Q4,2012-02-09,2011-12-31,-198000.0,2747000.0,-584000.0,-0.031,2747000.0,1.0,98963000.0,44393000.0,98489000.0,13272000.0,54570000.0,0.0,-132205000.0,169981421.4,96837421.4,6.946958027967167,7.420810729355033,0.0,0.0,-0.0066617262934532155,6.946958027967167,-0.004460162638253779,61.878930251183114,-214.62300681818184,3.8290140652805627,0.0,0.0,0.0,0.027757848893020624,7.393836648583484,-0.00200074775421117,-210.11300543881336,1.0,0.6743697478991597,0.965633112364859,-0.5702353760570145,-0.4352183306753278,-0.0007275372862859222,0.6738056013179572,0.4291300097751711,0.8658707282291579,-0.686468414634454,-0.5994570361753216,Biotechnology,Healthcare,SAVA
2011Q3,2011,Q3,2011-11-03,2011-09-30,-607000.0,2749000.0,-1023000.0,-0.0952,2749000.0,1.0,100592000.0,43486000.0,100084000.0,13085000.0,57106000.0,0.0,-131814000.0,212443322.0,140734322.0,6.8204239434742036,7.648758119984715,0.0,0.0,-0.017520934034478058,6.8204239434742036,-0.013958515384261601,77.28021898872318,-87.49724958813839,4.885326817826427,0.0,0.0,0.0,0.027328216955622712,7.611081390905617,-0.006034277079688246,-181.11110144927537,1.0,0.4989473684210526,-1.0622328730846349,-0.8529731209661023,-0.47070831872428487,-0.0010901162790697674,0.49416666666666664,0.28361344537815125,-1.0371860407111766,-0.9155507626536634,-0.6052302242019577,Biotechnology,Healthcare,SAVA
2011Q2,2011,Q2,2011-08-04,2011-06-30,-1200000.0,2752000.0,-1428000.0,-0.19,2752000.0,1.0,102593000.0,43031000.0,101964000.0,12818000.0,59562000.0,0.0,-130999000.0,171015106.5,108185106.5,6.816414139414053,7.95475113122172,0.0,0.0,,6.816414139414053,-0.02788687225488601,62.1421171875,-35.6281471875,3.9742303571843554,0.0,0.0,0.0,0.026824442213406373,7.953580901856764,-0.01169670445352022,-110.54628733031674,1.0,-4.654761904761905,-1.87680177237915,-0.800031873583709,-0.3775652019380693,-0.14956736711990112,-4.797101449275362,-1.9812108559498955,-0.1015582347812832,-0.7544897863001293,-0.5144508815233466,Biotechnology,Healthcare,SAVA
2011Q1,2011,Q1,2011-04-27,2011-03-31,-207000.0,3236000.0,-479000.0,-0.0336,3236000.0,1.0,101226000.0,38397000.0,100557000.0,13361000.0,62829000.0,0.0,-129799000.0,412264997.47887003,357370997.47887003,6.232707551985897,7.526158221689993,0.0,0.0,,6.232707551985897,-0.005391046175482459,127.39956658803153,-497.9045863271377,10.736906463496368,0.0,0.0,0.0,0.03196807144409539,7.519871267120725,-0.0020449291683954716,126.1134895928021,1.0,0.9765034965034964,-1.2407991814260555,-0.7845909497642334,-0.40898425867111493,-0.5959545511299787,0.9765598459970558,0.9496372621175481,-1.081896990277128,-0.7752354465820274,-0.5771190659241273,Biotechnology,Healthcare,SAVA
2010Q4,2010,Q4,2011-02-03,2010-12-31,-8831000.0,8009000.0,-9511000.0,-1.43,8009000.0,1.0,99195000.0,32933000.0,98484000.0,14071000.0,66262000.0,0.0,-129592000.0,291086696.25,286288696.25,5.345775915033768,6.999076113993319,0.0,0.0,-0.27809173320416936,5.345775915033768,-0.26815048735311087,36.34494896366588,-8.24047945447854,8.838754326966871,0.0,0.0,0.0,0.08073995665104088,6.988842299765475,-0.08902666465043602,-87.17780660377359,1.0,-17.0327868852459,-1.8756348885699454,0.0,-0.46972594372544474,1.7664939550949914,-17.24586776859504,-5.050254452926208,-3.302965166743987,-0.42064165783970375,-0.6777536914050069,Biotechnology,Healthcare,SAVA
2010Q3,2010,Q3,2010-10-29,2010-09-30,-484000.0,2895000.0,-1572000.0,-0.0793,2895000.0,1.0,180794000.0,111191000.0,180028000.0,14689000.0,69603000.0,0.0,-120421000.0,263904243.519156,157612243.519156,18.226771852832478,12.255973857988971,0.0,0.0,-0.006656334717905919,18.226771852832478,-0.004352870286264176,91.15863333995026,-136.31417537146487,2.3734316942842137,0.0,0.0,0.0,0.016012699536489042,12.236503506024917,-0.0026770799915926415,76.94001268780059,1.0,-0.36960276338514675,0.9433062336304623,0.0,0.7264458706756141,0.08998493975903614,-0.37110481586402266,-0.25258964143426293,-1.0858565186731075,-0.8111163657843493,0.15798133052380564,Biotechnology,Healthcare,SAVA
2010Q2,2010,Q2,2010-07-29,2010-06-30,-353000.0,2656000.0,-1255000.0,-0.0579,2656000.0,1.0,182084000.0,110686000.0,181260000.0,13760000.0,71398000.0,0.0,-119393000.0,237206023.170584,170433023.170584,18.16100131458308,13.17296511627907,0.0,0.0,-0.004978169611261044,18.16100131458308,-0.003189201886417433,89.30949667567168,-167.99293425678752,2.1430535313461863,0.0,0.0,0.0,0.014586674282199424,12.80828488372093,-0.001938665670789306,423.5821842331857,1.0,0.47363636363636363,0.9644525308661351,0.0,0.5144797244486493,-0.18251769775315482,0.47781065088757396,0.07991202346041056,-1.0626861774459353,-0.8051339006415165,0.2214563440320363,Biotechnology,Healthcare,SAVA
2010Q1,2010,Q1,2010-04-30,2010-03-31,-676000.0,3249000.0,-1364000.0,-0.11,3249000.0,1.0,178597000.0,109950000.0,177714000.0,12692000.0,68647000.0,0.0,-118589000.0,265910411.79143503,215253411.79143503,18.147861746139554,14.002048534509928,0.0,0.0,-0.008221776386771169,18.147861746139554,-0.00614824920418372,81.84377094226994,-98.339649331152,2.4184666829598456,0.0,0.0,0.0,0.018191794934965314,13.830208005042547,-0.0037850579796973073,-334.8997629615051,1.0,-1.2448979591836733,0.9189674767966227,0.0,0.33884948015740407,-0.12872083668543846,-1.2760942760942762,0.18127250900360145,-1.0559337967340248,-0.8459720404528407,0.2615222463396962,Biotechnology,Healthcare,SAVA
2009Q4,2009,Q4,2010-02-01,2009-12-31,-297000.0,3729000.0,-1666000.0,-0.049,3729000.0,1.0,182005000.0,108252000.0,178471000.0,18511000.0,73753000.0,0.0,-117569000.0,227317358.8,191523358.8,17.867597360100948,9.641348387445303,0.0,0.0,-0.004073827735284336,17.867597360100948,-0.002743598270701696,60.9593346205417,-191.34457811447814,2.0998906144921112,0.0,0.0,0.0,0.020488448119557155,9.494840905407596,-0.0016318233015576494,-111.43007784313725,1.0,0.7772727272727272,0.9671767002763012,0.0,0.19333649186132768,-0.00903534414031358,0.7736280487804879,0.2718531468531469,0.9456272235215266,-0.3846610078046534,0.45262018616396543,Biotechnology,Healthcare,SAVA
2009Q3,2009,Q3,2009-10-30,2009-09-30,-1312000.0,3763000.0,-2288000.0,-0.22,3763000.0,1.0,182732000.0,106061000.0,180981000.0,18110000.0,76671000.0,0.0,-117272000.0,213536825.302584,184367825.302584,17.5926583274559,9.993429044726671,0.0,0.0,-0.016897378261763473,17.5926583274559,-0.012370239767680863,56.746432448201965,-40.68918165064482,2.013339731876788,0.0,0.0,0.0,0.02059299958409036,9.799834345665378,-0.0071799137534750345,-40.6272498673105,1.0,-38.285714285714285,0.8801220930679918,0.0,0.8378236031161951,-0.3965683130211674,-37.588235294117645,-7.537313432835821,-1.1422587004877467,-0.7871517622801066,0.3652593711799615,Biotechnology,Healthcare,SAVA
2009Q2,2009,Q2,2009-08-05,2009-06-30,-34000.0,6236000.0,-268000.0,-0.0056,6236000.0,1.0,186316000.0,105853000.0,184255000.0,18069000.0,80463000.0,0.0,-115960000.0,226275448.35000002,81075448.35000002,17.584825481575496,10.19729924179534,0.0,0.0,-0.0024594754720495132,17.584825481575496,-0.00032120015493183944,36.28535092206543,-1663.790061397059,2.13763850197916,0.0,0.0,0.0,0.033470018677944996,10.084509380707289,-0.00018248566950771806,-62.61080474543443,1.0,0.9813333333333334,0.9968405194671528,0.0,0.5443876100688253,-0.08763716166788588,0.981359649122807,0.8941548183254344,-1.02605310272115,-0.52479739112566,0.6057427077809004,Biotechnology,Healthcare,SAVA
2009Q1,2009,Q1,2009-05-06,2009-03-31,-1824000.0,6835000.0,-2532000.0,-0.3,6835000.0,1.0,189733000.0,104176000.0,187605000.0,19577000.0,85557000.0,0.0,-115926000.0,176777819.4,3987819.400000006,17.32555820857693,9.582928947233999,0.0,0.0,-0.020667767189038885,17.32555820857693,-0.017508831208723697,25.86361659107535,-24.22941603618421,1.6969150226539702,0.0,0.0,0.0,0.03602430784312692,9.479184757623742,-0.009613509510733505,-46.754250039672044,1.0,-0.30434782608695643,0.8489411746291069,0.0,0.31644900399358855,-0.17091217855409996,-0.31317494600431967,0.11869126348764358,-3.173950228438573,-0.5338410209138138,0.642893965932386,Biotechnology,Healthcare,SAVA
2008Q4,2008,Q4,2009-02-13,2008-12-31,-1389000.0,8244000.0,-2873000.0,-0.23,8244000.0,1.0,193436000.0,104286000.0,190636000.0,20114000.0,89150000.0,0.0,-114102000.0,249172539.427149,96014539.427149,17.34385235888932,9.477776672964104,0.0,0.0,,17.34385235888932,-0.0133191415913929,30.224713661711426,-44.84746929934287,2.3893191744543754,0.0,0.0,0.0,0.042618747285924026,9.450879984090683,-0.007180669575466821,-56.70745093926923,1.0,-1.0938775510204082,0.8251184358247178,0.0,0.1464521550924705,-0.7278669043374926,-1.0914357185175432,-1.2079774142174606,0.5365891401130416,0.0,0.72042283252293,Biotechnology,Healthcare,SAVA
2008Q3,2008,Q3,2008-10-29,2008-09-30,15191000.0,30294000.0,13814000.0,2.45,30294000.0,1.0,195497000.0,102514000.0,193598000.0,20683000.0,92983000.0,0.0,-112714000.0,405796504.416435,261846504.416435,17.276965871276374,9.360247546294058,0.0,0.0,,17.276965871276374,0.14818463819575864,13.395276438120915,6.678238832473752,3.9584496206999535,0.0,0.0,0.0,0.15495889962505818,9.340521200986318,0.0777045172048676,23.22952111834879,1.0,15.411764705882353,2.7155884403458757,0.0,-0.1635763281151971,1.8722859580923485,15.820487804878049,6.387675507020281,2.8294497542990813,0.0,0.6364799333148682,Biotechnology,Healthcare,SAVA
2008Q2,2008,Q2,2008-07-30,2008-06-30,-1025000.0,10547000.0,-2564000.0,-0.17,10547000.0,1.0,179122000.0,83387000.0,177105000.0,19854000.0,95735000.0,0.0,-127904000.0,328473754.360149,203048754.36014903,14.038567634103954,8.920368691447567,0.0,0.0,,14.038567634103954,-0.012292083897969708,31.143809079373188,-80.11554984393878,3.9391482408546774,0.0,0.0,0.0,0.05888165607798037,8.918756925556563,-0.005722356829423522,-93.26341691088842,1.0,-1.4047619047619047,0.8449530306018762,0.0,0.3009906716758526,-0.279527290115445,-1.3988326848249026,-8.630952380952381,0.8940904316306432,0.0,0.1707023018097047,Biotechnology,Healthcare,SAVA
2008Q1,2008,Q1,2008-05-07,2008-03-31,2570000.0,14639000.0,336000.0,0.42,14639000.0,1.0,192497000.0,92323000.0,190363000.0,20706000.0,100174000.0,0.0,-122862000.0,370515198.477986,239708198.47798598,14.738681859957378,9.193615377185356,0.0,0.0,,14.738681859957378,0.027837050355815993,25.310144031558576,36.04233448229436,4.013249119699165,0.0,0.0,0.0,0.07604793840942976,9.178595576161499,0.01335085741595973,230.13366365092295,1.0,-0.32258064516129037,1.3447507674038244,0.0,0.25095066108182784,0.041476949345475245,-0.34085662990510385,1.2052535125229078,1.2979643442351543,0.0,0.08733892854384949,Biotechnology,Healthcare,SAVA
2007Q4,2007,Q4,2008-02-13,2007-12-31,3899000.0,14056000.0,-1637000.0,0.62,14056000.0,1.0,207625000.0,103914000.0,205374000.0,20657000.0,103711000.0,0.0,-118129000.0,464788261.80802095,378221261.80802095,16.58909899803528,9.942101950912523,0.0,0.0,-0.05430817978826843,16.58909899803528,0.03752141193679389,33.066893981788624,29.801760823802322,4.472816577246771,0.0,0.0,0.0,0.06769897652016857,9.927433799680495,0.018779048765803733,-160.88205670059568,1.0,-0.30337078651685395,1.470327108647633,0.0,0.281429615970666,-0.11094244149272613,-0.3294926913155632,-4.08286252354049,1.4167710386351227,0.0,0.10794847244889118,Biotechnology,Healthcare,SAVA
2007Q3,2007,Q3,2007-11-02,2007-09-30,5815000.0,15810000.0,531000.0,0.89,15810000.0,1.0,208810000.0,99048000.0,206407000.0,34762000.0,109762000.0,0.0,-119260000.0,429917742.23999995,389103742.23999995,15.740125831379087,5.937719348714113,0.0,0.0,0.009824907210561978,15.740125831379087,0.058708908811889185,27.192773070208727,18.483135951848666,4.3404989726193355,0.0,0.0,0.0,0.07571476461855275,5.923911167366665,0.027848283128202672,-455.90428657476133,1.0,-0.01111111111111112,2.1726936032587103,0.0,0.10307092575218234,0.12406683256309989,0.0006883496816382723,-0.42219804134929273,1.5090281197021196,0.0,0.6442981060901822,Biotechnology,Healthcare,SAVA
2007Q2,2007,Q2,2007-08-09,2007-06-30,5811000.0,14065000.0,919000.0,0.9,14065000.0,1.0,208633000.0,93511000.0,206659000.0,33575000.0,115122000.0,0.0,-122433000.0,383457346.91927904,334266346.91927904,14.868317974127082,6.155145197319434,0.0,0.0,0.01697143702396821,14.868317974127082,0.06214242174717413,27.2632312064898,16.49704641710889,4.100665664138754,0.0,0.0,0.0,0.06741503022053079,6.145256887565153,0.027852736623640555,-279.48786218606347,1.0,-0.5408163265306123,1.9607294484343882,0.0,-0.02062944100884025,-0.362247211390224,-0.5401234567901234,-0.9112591734260332,1.5168349681599584,0.0,0.30581029000625504,Biotechnology,Healthcare,SAVA
2007Q1,2007,Q1,2007-05-04,2007-03-31,12636000.0,22054000.0,10356000.0,1.96,22054000.0,1.0,212245000.0,91125000.0,210254000.0,33023000.0,121120000.0,0.0,-124617000.0,347633085.694422,285817085.694422,14.385685071187236,6.3668957998970415,0.0,0.0,0.13415203279675159,14.385685071187236,0.13866666666666666,15.762813353333726,6.877830913549026,3.8149035467151937,0.0,0.0,0.0,0.10390821927489458,6.357992914029616,0.05953497137741761,51.5852627532901,1.0,3.1777777777777776,2.904681923988149,0.0,-0.10860176423419354,2.4807449494949494,3.2125722290316934,2.161507402422611,1.9933546654392547,0.0,0.09306843426001146,Biotechnology,Healthcare,SAVA
