Year,Date,FillingDate,NetIncome,Revenue,OperatingIncome,EPSDiluted,GrossProfit,GrossProfitRatio,TotalAssets,CommonStockEquity,CurrentAssets,CurrentLiability,TotalLiability,Inventory,RetainedEarnings,EnterpriseValue,bookValuePerShare,currentRatio,debtToAssets,debtToEquity,roic,shareholdersEquityPerShare,roe,priceToSalesRatio,peRatio,pbRatio,payoutRatio,inventoryTurnover,dividendYield,assetTurnover,quickRatio,returnOnAssets,priceToFreeCashFlowsRatio,grossProfitMargin,epsdilutedGrowth,fiveYNetIncomeGrowthPerShare,fiveYRevenueGrowthPerShare,fiveYShareholdersEquityGrowthPerShare,grossProfitGrowth,netIncomeGrowth,operatingIncomeGrowth,threeYNetIncomeGrowthPerShare,threeYRevenueGrowthPerShare,threeYShareholdersEquityGrowthPerShare,Industry,Sector,Price,MarketCap,AvgVolume,Symbol
2022,2022-12-31,2023-02-21,122320000.0,1845329000.0,168840000.0,1.03,431537000.0,0.2338536922,3244769000.0,1432408000.0,513670000.0,450751000.0,1812361000.0,19700000.0,-376431000.0,2467362440.0,12.118613524649108,1.139587044732014,0.3853534720037081,0.872923775907423,0.04431300835082756,12.118613524649108,0.08539466409011957,0.7404535668165406,11.170539895356443,0.9539045020692429,0.007243296272073251,71.76609137055837,0.0006484284859932568,0.5687088973051703,1.0245922915312444,0.03769759881211883,18.928344992865753,0.23385369221423388,3.395348837209302,-0.31363182131591316,0.044200341181992196,-0.01418677808012541,-0.1788865400313195,3.357021735779251,-0.10841210328985584,-0.34787171612536455,-0.06180556787640234,0.04772498880473778,REIT—Specialty,Real Estate,9.233,1049395081,899847,CXW
2021,2021-12-31,2022-02-18,-51896000.0,1862616000.0,189370000.0,-0.43,525551000.0,0.2821574603,3498938000.0,1372468000.0,627384000.0,340968000.0,2126470000.0,0.0,-498690000.0,2426091240.0,11.41896299254526,1.8400084465404378,0.4365387440417635,1.1129017215701933,-0.037303955924419215,11.41896299254526,-0.0378121748558072,0.6433501269182698,-23.090685987359336,0.8731090560945683,-0.04832742407892709,0.0,0.002092940162340055,0.532337526415158,1.7082365500574834,-0.014831929002457316,6.571614778416974,0.28215746026019317,-1.9555555555555555,-1.2304647323897804,-0.016588192388233763,-0.0812628202929527,0.05297840752220457,-1.9378004264700568,-0.12850792014505694,-1.3214961241643244,0.0007141084987064017,-0.04339709581841784,REIT—Specialty,Real Estate,9.233,1049395081,899847,CXW
2020,2020-12-31,2021-02-22,55338000.0,1905485000.0,217294000.0,0.45,499109000.0,0.2619327888,3709315000.0,1390171000.0,717122000.0,313405000.0,2295873000.0,0.0,-446519000.0,2456643450.0,11.627489356719277,2.2881638774110176,0.4816929810490616,1.285274257627299,0.060006468575862976,11.627489356719277,0.03980661371874395,0.41097749391887106,14.1514230727529,0.5633202318275953,1.9151035454841159,0.0,0.13532939660121177,0.5137026647777285,1.2154368947527958,0.014918657487972846,2.8818090990384295,0.26193278876506504,-0.7169811320754718,-0.7560108947815316,0.039485441395948465,-0.07036396373198757,-0.10541117006022369,-0.7070296369238588,-0.2282607151482434,-0.6930167669713494,0.06597516492315089,-0.054138270663402835,REIT—Specialty,Real Estate,9.233,1049395081,899847,CXW
2019,2019-12-31,2020-02-20,188886000.0,1980689000.0,281564000.0,1.59,557920000.0,0.2816797589,3791631000.0,1376749000.0,435385000.0,368811000.0,2414882000.0,0.0,-446252000.0,3935958640.0,11.566597775313372,1.1805098004126775,0.5167623115224029,1.423187523651733,0.07880567858825968,11.566597775313372,0.13719712162492945,1.044437890047352,10.95214383278803,1.5026026094807403,1.1092510826636173,0.0,0.10128163943051877,0.5223844303414547,1.0111005365892016,0.04981655651617998,12.844003874236328,0.2816797589121765,0.18656716417910446,-0.055215168276583446,0.17320663602385292,-0.09349571306523094,0.07185946253333231,0.18641768263958244,0.12858087660580797,-0.15297391333801905,0.05597783999051227,-0.06938454692998736,REIT—Specialty,Real Estate,9.233,1049395081,899847,CXW
2018,2018-12-31,2019-02-25,159207000.0,1835766000.0,249485000.0,1.34,520516000.0,0.2835415842759916,3655660000.0,1415059000.0,373525000.0,366396000.0,2240601000.0,0.0,-393330000.0,3875284520.0,11.936993858820353,1.0194570901429054,0.49633910155758465,1.282241235171113,0.07256056761902839,11.936993858820353,0.11250908972700079,1.151366524927469,13.276046404994753,1.493675896199381,1.2825943582882662,0.0,0.09660966218118407,0.5021708802240908,0.8826488280439743,0.04355082256008491,10.505009965060163,0.2835415842759916,-0.10666666666666662,-0.5106358712760662,0.0019040101879977413,-0.12912388706188355,0.008828186626508593,-0.10577960008986745,-0.04190156530822286,-0.29203493017681276,0.010026795072524328,-0.045618592679544684,REIT—Specialty,Real Estate,9.233,1049395081,899847,CXW
2017,2017-12-31,2018-02-22,178040000.0,1765498000.0,260396000.0,1.5,515961000.0,0.29224672018886455,3272398000.0,1451608000.0,327490000.0,290838000.0,1820790000.0,0.0,-344287000.0,4063506000.0,12.293011754344365,1.1260220466376472,0.44578899021451546,1.004953816732892,0.08204687912124059,12.293011754344365,0.12265019206287096,1.5048955025720787,14.922994832621884,1.830308182374305,1.125174118175691,0.0,0.07539868041206071,0.5395120031243144,1.0534077390162222,0.054406585018081544,9.929292438551316,0.29224672018886455,-0.19786096256684496,-0.042567963618709355,-0.15430972772289395,-0.19578616534600637,-0.10142476737159069,-0.1904292034794629,-0.12151840656374825,-0.10234633528056014,0.05410416970568323,-0.03656476423545742,REIT—Specialty,Real Estate,9.233,1049395081,899847,CXW
2016,2016-12-31,2017-02-23,219919000.0,1849785000.0,296416000.0,1.87,574199000.0,0.31041391296826387,3271604000.0,1458963000.0,298824000.0,272193000.0,1812641000.0,0.0,-322563000.0,4290455640.0,12.42897669188305,1.0978386659465893,0.44533323715217366,0.9986229945516096,0.09674357386684575,12.42897669188305,0.15073651627902832,1.5521872217582042,13.055773443858877,1.967981806255539,1.1617731983139248,0.0,0.08898539816960405,0.5654061432862901,0.9831112482686917,0.06722054380664652,10.18485559221028,0.31041391296826387,-0.0053191489361701,0.20745162642964482,-0.04905491500153221,-0.0754680659811685,0.06935352606064896,-0.008721952274919542,0.05653813526094798,-0.3173416641305907,0.01953166577432191,-0.09323075497542152,REIT—Specialty,Real Estate,9.233,1049395081,899847,CXW
2015,2015-12-31,2016-02-25,221854000.0,1793087000.0,280554000.0,1.88,536959000.0,0.2994606508217393,3356018000.0,1462748000.0,342058000.0,324595000.0,1893270000.0,0.0,-300818000.0,4504540010.0,12.507571676542767,1.05379934995918,0.4385709492618931,1.0062239018614278,0.09065382088526473,12.507571676542767,0.15166932376595285,1.7277349119144805,13.964043965851415,2.1179171053387185,1.1299999098506224,0.0,0.08092211057298287,0.5342900425444679,0.9234492213373588,0.0661063200495349,17.65189972878111,0.2994606508217393,0.1325301204819277,0.35180401350721596,0.025317059884631725,-0.04747891463769562,0.09420009292240979,0.13758447764867554,0.1675350401171888,0.2046258445448233,-0.1327585826946569,-0.1817495678675032,REIT—Specialty,Real Estate,9.233,1049395081,899847,CXW
2014,2014-12-31,2015-02-25,195022000.0,1646867000.0,240296000.0,1.66,490732000.0,0.29797913249825275,3127191000.0,1481500000.0,365985000.0,318988000.0,1645691000.0,0.0,-267971000.0,5352360060.0,12.759562135579499,1.1473315610618582,0.3837309585503412,0.809989875126561,0.08629529846799515,12.759562135579499,0.13163820452244346,2.5620776055382737,21.635513224149072,2.848060114748566,1.2001107567351377,0.0,0.05546948409782121,0.5266282104291039,1.0125177122650382,0.062363315832003864,14.62657443452639,0.29797913249825275,-0.38518518518518524,0.2583523331901698,-0.014008609669787508,0.026817896410341664,0.035417537018985285,-0.3517310153406352,-0.04322101046780622,0.08251423141788089,-0.14407496005174336,-0.0508774011826134,REIT—Specialty,Real Estate,9.233,1049395081,899847,CXW
2013,2013-12-31,2014-02-27,300835000.0,1694297000.0,251151000.0,2.7,473946000.0,0.27973017717672877,3007425000.0,1502507000.0,352734000.0,254406000.0,1504918000.0,0.0,-224015000.0,4642508190.0,13.70687940739119,1.3865003183887172,0.40067499605143936,0.8019929358066219,0.1665964145534164,13.70687940739119,0.20022202891567228,2.074852986223785,11.685532567686606,2.3397010396623776,0.9953429620888526,0.0,0.08517737264634585,0.563371322643125,1.2690974269474777,0.10003075720924047,11.99887087470433,0.27973017717672877,0.7307692307692308,1.268115043692945,0.20589793023547884,0.2387064326858986,-0.06648598289150504,0.919067880403927,-0.1761029809764691,0.9556603490849506,0.033629662520402566,0.04385503339104794,REIT—Specialty,Real Estate,9.233,1049395081,899847,CXW
2012,2012-12-31,2013-02-27,156761000.0,1759885000.0,304833000.0,1.56,507701000.0,0.2884853271662637,2974742000.0,1521620000.0,350742000.0,166458000.0,1453122000.0,0.0,374131000.0,4579509150.0,15.285750163242755,2.1070900767761236,0.3736609763132399,0.7305010449389466,0.07433164202937999,15.285750163242755,0.10302243661360919,2.006302201564307,22.5238493630431,2.3204618432985895,0.38126830015118557,0.0,0.016927315309467776,0.5916092891417138,1.896340217952877,0.05269734316455007,17.323598259231275,0.2884853271662637,0.012987012987012998,0.44474790952338733,0.46280336683239137,0.5306146174324133,-0.04605674795617544,-0.035376284536336226,-0.08198039481411212,0.1797856562912966,0.22898142489266174,0.23011132050591437,REIT—Specialty,Real Estate,9.233,1049395081,899847,CXW
2011,2011-12-31,2012-02-27,162510000.0,1735613000.0,332055000.0,1.54,532213000.0,0.30664266746100655,3019631000.0,1408022000.0,359429000.0,198362000.0,1611609000.0,0.0,277592000.0,3322654320.0,13.443534219370608,1.8119851584476865,0.4123066692585948,0.884229081647872,0.07858944838748579,13.443534219370608,0.11541723069667946,1.2292327379433088,13.128252538305336,1.5152265518578545,0.0,0.0,0.0,0.5747765207073314,1.6487482481523679,0.05381783403336368,12.044261584319393,0.30664266746100655,0.10791366906474831,0.7631994249026106,0.488826821496819,0.5316169442071098,0.04098306145601064,0.03382466140349761,0.027839943540074474,0.2823268505307834,0.2928728955665886,0.21490762562540386,REIT—Specialty,Real Estate,9.233,1049395081,899847,CXW
2010,2010-12-31,2011-02-25,157193000.0,1675031000.0,323061000.0,1.39,511260000.0,0.30522420182074245,2983228000.0,1470871000.0,378293000.0,205855000.0,1512357000.0,0.0,115082000.0,3938158900.0,13.13101816720975,1.8376672900828253,0.38769011285761595,0.786315047342697,0.07692757001246671,13.13101816720975,0.10687069090355307,1.6758471335754384,17.857639335084894,1.9084582536469885,0.0,0.0,0.0,0.5614827294460899,1.6070049306550727,0.052692251480610935,25.096519507921183,0.30522420182074245,0.05303030303030291,2.2384330481424723,0.4508310808812165,0.6576140437294506,0.019886652662824588,0.01444944951404933,0.029004156646653182,0.287450439023784,0.2372793887126911,0.31485390863133605,REIT—Specialty,Real Estate,9.233,1049395081,899847,CXW
2009,2009-12-31,2010-02-24,154954000.0,1669963000.0,313955000.0,1.32,501291000.0,0.30018090221160587,2905743000.0,1442546000.0,325255000.0,194583000.0,1463197000.0,0.0,-42111000.0,3953151400.0,12.426314520019297,1.671548902010967,0.3954578914928127,0.7965770242335426,0.07944357102905468,12.426314520019297,0.1074170251763202,1.7066009246911458,18.392299650218774,1.9756461145779753,0.0,0.0,0.0,0.5747111840241893,1.4754269386328713,0.0533268083240672,16.595201881980273,0.30018090221160587,0.10000000000000009,1.2475786524250683,0.3193444216204434,0.603738375708613,0.05556280848339875,0.0265865470614346,0.03347082001533969,0.5168156166929812,0.2924292941735774,0.4157254753355654,REIT—Specialty,Real Estate,9.233,1049395081,899847,CXW
2008,2008-12-31,2009-02-25,150941000.0,1598906000.0,303787000.0,1.2,474904000.0,0.2970180861163821,2871374000.0,1380359000.0,338299000.0,191823000.0,1491015000.0,0.0,-197065000.0,3199667114.08,11.065478507018355,1.7635997768776424,0.41545336831774615,0.8642114116689934,0.07349722156498167,11.065478507018355,0.10934908962088848,1.2763865506039753,13.520661146275696,1.4784719874177659,0.0,0.0,0.0,0.5568435181205932,1.5490843121002174,0.052567516457277946,-8.431024056250283,0.2970180861163821,0.1320754716981131,-0.17444721798060617,0.19595852167294636,0.38035767362346523,0.12860901120994708,0.1317208130581152,0.14076980848666917,1.7923077019526792,0.2435729450273852,0.3968675041226929,REIT—Specialty,Real Estate,9.233,1049395081,899847,CXW
TTM,,,,,,,,,,,,,,,,2103061081.0,12.395833515231418,1.3090189675587818,0.3616967587243839,0.7784067697283713,0.04716448119717631,12.395833515231418,0.082313179822007,0.5671354343491991,9.138529248079367,0.744847047893546,0.0013049076626597648,68.94764879655189,0.0,0.6055972340137239,1.1312799241003464,0.037872921468271606,15.654201936273045,0.23057508797017634,,,,,,,,,,,REIT—Specialty,Real Estate,9.233,1049395081,899847,CXW
