Quarters,Year,Quarter,FillingDate,Date,NetIncome,Revenue,OperatingIncome,EPSDiluted,GrossProfit,GrossProfitRatio,TotalAssets,CommonStockEquity,CurrentAssets,CurrentLiability,TotalLiability,Inventory,RetainedEarnings,MarketCap,EnterpriseValue,bookValuePerShare,currentRatio,debtToAssets,debtToEquity,roic,shareholdersEquityPerShare,roe,priceToSalesRatio,peRatio,pbRatio,payoutRatio,inventoryTurnover,dividendYield,assetTurnover,quickRatio,returnOnAssets,priceToFreeCashFlowsRatio,grossProfitMargin,epsdilutedGrowth,fiveYNetIncomeGrowthPerShare,fiveYRevenueGrowthPerShare,fiveYShareholdersEquityGrowthPerShare,grossProfitGrowth,netIncomeGrowth,operatingIncomeGrowth,threeYNetIncomeGrowthPerShare,threeYRevenueGrowthPerShare,threeYShareholdersEquityGrowthPerShare,Industry,Sector,Symbol
2023Q1,2023,Q1,2023-05-04,2023-03-31,12400000.0,458002000.0,39697000.0,0.11,103465000.0,0.2259051271,3055402000.0,1419732000.0,355972000.0,271938000.0,1635670000.0,20649000.0,-364037000.0,1053703599.9999999,2107369600.0,12.395833515231418,1.3090189675587818,0.3616967587243839,0.7784067697283713,0.00948887257502371,12.395833515231418,0.008734042763000341,2.300652835577137,21.244024193548384,0.7421848630586617,0.010564516129032258,17.16969344762458,0.00012432338657664263,0.14989909674733473,1.1312799241003464,0.004058385770513995,13.067895278608013,0.22590512705184693,-0.47619047619047616,-0.6607929501744613,0.0734508553136441,0.022973245918851026,-0.13392319024978236,-0.49257273806113683,-0.24310256068030583,-0.5969678900319954,-0.0282883798171144,0.09138537070001694,REIT—Specialty,Real Estate,CXW
2022Q4,2022,Q4,2023-02-21,2022-12-31,24437000.0,471433000.0,52447000.0,0.21,119464000.0,0.2534061044,3244769000.0,1432408000.0,513670000.0,450751000.0,1812361000.0,19700000.0,-376431000.0,1329191920.0,2430173920.0,12.457671635560349,1.139587044732014,0.3853534720037081,0.872923775907423,0.013963706374400567,12.457671635560349,0.01706008343991377,2.819471526176572,13.598149527356059,0.9279422622604733,0.0,17.866446700507613,0.0,0.14529015778935264,1.0245922915312444,0.007531198677009057,270.3807811228641,0.25340610436689837,-0.6379310344827587,-0.39231844113468733,0.10001291602117707,0.014415848037583143,0.24419634023141734,-0.6423051026083901,0.5874750287547672,-0.3969756523828614,-0.01910041140137973,0.07765385056295315,REIT—Specialty,Real Estate,CXW
2022Q3,2022,Q3,2022-11-03,2022-09-30,68318000.0,464211000.0,33038000.0,0.58,96017000.0,0.2068391313,3270926000.0,1402175000.0,529963000.0,473227000.0,1868751000.0,0.0,-400842000.0,1030469960.0,2136635960.0,12.028712607983255,1.119891722154484,0.3948404824811078,0.921064774368392,0.009052766498883777,12.028712607983255,0.04872287695901011,2.2198309820318776,3.77085819257004,0.7349082389858612,0.0,0.0,0.0,0.14192036139001615,1.0116138766384843,0.020886440109008888,151.07315056443338,0.20683913134329002,5.444444444444445,0.6820471254139434,0.06275203734819809,-0.025436463876147654,-0.10845241743038339,5.468282522249574,-0.16812287548785093,0.4246439909991684,-0.06734765727935849,0.035692973588345986,REIT—Specialty,Real Estate,CXW
2022Q2,2022,Q2,2022-08-03,2022-06-30,10562000.0,456697000.0,39715000.0,0.09,107697000.0,0.2358171829,3276530000.0,1368940000.0,505244000.0,474813000.0,1907590000.0,0.0,-469195000.0,1339077190.0,2552523190.0,11.357764521401489,1.0640904945736531,0.40562943113598837,0.9708657793621343,0.010667206543277878,11.357764521401489,0.007715458676055926,2.9320910581851862,31.695635059647792,0.9781854500562478,0.0018935807612194661,0.0,1.4935658787526655e-05,0.1393843486859574,0.8202176435775769,0.0032235322124320545,-52.8569191600221,0.23581718294624227,-0.43750000000000006,-0.772297873734201,0.02599209288893246,-0.08286849373292579,-0.006109321791452487,-0.44419302215439666,-0.14170556708160442,-0.7851903412187038,-0.07972239657359842,-0.021776795011330646,REIT—Specialty,Real Estate,CXW
2022Q1,2022,Q1,2022-05-05,2022-03-31,19003000.0,452988000.0,46272000.0,0.16,108359000.0,0.2392094272,3529552000.0,1391517000.0,680760000.0,363075000.0,2138035000.0,0.0,-479764000.0,1349291320.0,2492107320.0,11.519561906023378,1.8749845073331957,0.43093854404185006,1.0930660566848986,0.011787142634936498,11.519561906023378,0.013656318966997889,2.978646939874787,17.751030363626796,0.969654930554208,0.045571751828658635,0.0,0.0006418184028635121,0.12834150056437757,1.7645693038628383,0.005383969410282098,15.72893919612049,0.23920942718129398,-0.30434782608695654,-0.6297709521571858,-0.00897177115057299,-0.07269463824196687,-0.22163719166175816,-0.3222170702999608,-0.23652383388057485,-0.6211053309896132,-0.07938216574070467,-0.009747688706715728,REIT—Specialty,Real Estate,CXW
2021Q4,2021,Q4,2022-02-18,2021-12-31,28037000.0,472133000.0,60607000.0,0.23,139214000.0,0.2948618292,3498938000.0,1372468000.0,627384000.0,340968000.0,2126470000.0,0.0,-498690000.0,1199241450.0,2586779450.0,11.410134264455252,1.8400084465404378,0.48219859854618746,1.2293058927421259,0.014124657189926724,11.410134264455252,0.020428162988135243,2.5400500494564033,10.693382405392875,0.8737846346872934,0.0,0.0,0.0,0.13493608632104942,1.7082365500574834,0.008013002802564664,-24.567571803171223,0.2948618291879619,-0.07999999999999996,-0.5488832094321446,-0.0066817728676609785,-0.08140224234602213,0.04670606457045759,-0.06580701052912169,-0.05905823539457546,-0.3292676917789668,-0.03401748495864168,-0.04312878612931321,REIT—Specialty,Real Estate,CXW
2021Q3,2021,Q3,2021-11-09,2021-09-30,30012000.0,471194000.0,64411000.0,0.25,133002000.0,0.2822659032160851,3621977000.0,1339358000.0,729442000.0,387363000.0,2282619000.0,0.0,-526706000.0,1070536500.0,2235040500.0,11.134871347217027,1.883096733554831,0.44728279610831323,1.2095705554452207,0.01690930358529741,11.134871347217027,0.022407750579008748,2.2719654749423803,8.917570471811276,0.7992907796123216,0.029821404771424764,0.0,0.0008360294114212826,0.1300930403478542,1.7669033955230624,0.008286082435090008,5.875160525535908,0.2822659032160851,0.923076923076923,-0.4704933156359357,-0.03131797758202651,-0.0945028153223223,0.011414361867970586,0.9210138897778916,0.0034585365093707647,-0.2781667689113946,0.00400575624271019,-0.07138348036081232,REIT—Specialty,Real Estate,CXW
2021Q2,2021,Q2,2021-08-09,2021-06-30,15623000.0,464571000.0,64189000.0,0.13,131501000.0,0.28305899421186426,3424196000.0,1286959000.0,491249000.0,316603000.0,2113966000.0,0.0,-556639000.0,1259363010.0,2608764010.0,10.699425521478513,1.5516245897859464,0.44164878412333874,1.1750894939155017,0.01617954685983653,10.699425521478513,0.012139469866561406,2.7108084878307084,20.1523876656212,0.9785572112242892,0.00012801638609742048,0.0,1.5881044497249446e-06,0.13567301638107165,1.405918453078461,0.004562530883162062,-36.58067824672496,0.28305899421186426,1.1238095238095238,-0.7351879823799565,-0.021348012069022523,-0.1304861008086524,0.07934566705517343,1.1244186416921509,8.816332772595198,-0.6071793978975416,0.01763201852811942,-0.11173183763409955,REIT—Specialty,Real Estate,CXW
2021Q1,2021,Q1,2021-05-06,2021-03-31,-125568000.0,454718000.0,6539000.0,-1.05,121834000.0,0.26793309259804976,3713804000.0,1266964000.0,753378000.0,385408000.0,2423569000.0,0.0,-572305000.0,1085176450.0,2675064450.0,10.5660459181546,1.954754442045832,0.4733768933417057,1.3875919126352445,0.022550058862458103,10.5660459181546,-0.09910936695912433,2.3864822813260087,-2.1605354270196226,0.8565171938587048,-0.012829701834862385,0.0,0.0014845511990239006,0.12243995644358184,1.1098913359349054,-0.03381115427739321,13.015765706335308,0.26793309259804976,-3.772727272727273,-3.6511715921396815,-0.006274958953111305,-0.1436238688111809,-0.06475781070085207,-3.6848487109651904,-0.660205778424444,-4.280960613880814,0.01797190793825067,-0.1280310213798117,REIT—Specialty,Real Estate,CXW
2020Q4,2020,Q4,2021-02-22,2020-12-31,-26803000.0,473477000.0,19244000.0,-0.22,130270000.0,0.27513480063445533,3709315000.0,1390171000.0,717122000.0,313405000.0,2295873000.0,0.0,-446519000.0,783615800.0,2483193800.0,11.620005683907854,2.2881638774110176,0.48871476269877323,1.3040100822129077,0.005958764760634325,11.620005683907854,-0.019280361912311507,1.6550240032778782,-7.309030705518039,0.5636830289223412,-0.0001865462821325971,0.0,6.380677878113228e-06,0.12764540083546422,1.2154368947527958,-0.007225862457084394,15.566154824099641,0.27513480063445533,-2.0,-1.5399628155306346,0.035093778977246304,-0.06954032701137917,0.08252519964433808,-2.0032189242804206,-0.5739272904397112,-1.6405891066229392,0.061804756785801274,-0.05379445976120266,REIT—Specialty,Real Estate,CXW
2020Q3,2020,Q3,2020-11-05,2020-09-30,26717000.0,468266000.0,45166000.0,0.22,120339000.0,0.25698854924337877,4041203000.0,1412721000.0,593987000.0,317376000.0,2605211000.0,0.0,-419716000.0,957056000.0,2756930000.0,11.808888926039856,1.8715561353095382,0.5152762679825784,1.4739895563242849,0.012746770998524193,11.808888926039856,0.01891173133265521,2.043829789051522,8.955496500355578,0.6774557750610347,0.00037429352097915184,0.0,1.0448709375417948e-05,0.11587292199872166,1.7241599868925186,0.006611150194632638,10.735826621497319,0.25698854924337877,0.22222222222222227,-0.4840961379757026,-0.003771850905546971,-0.06205494811604079,0.005220776183236714,0.20422789146308482,0.15122473427981545,-0.35904666266754887,0.04458756585375976,-0.04324652815986344,REIT—Specialty,Real Estate,CXW
2020Q2,2020,Q2,2020-08-06,2020-06-30,22186000.0,472641000.0,39233000.0,0.18,119714000.0,0.2532873787927835,4039742000.0,1381910000.0,668406000.0,293947000.0,2634561000.0,0.0,-446460000.0,1119736800.0,3020522800.0,11.551533896179889,2.2738997166155803,0.5605699571903354,1.6387159800565883,0.011246849488918057,11.551533896179889,0.016054591109406546,2.3691063619110486,12.617605697286576,0.8102820009986178,2.3183989903542774,0.0,0.04593579491180428,0.11699781817749748,2.074816208364093,0.005491934880989925,12.763442380029636,0.2532873787927835,-0.3333333333333334,-0.6678375319547877,0.006107434295912391,-0.08781657931515063,-0.07044243939558648,-0.30792026702436287,-0.3352479709923923,-0.5181061518387945,0.0697904043345092,-0.067221752842667,REIT—Specialty,Real Estate,CXW
2020Q1,2020,Q1,2020-05-07,2020-03-31,32057000.0,491101000.0,59019000.0,0.27,128786000.0,0.2622393356967304,4078799000.0,1355405000.0,659901000.0,353256000.0,2700123000.0,0.0,-468646000.0,1332983120.0,3268810120.0,11.35788865053295,1.8680531965486786,0.5568595069283875,1.6757485769935923,0.014613233473652306,11.35788865053295,0.023651233395184466,2.7142749047548262,10.395413794179118,0.9834574315426017,1.7009389524908756,0.0,0.04090599436848082,0.12040333441289948,1.7213833593767693,0.007859421363984839,29.937185464672325,0.2622393356967304,-0.22857142857142848,-0.4529886875987994,0.1267171705738892,-0.10104397287606816,-0.04804636104253212,-0.23626530709486826,-0.10916061644352539,-0.36780322554986955,0.08755498421355215,-0.08570906343384509,REIT—Specialty,Real Estate,CXW
2019Q4,2019,Q4,2020-02-20,2019-12-31,41974000.0,497809000.0,66251000.0,0.35,135286000.0,0.27176286487387735,3791631000.0,1376749000.0,435385000.0,368811000.0,2414882000.0,0.0,-446252000.0,2069888480.0,3972657480.0,11.559993618593404,1.1805098004126775,0.5261295205150501,1.448985254392776,0.018287830720174193,11.559993618593404,0.030487765017443266,4.157997304186948,12.32839662648306,1.5034610375602233,1.2481297946347738,0.0,0.025310059216330342,0.13129152072023886,1.0111005365892016,0.011070170066654693,140.7608622917375,0.27176286487387735,-0.14634146341463414,0.36668237376460566,0.14849274557662656,-0.09207817922465554,-0.03219898846101569,-0.14328285096134222,-0.06813418665166326,-0.3178936296012085,0.0577939754412463,-0.06933748802462741,REIT—Specialty,Real Estate,CXW
2019Q3,2019,Q3,2019-11-07,2019-09-30,48994000.0,508522000.0,71095000.0,0.41,139787000.0,0.274888795371685,3748845000.0,1383201000.0,380645000.0,714802000.0,2365644000.0,0.0,-435248000.0,2057978880.0000002,3874617880.0,11.614168401961443,0.5325180959202688,0.4972667581615137,1.3477260354785747,0.021248579385577275,11.614168401961443,0.03542073783925836,4.046981015570615,10.501178103441239,1.4878379064214096,1.069294199289709,0.0,0.025456529466424842,0.1356476461416783,0.44646069820733575,0.013069091946986338,23.35931351517009,0.274888795371685,0.0,-0.16942157939210362,0.21450194629034186,-0.10177831103393922,-0.03338519517339142,0.008563547284779118,0.0019872029765763736,-0.12696088056832144,0.05585804104078122,-0.05552597219931281,REIT—Specialty,Real Estate,CXW
2019Q2,2019,Q2,2019-08-06,2019-06-30,48578000.0,490294000.0,70954000.0,0.41,144615000.0,0.29495567965343245,3738891000.0,1382591000.0,392109000.0,671601000.0,2356300000.0,0.0,-431211000.0,2405416000.0,4258941000.0,11.610606315082297,0.5838421920157951,0.5109188794217323,1.3816595074031293,0.020707227544078464,11.610606315082297,0.03513548113650385,4.906068603735718,12.379142821853513,1.739788556413285,1.0782452962246285,0.0,0.021775443416024505,0.13113353665565539,0.490124344662977,0.012992622678756883,90.96263802752988,0.29495567965343245,0.0,-0.15007468982575825,0.16408309068671495,-0.10100895442911528,0.046175993981133166,-0.015443858937981354,-0.03152981000218388,-0.16827776214440546,0.043273534224541506,-0.0564368574054225,REIT—Specialty,Real Estate,CXW
2019Q1,2019,Q1,2019-05-09,2019-03-31,49340000.0,484064000.0,73264000.0,0.41,138232000.0,0.28556554505189397,3670380000.0,1382414000.0,355331000.0,346065000.0,2287966000.0,0.0,-426924000.0,2343445920.0,4166508920.0,11.632956343195664,1.0267753167757503,0.5022809627341038,1.3335816911576417,0.021622091884931416,11.632956343195664,0.03569118947001405,4.841190255833939,11.873965950547223,1.6951838740059055,1.061309282529388,0.0,0.022345299096981085,0.13188389213106,0.8497421004724546,0.01344274979702374,73.66083862450493,0.28556554505189397,0.17142857142857143,-0.07092928547503774,0.16665407089645104,-0.10155578411385097,-0.015385492050829107,0.19644026285797425,0.13325805503565408,0.051142901238361814,0.06740843148864092,-0.05715096975328414,REIT—Specialty,Real Estate,CXW
2018Q4,2018,Q4,2019-02-25,2018-12-31,41239000.0,482193000.0,64649000.0,0.35,140392000.0,0.2911531274821493,3655660000.0,1415059000.0,373525000.0,366396000.0,2240601000.0,0.0,-393330000.0,2115868269.9999998,3877513270.0,11.924420025448939,1.0194570901429054,0.49633910155758465,1.282241235171113,0.019253145027998908,11.924420025448939,0.0291429544633828,4.388011169801303,12.826864557821478,1.4952509188662801,1.241033972695749,0.0,0.024188178784873032,0.1319031310351619,0.8826488280439743,0.011280863099960061,-609.0582239493378,0.2911531274821493,0.029411764705882214,-0.15459603469329583,0.08848987024360772,-0.08347866451274759,0.08857167226232661,0.0059764843635654,0.0035703751998633943,-0.16244531196197004,0.06273825515024378,-0.0451646703733088,REIT—Specialty,Real Estate,CXW
2018Q3,2018,Q3,2018-11-06,2018-09-30,40994000.0,462728000.0,64419000.0,0.34,128969000.0,0.2787144931795785,3584032000.0,1422075000.0,366855000.0,321859000.0,2161957000.0,0.0,-383015000.0,2859373670.0,4530728670.0,11.990817642942064,1.1398003473570726,0.4924565405666021,1.241130038851678,0.018902262893031242,11.990817642942064,0.02882689028356451,6.179383287806227,17.437757171781236,2.0107052511295116,1.2429379909255014,0.0,0.017819636703865993,0.12910822224801563,1.0184180029143197,0.011437955911107937,43.885040057707656,0.2787144931795785,0.030303030303030328,-0.23136886790810735,0.06721281912398125,-0.08269864685865268,-0.0032537290362470053,0.04584534530703881,0.04386505055742805,-0.2014997705901745,-0.006962559500236029,-0.04760488927623359,REIT—Specialty,Real Estate,CXW
2018Q2,2018,Q2,2018-08-08,2018-06-30,39197000.0,449929000.0,61712000.0,0.33,129390000.0,0.2875787068626383,3292777000.0,1427918000.0,339389000.0,284321000.0,1864859000.0,0.0,-372899000.0,2832063940.0,4254669940.0,12.045265129148179,1.1936824926755323,0.4537124743036045,1.04626035948843,0.01988859227331286,12.045265129148179,0.02745045583850053,6.294468549482252,18.063014643977855,1.98335194317881,1.300099497410516,0.0,0.01799394402091077,0.13664119981401718,1.0172481104104163,0.011903933974271565,54.70050488662263,0.2875787068626383,0.03125000000000003,0.7382934644819873,-0.06072957682335181,-0.13824210351227303,0.06262062168931959,0.03758900918548323,0.0512222127587088,-0.40778749002785925,-0.0334815468795593,-0.04882838527653013,REIT—Specialty,Real Estate,CXW
2018Q1,2018,Q1,2018-05-03,2018-03-31,37777000.0,440916000.0,58705000.0,0.32,121765000.0,0.2761637137232489,3264450000.0,1434210000.0,288600000.0,285844000.0,1830240000.0,0.0,-360618000.0,2310367680.0,3721661680.0,12.117456213722658,1.0096416227032927,0.44959916678154055,1.0233466507694131,0.019244106761557963,12.117456213722658,0.026339936271536246,5.239927060936777,15.289512666437249,1.6108991570272135,1.3528337348121873,0.0,0.022120288663317864,0.13506593760051464,0.9411916989686683,0.011572240346765917,26.32987657697699,0.2761637137232489,-0.08571428571428563,-0.8236275232701082,-0.12435043273953914,-0.2703577928739321,-0.071233524530144,-0.08618771165940978,-0.10048572698159754,-0.35006326216742245,0.019929475007345064,-0.04092559524915009,REIT—Specialty,Real Estate,CXW
2017Q4,2017,Q4,2018-02-22,2017-12-31,41340000.0,440576000.0,65263000.0,0.35,131104000.0,0.2975740848343986,3272398000.0,1451608000.0,327490000.0,290838000.0,1820790000.0,0.0,-344287000.0,2659567500.0,4066183500.0,12.28063585526594,1.1260220466376472,0.44578899021451546,1.004953816732892,0.019562267424875827,12.28063585526594,0.028478762861598998,6.03656917308251,16.0834996371553,1.832152688604637,1.2006531204644413,0.0,0.01866280889655931,0.13463399011978372,1.0534077390162222,0.012632937680563306,48.17795228520189,0.2975740848343986,0.0,-0.23226158490484503,-0.14954226906683185,-0.19551431933264965,0.04067312271789173,0.003934139589100976,0.07313985036586368,0.3562082554851854,0.024129849056176704,-0.03547894282066889,REIT—Specialty,Real Estate,CXW
2017Q3,2017,Q3,2017-11-08,2017-09-30,41178000.0,442845000.0,60815000.0,0.35,125980000.0,0.2844787679662184,3242766000.0,1458681000.0,304056000.0,277573000.0,1784085000.0,0.0,-336069000.0,3163732140.0,4542207140.0,12.342666395897853,1.0954091356147753,0.43827090823081283,0.9743117240849781,0.0198298947011666,12.342666395897853,0.028229612917423343,7.144107170680487,19.207660279761036,2.1688992589880858,1.2051823789402107,0.0,0.01568622051549535,0.13656397038824264,1.0227147453102428,0.012698418572292912,49.13695741310223,0.2844787679662184,-0.0789473684210527,-0.18003755742168462,-0.16072453111722873,-0.17578956885090838,-0.019580376042834018,-0.09449147883452447,-0.06838340048101227,-0.29652472983988454,0.06582537190220197,-0.045437411205808666,REIT—Specialty,Real Estate,CXW
2017Q2,2017,Q2,2017-08-08,2017-06-30,45475000.0,436393000.0,65279000.0,0.38,128496000.0,0.2944501859562367,3224316000.0,1463344000.0,279052000.0,254828000.0,1760972000.0,0.0,-327175000.0,3258963120.0,4629575120.0,12.38400866592194,1.0950601974665264,0.4395338422164577,0.9684640111962738,0.02115396365082549,12.38400866592194,0.03107608327228594,7.467954618887104,17.916234854315558,2.227065625034168,1.0907531610775152,0.0,0.015220178373789025,0.13534436451017828,0.9945217950931609,0.014103766504275635,45.842133603409714,0.2944501859562367,-0.09523809523809519,0.026387862707851293,-0.16967376680272472,-0.1580629516746571,-0.014457628028623803,-0.09135412712050672,-0.05446197077014441,-0.1981973604629503,0.04414020762081897,-0.04112562283039143,REIT—Specialty,Real Estate,CXW
2017Q1,2017,Q1,2017-05-04,2017-03-31,50047000.0,445684000.0,69039000.0,0.42,130381000.0,0.2925413521688012,3240618000.0,1463161000.0,281582000.0,253187000.0,1777457000.0,0.0,-322552000.0,3700710440.0,5088728440.0,12.422619755140854,1.1121503078752069,0.44163860103227226,0.9781438953061214,0.022724723578585758,12.422619755140854,0.03420471157992866,8.303440195295321,18.486175195316402,2.529257163087316,1.0282734229823967,0.0,0.013905978550432062,0.13753055744305562,1.0118647481900729,0.015443659203275424,48.1230470344989,0.2925413521688012,-0.19230769230769237,0.3317668811272461,-0.13688488583983774,-0.14554479085029717,-0.10243630430741905,-0.17535302937929442,-0.1408678554984507,-0.04918335576782171,0.08376584320451987,-0.04056797465008909,REIT—Specialty,Real Estate,CXW
2016Q4,2016,Q4,2017-02-23,2016-12-31,60689000.0,464134000.0,80359000.0,0.52,145261000.0,0.31297211581138207,3271604000.0,1458963000.0,298824000.0,272193000.0,1812641000.0,0.0,-322563000.0,2872998220.0,4292241220.0,12.42125203265876,1.0978386659465893,0.44533323715217366,0.9986229945516096,0.02600908411883737,12.42125203265876,0.04159735373686653,6.190018873859704,11.834921567335101,1.9692056755380363,1.0459061773962333,0.0,0.022093644039918686,0.14186741427140936,0.9831112482686917,0.018550227961574812,64.7334103916002,0.31297211581138207,0.10638297872340435,0.2660605124562098,-0.10766241348204814,-0.12406840459399521,-0.02237761296488229,0.0966570292735815,0.08662258461455248,0.2569688490548165,0.05853507338779202,-0.04529172260790519,REIT—Specialty,Real Estate,CXW
2016Q3,2016,Q3,2016-11-03,2016-09-30,55340000.0,474935000.0,73953000.0,0.47,148586000.0,0.31285544337646204,3285512000.0,1444193000.0,297893000.0,339823000.0,1841319000.0,0.0,-333487000.0,1628934410.0,3015108410.0,12.296969593760377,0.8766122363701103,0.43491090581924524,0.9894141572490658,0.025006866863601464,12.296969593760377,0.038318978142118126,3.429804941728868,7.358756821467292,1.1279201671798713,1.1469280809541018,0.0,0.03896473646228641,0.14455433430162484,0.7802620776109916,0.016843645678360025,25.603319763603785,0.31285544337646204,-0.04081632653061228,0.25191760449988787,-0.030902259185001606,-0.06208677175721941,0.011580488136977908,-0.03895246861052741,-0.04176168757126568,0.04781206730095324,0.10612955411508054,-0.05927792551044641,REIT—Specialty,Real Estate,CXW
2016Q2,2016,Q2,2016-08-04,2016-06-30,57583000.0,463331000.0,77176000.0,0.49,146885000.0,0.31701958211300346,3327750000.0,1444627000.0,325265000.0,341498000.0,1883123000.0,0.0,-324869000.0,4111383020.0000005,5496182020.0,12.305065544586503,0.9524653145845656,0.43742528735632186,1.0076248055726496,0.02543288559327115,12.305065544586503,0.03986011614070622,8.87353321923204,17.849812531476307,2.845982402377915,1.1017487800218815,0.0,0.015430817243585346,0.13923251446172338,0.8558468863653667,0.017303884005709563,60.747385047281334,0.31701958211300346,0.25641025641025633,0.23698011442891878,-0.024516979292907252,-0.1164302530956913,0.10053421445001386,0.24350530157427602,0.1886397240019714,1.5785743845218108,-0.023318126904549374,-0.11965512704356988,REIT—Specialty,Real Estate,CXW
2016Q1,2016,Q1,2016-05-05,2016-03-31,46307000.0,447385000.0,64928000.0,0.39,133467000.0,0.2983269443544151,3273804000.0,1446456000.0,291761000.0,317247000.0,1827348000.0,0.0,-318404000.0,3757381749.9999995,5108943750.0,12.33809016078816,0.9196651189766963,0.4295852775547956,0.9722922785069162,0.022202934887602298,12.33809016078816,0.03201410896702008,8.398542083440436,20.285171518344956,2.5976467656119504,1.4060077310125898,0.0,0.01732802369628798,0.13665601239414454,0.8293853054560012,0.01414470750234284,35.37158275751699,0.2983269443544151,-0.04878048780487796,0.0644928129556315,-0.031082326828425808,-0.0873120649540399,-0.025105183194062995,-0.04714185768961686,-0.024211364763522144,-0.781730027871807,-0.10298460454376834,-0.25707250945599,REIT—Specialty,Real Estate,CXW
2015Q4,2015,Q4,2016-02-25,2015-12-31,48598000.0,447835000.0,66539000.0,0.41,136904000.0,0.30570187680730626,3356018000.0,1462748000.0,342058000.0,324595000.0,1893270000.0,0.0,-300818000.0,3102720720.0,4509281720.0,12.48845707260433,1.05379934995918,0.4385709492618931,1.0062239018614278,0.021571595220367914,12.48845707260433,0.033223767867055706,6.928267598557505,15.961154368492531,2.1211587505161518,1.3013704267665336,0.0,0.020383400797993837,0.1334423712864472,0.9234492213373588,0.014480852009732963,58.878507694935195,0.30570187680730626,-0.046511627906976785,0.03182997886158917,-0.03848926052209724,-0.07718255216995959,0.025828544025416428,-0.04100560423079959,0.016856164802249527,-0.08918753051058172,-0.12759589276794656,-0.1819002690946971,REIT—Specialty,Real Estate,CXW
2015Q3,2015,Q3,2015-11-05,2015-09-30,50676000.0,459957000.0,65436000.0,0.43,133457000.0,0.29015103585769975,3250632000.0,1473881000.0,374568000.0,323754000.0,1776751000.0,0.0,-285677000.0,3458129640.0,4699727640.0,12.59017135632891,1.1569525009729609,0.4060748802079103,0.8955946918374007,0.022253945001262966,12.59017135632891,0.034382694396630394,7.518375935141763,17.059997040018946,2.3462746585375616,1.2469413529086748,0.0,0.018272883488543824,0.14149771490590138,1.0160152461436769,0.015589583810163685,75.18163445442094,0.29015103585769975,-0.21818181818181825,0.13636695735174537,0.013281164840888787,-0.036293744701311324,-0.055238567181084525,-0.22398664686155306,-0.17951675799029504,0.018712405050938595,-0.11998399170117531,-0.15926184594200604,REIT—Specialty,Real Estate,CXW
2015Q2,2015,Q2,2015-08-06,2015-06-30,65303000.0,459295000.0,79753000.0,0.55,141260000.0,0.307558323082115,3175166000.0,1481161000.0,322482000.0,308677000.0,1694005000.0,0.0,-272656000.0,3869102960.0,5066033960.0,12.663608693421795,1.0447231248197955,0.3899008744739645,0.8358308111002113,0.028184960548072985,12.663608693421795,0.04408906256645969,8.424004093229842,14.81211797314059,2.61220958423831,0.9666477803469978,0.0,0.016315151251493187,0.1446522795973502,0.8766769147037194,0.020566798712256303,103.03320622070729,0.307558323082115,0.12244897959183684,0.7226430535649757,0.057885624524792456,-0.002231962967083982,0.12703250410888955,0.14012605408802836,0.1587626768953593,0.48906045820600574,-0.11711711248482125,-0.1390541130816499,REIT—Specialty,Real Estate,CXW
2015Q1,2015,Q1,2015-05-07,2015-03-31,57277000.0,426000000.0,68826000.0,0.49,125338000.0,0.2942206572769953,3159771000.0,1473616000.0,343178000.0,316808000.0,1686155000.0,0.0,-274281000.0,4695684840.0,5861662840.0,12.634531954661592,1.0832365344309487,0.3924335023012744,0.841467519353753,0.02476438437179407,12.634531954661592,0.03886833476292331,11.022734366197183,20.49550797004033,3.1865050596627613,1.0673743387398082,0.0,0.013019613130595027,0.13481989675834102,0.9478832605237242,0.018126946541379106,119.61090325538744,0.2942206572769953,0.96,0.6229550477733637,0.015414317120811902,0.006642754905801914,0.0023511723873196637,0.9088515630207292,0.6447843230971442,0.5391614533021628,-0.16688485019109298,-0.13096900198032607,REIT—Specialty,Real Estate,CXW
2014Q4,2014,Q4,2015-02-25,2014-12-31,30006000.0,423477000.0,41845000.0,0.25,125044000.0,0.29527931859345374,3127191000.0,1481500000.0,365985000.0,318988000.0,1645691000.0,0.0,-267971000.0,4228413380.0000005,5361372380.0,12.732366767792225,1.1473315610618582,0.3837309585503412,0.809989875126561,0.014843621282403777,12.732366767792225,0.020253796827539656,9.98498945633411,35.22973222022262,2.8541433547080666,1.9783376658001732,0.0,0.01403883553126019,0.13541769594501904,1.0125177122650382,0.009595192618551282,35.680103452058496,0.29527931859345374,-0.4897959183673469,-0.2998838109743071,-0.01698248202008042,0.018194981626751105,-0.0057091967366931185,-0.4785736628088833,-0.4009305654974946,-0.3681136470078733,-0.1781320981661399,-0.10212897162997049,REIT—Specialty,Real Estate,CXW
2014Q3,2014,Q3,2014-11-05,2014-09-30,57546000.0,408474000.0,69850000.0,0.49,125762000.0,0.3078825090458634,3101150000.0,1502293000.0,383813000.0,248704000.0,1598857000.0,0.0,-238112000.0,3992116600.0,5183269600.0,12.930180315875543,1.5432522195059186,0.399851667929639,0.8254048977130294,0.024586549217843465,12.930180315875543,0.03830544374499515,9.773245298354363,17.34315417231432,2.6573488660334568,1.0290376394536545,0.0,0.014833484573070837,0.13171694371442852,1.3723663471435923,0.01855634200216049,47.15358248092414,0.3078825090458634,0.020833333333333353,0.25620195879277785,-0.05285041701013483,0.06506524560814315,0.02175749894381073,0.03254862556520491,0.06584267948424506,0.3159179385297017,-0.1574903232395849,-0.013790587237227795,REIT—Specialty,Real Estate,CXW
2014Q2,2014,Q2,2014-08-07,2014-06-30,55732000.0,410694000.0,65535000.0,0.48,123084000.0,0.29969758506333183,2973494000.0,1499630000.0,328867000.0,238484000.0,1473864000.0,0.0,-235938000.0,3814344900.0,4962729900.0,12.915152350276452,1.3789897854782711,0.40188411343691965,0.7968632262624781,0.023456930968691444,12.915152350276452,0.037163833745657265,9.287559350757498,17.11021002296706,2.543524002587305,1.0622622550778726,0.0,0.015520882760234923,0.13811832140908978,1.2307282668858288,0.01874293339754511,83.2790031003013,0.29969758506333183,0.09090909090909087,0.6874530581006553,-0.01729674542209037,0.10274182949426963,0.05342257065096455,0.07719664463257181,0.03914946246789078,0.21048738829153388,-0.1257534563200621,-0.07262274613525269,REIT—Specialty,Real Estate,CXW
2014Q1,2014,Q1,2014-05-08,2014-03-31,51738000.0,404222000.0,63066000.0,0.44,116842000.0,0.2890540346641202,2969258000.0,1499016000.0,318516000.0,229288000.0,1470242000.0,0.0,-231954000.0,3626010360.0,4768329360.0,12.947889404265243,1.389152506890897,0.4024574489653644,0.7971896230593937,0.02280706178459983,12.947889404265243,0.03451464160489281,8.97034391992519,17.5210211063435,2.4189270561488336,1.0875372066952724,0.0,0.015517605967347541,0.13613569450684312,1.273424688601235,0.01742455522558161,91.7930828818794,0.2890540346641202,0.07317073170731714,0.5474258592250161,0.03493177310938929,0.18635188058972219,0.02077509085826111,0.08988645699479682,0.12579660472339743,0.20435834029025765,-0.11350680586320168,-0.042203267314476024,REIT—Specialty,Real Estate,CXW
2013Q4,2013,Q4,2014-02-27,2013-12-31,47471000.0,431103000.0,56019000.0,0.41,114464000.0,0.26551427385102866,3007425000.0,1502507000.0,352734000.0,254406000.0,1504918000.0,0.0,-224015000.0,3703571880.0,4830662880.0,13.010520937965433,1.3865003183887172,0.40067499605143936,0.8019929358066219,0.021478425408185012,13.010520937965433,0.03159452834495946,8.590921148774191,19.504391523245772,2.4649282033295017,1.1723367950959533,0.0,0.015026574831862045,0.1433462181101773,1.2690974269474777,0.015784599782205706,67.15573954196812,0.26551427385102866,-0.06818181818181825,0.21514885301762776,0.11311376935505768,0.12914203971969962,-0.04595047384081949,-0.08433153945566421,-0.16726375406936125,0.022249801892255214,-0.06123678913770962,-0.03860535716212576,REIT—Specialty,Real Estate,CXW
2013Q3,2013,Q3,2013-11-07,2013-09-30,51843000.0,421466000.0,67271000.0,0.44,119977000.0,0.284665904248504,2968182000.0,1506948000.0,323280000.0,230326000.0,1461234000.0,0.0,-215707000.0,3982993099.9999995,5097899100.0,13.071841224128658,1.4035758012556117,0.39923427876053424,0.7863575916355442,0.022988414178857344,13.071841224128658,0.03440264693937681,9.450330750285906,19.206995640684372,2.6430859591704556,1.0641938159442934,0.0,0.013851643378443213,0.14199466205239436,1.259653708222259,0.017466247015850107,48.62586343714519,0.284665904248504,1.3157894736842106,0.47994330328739976,0.10682150685304741,0.20452301316098664,0.0022806255430060816,1.5377159919721963,0.057553843735261755,0.18052631262746247,-0.05714575723877303,0.0005753535380997729,REIT—Specialty,Real Estate,CXW
2013Q2,2013,Q2,2013-08-08,2013-06-30,20429000.0,433981000.0,63610000.0,0.19,119704000.0,0.2758277436108954,2917160000.0,1501189000.0,305730000.0,228753000.0,1415971000.0,0.0,-211786000.0,3507683999.9999995,4619809000.0,13.977551210428306,1.3365070622024628,0.39421903495180244,0.7660594368863614,0.03176418696209528,13.977551210428306,0.013608546292305632,8.082575043607898,42.92530226638602,2.3366038520133037,9.22409320084194,0.0,0.053721771972617835,0.14876832261514625,1.1861920936556023,0.00700304405654815,49.78121540688598,0.2758277436108954,-0.8932584269662922,-0.36957189606847446,0.2576510334464847,0.32860315151764397,0.012775606206744844,-0.8871899366068076,0.07210274388188499,-0.413119368286989,0.08857465556728066,0.10129380742794485,REIT—Specialty,Real Estate,CXW
2013Q1,2013,Q1,2013-05-09,2013-03-31,181092000.0,425724000.0,59332000.0,1.78,118194000.0,0.27763057755729065,2936375000.0,1661902000.0,318601000.0,218710000.0,1274473000.0,0.0,501379000.0,3843688699.9999995,4800306700.0,16.607394823623462,1.4567280874217,0.34632769997020135,0.6119181516118279,0.08636696249050908,16.607394823623462,0.10896671404210356,9.02859293814772,5.306265185651492,2.312825124465823,0.000949793475139708,0.0,4.474868113018622e-05,0.14498284449363585,1.3405559873805495,0.06167195947384105,44.97804392852545,0.27763057755729065,2.9555555555555557,5.463047288077842,0.3692253679059739,0.6433187428952728,-0.09867081512662716,2.988107822410148,-0.26310298574196433,4.980627640752315,0.1827231236076411,0.32317633427588655,REIT—Specialty,Real Estate,CXW
2012Q4,2012,Q4,2013-02-27,2012-12-31,45408000.0,436861000.0,80516000.0,0.45,131133000.0,0.30017099260405483,2974742000.0,1521620000.0,350742000.0,166458000.0,1453122000.0,0.0,374131000.0,3535614130.0,4584262130.0,15.265201296160676,2.1070900767761236,0.3736609763132399,0.7305010449389466,0.020612677698770905,15.265201296160676,0.02984187904995991,8.093224458122835,19.465810705162085,2.323585474691447,0.4389094432699084,0.0,0.0056369273532686105,0.1468567694273991,1.896340217952877,0.015264517057277572,84.31780334827816,0.30017099260405483,0.0714285714285715,0.6293576491038151,0.4220093196703939,0.5614403917324218,0.004735087920928629,0.0724863600935308,0.0078610054075706,0.2367537388861648,0.18375969279943596,0.22074329437244938,REIT—Specialty,Real Estate,CXW
2012Q3,2012,Q3,2012-11-08,2012-09-30,42339000.0,444853000.0,79888000.0,0.42,130515000.0,0.29338905211384436,2967675000.0,1492078000.0,330241000.0,172109000.0,1475597000.0,0.0,348807000.0,3326879430.0,4398789430.0,14.975139757319068,1.918789836673271,0.38115764024025545,0.7581051392755607,0.0194127429205837,14.975139757319068,0.02837586238789125,7.478604010763106,19.644296216254517,2.229695384557644,0.47065353456623915,0.0,0.005989697077780784,0.1498995004506895,1.7342207554514872,0.014266723950567363,44.814303245012596,0.29338905211384436,0.13513513513513511,0.5738240968264644,0.4474278130707066,0.5648508457165411,0.033520216657956,0.13406010606953447,0.06680910729785672,0.07774084085932013,0.20281849519682962,0.2335095500611596,REIT—Specialty,Real Estate,CXW
2012Q2,2012,Q2,2012-08-09,2012-06-30,37334000.0,442866000.0,74885000.0,0.37,126282000.0,0.2851472002818008,2996002000.0,1464570000.0,348011000.0,169575000.0,1531432000.0,0.0,326546000.0,2932336500.0,4059970500.0,14.708948478457367,2.0522541648238244,0.3974510030367136,0.8130468328587913,0.017598502568677413,14.708948478457367,0.025491441173859906,6.621272574548509,19.635831279798573,2.0021825518752943,0.0,0.0,0.0,0.14781899344526472,1.8491817779743476,0.01246127339033819,69.47676870587121,0.2851472002818008,0.15624999999999997,0.3887122015107266,0.4804472782089982,0.5610526513883131,0.05436207429177347,0.17847222222222223,0.07680029909122282,0.3182193254998456,0.23575522396008547,0.25590254881692,REIT—Specialty,Real Estate,CXW
2012Q1,2012,Q1,2012-05-07,2012-03-31,31680000.0,435305000.0,69544000.0,0.32,119771000.0,0.27514271602669393,2971126000.0,1443571000.0,314026000.0,216879000.0,1527555000.0,0.0,309272000.0,2711664520.0,3860699520.0,14.538643596664384,1.44793179607062,0.39728574284631485,0.8176847553739996,0.01661855160238942,14.538643596664384,0.021945578014520933,6.229343839376988,21.39886773989899,1.878442085633474,0.0,0.0,0.0,0.14651179384516172,1.3340710718880113,0.010662624203753055,59.67177607112207,0.27514271602669393,-0.21589655002221012,0.18169977131675294,0.5070631819473972,0.6128239345887029,-0.10692635205165871,-0.21820245792409063,-0.1421945924610223,0.10478664360616816,0.29950650538013196,0.33210491946623844,REIT—Specialty,Real Estate,CXW
2011Q4,2011,Q4,2012-02-27,2011-12-31,40522000.0,439693000.0,81072000.0,0.4081094146557628,134111000.0,0.30501054144596346,3019631000.0,1408022000.0,359429000.0,198362000.0,1611609000.0,0.0,277592000.0,2022578040.0,3211760040.0,14.180618780969262,1.8119851584476865,0.4123066692585948,0.884229081647872,0.019683346187988397,14.180618780969262,0.028779379867644114,4.599977802694153,12.478271309412172,1.4364676404203913,0.0,0.0,0.0,0.1456115002131055,1.6487482481523679,0.013419520464586568,-156.4373145641581,0.30501054144596346,0.10299841798854807,0.5311671961134998,0.5280375069304114,0.6296406210261719,0.028624241634005475,0.03267074413863405,0.00417414999690345,0.20642278957474194,0.3204307241287696,0.23069113767054406,REIT—Specialty,Real Estate,CXW
2011Q3,2011,Q3,2011-11-04,2011-09-30,39240000.0,435043000.0,80735000.0,0.37,130379000.0,0.29969221433283605,2932553000.0,1366873000.0,348690000.0,192582000.0,1565680000.0,0.0,237070000.0,2365523260.0,3527217260.0,13.110988547202027,1.8106053525251582,0.4124910956426022,0.8849776094779837,0.019640584346840732,13.110988547202027,0.028707860935141744,5.437447010985121,15.070866845056065,1.7306093982396316,0.0,0.0,0.0,0.14834957799569182,1.6031924063515801,0.013380832332783074,61.311576901145614,0.29969221433283605,-0.05128205128205133,0.7108565230502023,0.46088008111919365,0.5443342170388952,-0.039593676797737086,-0.07492102409354519,-0.0696696281444095,0.23866175100656226,0.2633276586020445,0.2081302977612985,REIT—Specialty,Real Estate,CXW
2011Q2,2011,Q2,2011-08-05,2011-06-30,42418000.0,432803000.0,86781000.0,0.39,135754000.0,0.3136623359819595,2936348000.0,1489819000.0,350404000.0,184994000.0,1446529000.0,0.0,197830000.0,2316052050.0,3365723050.0,13.926535610458323,1.894137107149421,0.3760773586781948,0.7412269544152679,0.020775245705690223,13.926535610458323,0.028471915044713487,5.351284649135981,13.650172391437597,1.5545861946988189,0.0,0.0,0.0,0.14739499541607465,1.6636593619252515,0.0144458354391237,43.47597330680282,0.3136623359819595,0.054054054054054106,0.8586647129756863,0.48985931452653225,0.715770856570464,0.028680978108495177,0.05177287379122242,0.03970431427989505,0.31417291282082177,0.25919666562373694,0.32375398402927064,REIT—Specialty,Real Estate,CXW
2011Q1,2011,Q1,2011-05-06,2011-03-31,40330000.0,428074000.0,83467000.0,0.37,131969000.0,0.3082854833510094,2932029000.0,1469289000.0,342397000.0,196091000.0,1462740000.0,0.0,155412000.0,2651987200.0,3726939200.0,13.518410496098925,1.7461127741711757,0.37951329949328605,0.7573350103349307,0.020058939645111802,13.518410496098925,0.027448650333596725,6.195160649794195,16.43929580957104,1.8049459296299093,0.0,0.0,0.0,0.14599923807029194,1.6084776965796492,0.013754979913227324,27.002954862489943,0.3082854833510094,-0.07986363116348241,1.0614562298982089,0.4768246001703048,0.7010895971486741,-0.03311622182007341,-0.07722228577965908,-0.04162265190832683,0.3252218655333859,0.26761671178990987,0.33766057700942786,REIT—Specialty,Real Estate,CXW
2010Q4,2010,Q4,2011-02-25,2010-12-31,43705000.0,432200000.0,87092000.0,0.40211430884734284,136489000.0,0.31580055529847295,2983228000.0,1470871000.0,378293000.0,205855000.0,1512357000.0,0.0,115082000.0,2723721280.0,3854784280.0,13.532965920800825,1.8376672900828253,0.38769011285761595,0.786315047342697,0.02119554468497255,13.532965920800825,0.02971368665233049,6.301992781119852,15.580146893948061,1.8517744112162111,0.0,0.0,0.0,0.14487662357687714,1.6070049306550727,0.014650237930188372,31.822147864286382,0.31580055529847295,0.05819554959827061,1.0340794643035292,0.4854980348968633,0.7494294568438572,0.011104526261204534,0.041487942045562866,0.022338564838183333,0.4382594947464592,0.2902266402935171,0.3842542393457566,REIT—Specialty,Real Estate,CXW
2010Q3,2010,Q3,2010-11-05,2010-09-30,41964000.0,427150000.0,85189000.0,0.38,134990000.0,0.31602481563853446,3018264000.0,1439166000.0,422057000.0,202410000.0,1579098000.0,0.0,71377000.0,2718748800.0,3920547800.0,13.064324618736384,2.085158836025888,0.40958444986919634,0.8589933336390659,0.019895858085690797,13.064324618736384,0.029158554329382434,6.364857310078427,16.196911638547327,1.8891141119231554,0.0,0.0,0.0,0.14152174892587263,1.8804604515587175,0.013903356366441107,429.63792667509483,0.31602481563853446,0.1875,1.1562461386525362,0.4994136388259339,0.7320143313423724,0.07682735184549973,0.14599377355398985,0.1115039860130736,0.4108771118632054,0.25706436728170473,0.3651772043298116,REIT—Specialty,Real Estate,CXW
2010Q2,2010,Q2,2010-08-05,2010-06-30,36618000.0,419382000.0,76643000.0,0.32,125359000.0,0.2989136395934971,2929682000.0,1433935000.0,324107000.0,181733000.0,1495747000.0,0.0,29413000.0,2155658400.0,3319489400.0,12.691936625951495,1.783424034160004,0.40501699501857197,0.827492877989588,0.01804335656514159,12.691936625951495,0.02553672237583991,5.140083265376196,14.717204653449121,1.5033166775341977,0.0,0.0,0.0,0.14314932473899897,1.5860575679705942,0.012498967464728254,-236.314229335672,0.2989136395934971,0.06666666666666674,1.5587668123758331,0.47236180858643356,0.7268324096565771,0.06663093050166768,0.049046009282071854,0.03970644093548212,0.20040911715192775,0.23554147773421738,0.34698828745043847,REIT—Specialty,Real Estate,CXW
2010Q1,2010,Q1,2010-05-06,2010-03-31,34906000.0,414947000.0,73716000.0,0.3,117528000.0,0.2832361723304422,2917399000.0,1447889000.0,323185000.0,196711000.0,1469510000.0,0.0,-7205000.0,2291029740.0,3393279740.0,12.551157690340588,1.6429432009394493,0.39398656131711846,0.7938564351272784,0.017573883654095256,12.551157690340588,0.024108201664630367,5.521258714968417,16.408566865295363,1.5823241560644496,0.0,0.0,0.0,0.14223183047639354,1.508568407460691,0.011964767246441094,78.85419357059268,0.2832361723304422,-0.18552870019533552,4.782323009041341,0.4056602778537899,0.6665101865917621,-0.10927872554889463,-0.17850839001200255,-0.13019469026548672,0.1206883024160725,0.23649740547257844,0.3923449870125912,REIT—Specialty,Real Estate,CXW
2009Q4,2009,Q4,2010-02-24,2009-12-31,42491000.0,427098000.0,84750000.0,0.3683371041704592,131947000.0,0.3089384637717807,2905743000.0,1442546000.0,325255000.0,194583000.0,1463197000.0,0.0,-42111000.0,2832063450.0,3935254450.0,12.504841408125937,1.671548902010967,0.3954578914928127,0.7965770242335426,0.02079666394125535,12.504841408125937,0.02945555982270236,6.630945239734206,16.662725341837096,1.9632396124629647,0.0,0.0,0.0,0.14698409322503744,1.4754269386328713,0.014623110164938882,74.06411030911659,0.3089384637717807,-0.05554588674241241,1.757222963572498,0.4381963295947304,0.7123406751035815,0.042424769112872004,-0.061013877839653494,0.06817408401709078,0.3819472689522876,0.27754079329641534,0.4370598231947715,REIT—Specialty,Real Estate,CXW
2009Q3,2009,Q3,2009-11-05,2009-09-30,45252000.0,426018000.0,79341000.0,0.39,126577000.0,0.2971165537606392,2920648000.0,1393351000.0,373936000.0,214506000.0,1527297000.0,0.0,-84602000.0,2599563150.0,3744729150.0,12.140270625854964,1.7432426132602352,0.41045411840112195,0.8603661245443539,0.022723823440863454,12.140270625854964,0.03247710017073946,6.102003084376716,14.361592581543356,1.8656915235285292,0.0,0.0,0.0,0.14586420547768852,1.5481105423624515,0.015493821918971406,46.78334143181082,0.2971165537606392,0.3928571428571428,1.4139639854397619,0.32164150439946176,0.5869977103623989,0.02566242605947654,0.3875022996259275,0.05898134059421799,0.7921853832292072,0.29948386932102034,0.42999402860595953,REIT—Specialty,Real Estate,CXW
2009Q2,2009,Q2,2009-08-06,2009-06-30,32614000.0,412693000.0,74922000.0,0.28,123410000.0,0.29903584504704467,2908841000.0,1342893000.0,370808000.0,177003000.0,1565948000.0,0.0,-129854000.0,1948090389.9999998,3151059390.0,11.711854946320022,2.0949249447749474,0.43878541315939923,0.9504532378975838,0.017688717699304062,11.711854946320022,0.024286372778769418,4.720434778394593,14.932930566627826,1.4506668736824153,0.0,0.0,0.0,0.14187540673415977,1.8233928238504433,0.011212025683081337,66.16255909523161,0.29903584504704467,-0.034482758620689495,0.9463465578847692,0.31272335538789076,0.5887412222320433,0.033956952671397575,-0.05731710841980518,-0.0002668730484908329,0.3333053522993869,0.32542998125475175,0.44291875275757886,REIT—Specialty,Real Estate,CXW
2009Q1,2009,Q1,2009-05-07,2009-03-31,34597000.0,404154000.0,74942000.0,0.29,119357000.0,0.29532554422324164,2867281000.0,1307469000.0,335524000.0,184906000.0,1559812000.0,0.0,-162468000.0,1534599570.0,2755622570.0,10.914037914138083,1.8145652385536435,0.4412092850334515,0.9675724625211,0.018091082297284504,10.914037914138083,0.026461048024848006,3.7970663905343014,11.089108665491228,1.1737177478012863,0.0,0.0,0.0,0.1409537467726393,1.6466042205228604,0.012066135129413546,31.650364435094666,0.29532554422324164,-0.14272350400987047,0.9998640259797632,0.2724379262248698,0.46388248872260623,-0.0673558530048368,-0.14628007402837753,-0.11031175059952038,0.604427112821175,0.26500605257424587,0.37336829385260345,REIT—Specialty,Real Estate,CXW
2008Q4,2008,Q4,2009-02-25,2008-12-31,40525000.0,401759000.0,84234000.0,0.3382805913336728,127977000.0,0.31854171281788335,2871374000.0,1380359000.0,338299000.0,191823000.0,1491015000.0,0.0,-197065000.0,1959878920.0,3118723920.0,11.522483868544288,1.7635997768776424,0.41545336831774615,0.8642114116689934,0.020315766489682315,11.522483868544288,0.029358304614958863,4.878245216659739,12.090554719309068,1.419832753653216,0.0,0.0,0.0,0.13991872880370165,1.5490843121002174,0.014113452305411974,-106.54411089970101,0.31854171281788335,0.12760197111224264,-0.5532322655556561,0.31155842601781875,0.5623490654110205,0.07285850812333383,0.06951518830329102,0.12528053863417762,0.7111791071963618,0.2528197416670162,0.4895310321188401,REIT—Specialty,Real Estate,CXW
2008Q3,2008,Q3,2008-11-07,2008-09-30,37891000.0,411885000.0,74856000.0,0.3,119286000.0,0.2896099639462471,2819869000.0,1353238000.0,306974000.0,228782000.0,1466631000.0,0.0,-237590000.0,3098695600.0,4225709600.0,10.852296785783023,1.341775139652595,0.4098594651028115,0.8540626260864682,0.018900201112064436,10.852296785783023,0.028000248293352684,7.523205749177562,20.444799556622947,2.2898378555730776,0.0,0.0,0.0,0.14606529594105258,1.1858887499890727,0.013437149030681921,-50.585993208828526,0.2896099639462471,0.0,0.6444689141703395,0.2918057305207247,0.6112963464659987,0.024661770390413607,0.009699682894982279,0.005642431081734645,0.7200019065097621,0.277286809361559,0.4387527950736876,REIT—Specialty,Real Estate,CXW
2008Q2,2008,Q2,2008-08-07,2008-06-30,37527000.0,399616000.0,74436000.0,0.3,116415000.0,0.2913171644778988,2726188000.0,1308496000.0,298171000.0,251439000.0,1417692000.0,0.0,-275481000.0,3416608720.0,4488143720.0,10.520486267447096,1.1858582001996507,0.3982931477946495,0.8298244702314719,0.019254071876802514,10.520486267447096,0.028679491568946332,8.549729540358744,22.761003544114903,2.6110960369768037,0.0,0.0,0.0,0.1465841680764496,1.0376473021289458,0.013765374948462835,-42.1735859676842,0.2913171644778988,0.07142857142857129,0.5552313303013303,0.04883834221294258,0.29435954126996566,0.04816055318459295,0.07226127207268987,0.06183934608636111,1.382017352793212,0.27442009430877334,0.43139043216051637,REIT—Specialty,Real Estate,CXW
2008Q1,2008,Q1,2008-05-07,2008-03-31,34998000.0,388360000.0,70101000.0,0.28,111066000.0,0.2859872283448347,2606725000.0,1263179000.0,318095000.0,219211000.0,1343546000.0,0.0,-313008000.0,3439803424.64,4435228424.639999,10.106009497806742,1.451090501845254,0.40122951212728614,0.8279863740610001,0.018722898083921583,10.106009497806742,0.027706287074120137,8.857254672571841,24.571428543345338,2.723132212172622,0.0,0.0,0.0,0.14898387823801898,1.2865093448777662,0.013426042256087619,-42.25958480828532,0.2859872283448347,0.001488008928060618,0.0142927878154452,0.0298173951173923,0.10546407219961931,0.005149461071341304,0.001488010072683569,0.03425839861904129,4.500000004000229,0.2141952329564092,0.3418497472029622,REIT—Specialty,Real Estate,CXW
2007Q4,2007,Q4,2008-02-27,2007-12-31,34946000.0,385232000.0,67779000.0,0.27958397654675576,110497000.0,0.2868323503758774,2485740000.0,1221975000.0,340663000.0,214731000.0,1263765000.0,0.0,-348006000.0,3688539210.07,4606538210.07,9.77635866023928,1.5864639944861245,0.39262634064705076,0.7986800057284315,0.019160237957871928,9.77635866023928,0.028597966406841382,9.57485154418636,26.38742066380988,3.0185062788273087,0.0,0.0,0.0,0.15497678759645014,1.3956531660542726,0.0140585901984922,-32.63789627895659,0.2868323503758774,0.07532298671829137,-0.463839964360644,0.029531102070036723,0.10499665995915305,0.05261302798788271,0.050849496316343404,0.018650996423096575,1.0928528558580506,0.19723466067082482,0.3387180246404833,REIT—Specialty,Real Estate,CXW
2007Q3,2007,Q3,2007-11-08,2007-09-30,33255000.0,379920000.0,66538000.0,0.26,104974000.0,0.27630553800800167,2444613000.0,1178667000.0,410986000.0,220134000.0,1265946000.0,0.0,-382952000.0,3156761675.21,4043358675.21,9.569691449067141,1.866981020651058,0.399261560009703,0.8280880011063345,0.01919879598679566,9.569691449067141,0.028214075731313425,8.309016833043799,23.73148154570741,2.6782472701874234,0.0,0.0,0.0,0.15541110187992946,1.7328490828313663,0.013603380166922127,-503.9530132838442,0.27630553800800167,0.0,0.36614355609368604,0.0329005473878905,0.1378022445521282,0.013937854362461486,0.020029446046254833,0.011431003556987809,0.653061216128291,0.09828955278875687,0.2509670407346994,REIT—Specialty,Real Estate,CXW
2007Q2,2007,Q2,2007-08-07,2007-06-30,32602000.0,362770000.0,65786000.0,0.26,103531000.0,0.2853901921327563,2361849000.0,1137744000.0,418727000.0,177729000.0,1224105000.0,0.0,-416207000.0,3810207810.14,4705250810.139999,9.422455075667083,2.3559857986034918,0.41328340634816196,0.8579372864194406,0.019436734241796955,9.422455075667083,0.02865495225639511,10.503095101965432,29.217592556744982,3.3489148790413306,0.0,0.0,0.0,0.15359576331933159,2.1300519329991165,0.013803592016255061,1660.9449913426329,0.2853901921327563,0.0,1.8517363000140832,0.02018404737464557,0.14890699643440627,0.017153804588102374,0.0009824992324224747,-0.006208740577367555,0.8475474212242592,0.0957531334702399,0.2781786371120921,REIT—Specialty,Real Estate,CXW
2007Q1,2007,Q1,2007-05-07,2007-03-31,32570000.0,350915000.0,66197000.0,0.26,101785000.0,0.29005599646638075,2288957000.0,1087404000.0,392579000.0,154672000.0,1201553000.0,0.0,-448809000.0,3185225380.15,4102643380.15,9.014402182946263,2.5381387710768593,0.42647590146953396,0.8977206263725349,0.01998697774166755,9.014402182946263,0.02995206933209736,9.076914295912117,24.449074149140312,2.92920145608256,0.0,0.0,0.0,0.15330781661691328,2.3731961828902453,0.014229188228525045,128.83652389070906,0.29005599646638075,-0.024517796715600768,1.5414815359599021,-0.002160388056059583,0.05663825038145016,0.02129175320831201,0.013000746454341875,0.023438103925418594,0.869699155876936,0.09719445251455833,0.20908737955030304,REIT—Specialty,Real Estate,CXW
