Quarters,Year,Quarter,FillingDate,Date,NetIncome,Revenue,OperatingIncome,EPSDiluted,GrossProfit,GrossProfitRatio,TotalAssets,CommonStockEquity,CurrentAssets,CurrentLiability,TotalLiability,Inventory,RetainedEarnings,MarketCap,EnterpriseValue,bookValuePerShare,currentRatio,debtToAssets,debtToEquity,roic,shareholdersEquityPerShare,roe,priceToSalesRatio,peRatio,pbRatio,payoutRatio,inventoryTurnover,dividendYield,assetTurnover,quickRatio,returnOnAssets,priceToFreeCashFlowsRatio,grossProfitMargin,epsdilutedGrowth,fiveYNetIncomeGrowthPerShare,fiveYRevenueGrowthPerShare,fiveYShareholdersEquityGrowthPerShare,grossProfitGrowth,netIncomeGrowth,operatingIncomeGrowth,threeYNetIncomeGrowthPerShare,threeYRevenueGrowthPerShare,threeYShareholdersEquityGrowthPerShare,Industry,Sector,Symbol
2023Q1,2023,Q1,2023-05-11,2023-03-31,-38074000.0,21000.0,-40092000.0,-0.0699,21000.0,1.0,424877000.0,326055000.0,387023000.0,43911000.0,98822000.0,-1596000.0,-1451764000.0,1181476038.68,1124176038.68,0.5988605158598865,8.813805196875498,0.131430978847996,0.17126558402723466,-0.10364321463612719,0.5988605158598865,-0.11677171029427551,56260.76374666667,-7.757761455849135,3.6235482930180485,0.0,0.0,0.0,4.9426069191789624e-05,8.71540160779759,-0.08961181706705705,-25.279244253589233,1.0,0.301,-0.5621450212252647,-0.9805297184782976,-0.04939629549366339,-0.7961165048543689,0.10215535537423949,0.04431360396653238,0.1438994668853133,-0.8514875846019974,-0.00752309085316549,Biotechnology,Healthcare,GERN
2022Q4,2022,Q4,2023-03-16,2022-12-31,-42406000.0,103000.0,-41951000.0,-0.1,103000.0,1.0,190575000.0,79998000.0,180246000.0,76694000.0,110577000.0,-3144000.0,-1413642000.0,987708213.8,986252213.8,0.19600440423106666,2.3501968863274834,0.2925514889151253,0.6969299232480812,-0.29730363942912935,0.19600440423106666,-0.5300882522063052,9589.400133980582,-5.822927261472433,12.346661339033474,0.0,0.0,0.0,0.0005404696313787223,2.2981458784259523,-0.22251606978879707,-27.963766988477108,1.0,0.0,-1.228469979100524,-0.789470143400878,-0.6991124866087693,-0.6531986531986532,-0.0387008279037868,-0.05014018223690798,0.2907257305639422,-0.7071312442148429,-0.7122078521117988,Biotechnology,Healthcare,GERN
2022Q3,2022,Q3,2022-11-07,2022-09-30,-40826000.0,297000.0,-39948000.0,-0.1,297000.0,1.0,232606000.0,108172000.0,222070000.0,82809000.0,124434000.0,-22223000.0,-1371007000.0,948255689.16,942291689.16,0.2669348392986972,2.681713340337403,0.2386137932813427,0.5130995081906593,-0.235892682156113,0.2669348392986972,-0.37741744628924306,3192.780098181818,-5.806689910596188,8.766184309802906,0.0,0.0,0.0,0.0012768372268987043,2.62500452849328,-0.17551567887328787,-31.870926937115584,1.0,-0.4285714285714285,-1.325035277604227,-0.2841076766434338,-0.6074729967864103,3.0684931506849313,-0.44475900629910115,-0.4279382327709465,-0.255166368883626,0.05808702347237047,-0.6687247997301136,Biotechnology,Healthcare,GERN
2022Q2,2022,Q2,2022-08-11,2022-06-30,-28258000.0,73000.0,-27976000.0,-0.07,73000.0,1.0,238161000.0,142047000.0,227375000.0,46879000.0,96114000.0,0.0,-1329956000.0,625996505.15,605249505.15,0.3517157814599023,4.850252778429574,0.23223785590419926,0.3893781635655804,-0.13901957961737235,0.3517157814599023,-0.1989341555963871,8575.29459109589,-5.538223734429188,4.406967448450161,0.0,0.0,0.0,0.0003065153404629641,4.768467757418033,-0.11865082864112932,-21.802608844733907,1.0,0.262381454162276,-0.7389097178503862,-0.834640801094123,-0.5045753344538266,-0.4065040650406504,0.103518289394372,0.024376634699215343,0.08329176534919026,-0.666135157595578,-0.582188952352668,Biotechnology,Healthcare,GERN
2022Q1,2022,Q1,2022-05-09,2022-03-31,-31521000.0,123000.0,-28675000.0,-0.0949,123000.0,1.0,198421000.0,97487000.0,175924000.0,46630000.0,100934000.0,0.0,-1301839000.0,451610969.04,475496969.04,0.29357639448358247,3.772764314818786,0.278251797944774,0.5663421789571943,-0.19039321714959773,0.29357639448358247,-0.3233354190815186,3671.6338946341466,-3.58182615589607,4.6325250447752016,0.0,0.0,0.0,0.0006198940636323776,3.686660947887626,-0.158859193331351,-13.27330616741124,1.0,0.05100000000000007,-1.103326564861848,-0.8902148973786016,-0.6014867763224327,-0.8817307692307692,0.049197635135135136,0.07146557865423224,-0.7589338304281816,0.21125220013952328,-0.6769986808877898,Biotechnology,Healthcare,GERN
2021Q4,2021,Q4,2022-03-10,2021-12-31,-33152000.0,1040000.0,-30882000.0,-0.1,1040000.0,1.0,226034000.0,126416000.0,187206000.0,45521000.0,99618000.0,0.0,-1271741000.0,403617214.03999996,423744214.03999996,0.38211333569314876,4.112519496496122,0.24331737703177397,0.43505568915327175,-0.17138182860052031,0.38211333569314876,-0.2622452854069105,388.0934750384615,-3.0436867612813705,3.1927700136058728,0.0,0.0,0.0,0.004601077713972234,4.074712769930362,-0.146668200359238,-18.122994658524537,1.0,-0.25000000000000006,-0.8801869331695412,4.322247298654619,-0.5030860830418502,8.541284403669724,-0.2417874667565644,-0.20285113344239308,-1.5580147481059579,0.5621338455293138,-0.599363841131389,Biotechnology,Healthcare,GERN
2021Q3,2021,Q3,2021-11-09,2021-09-30,-26697000.0,109000.0,-25674000.0,-0.08,109000.0,1.0,229097000.0,151553000.0,179355000.0,38470000.0,77544000.0,0.0,-1239724000.0,450640252.67,461573252.67,0.4607391567216343,4.662204315050689,0.17446321863664735,0.2637295203658126,-0.13044273506010506,0.4607391567216343,-0.1761561961821937,4134.314244678899,-4.219952173184254,2.9734828915956797,0.0,0.0,0.0,0.0004757810010606861,4.593969326748115,-0.11653142555336822,-19.649439812941484,1.0,0.11111111111111106,-2.611898884436651,-0.9896760417007013,-0.43122326526291826,0.018691588785046728,0.09728139582065327,0.11128803350756343,-1.6725617910667114,-0.6298624429344707,-0.5371639498560371,Biotechnology,Healthcare,GERN
2021Q2,2021,Q2,2021-08-16,2021-06-30,-29574000.0,107000.0,-28889000.0,-0.09,107000.0,1.0,252175000.0,176206000.0,201762000.0,37013000.0,75969000.0,0.0,-1213027000.0,461107938.86999995,443670938.86999995,0.5388119332945286,5.451111771539729,0.15800535342520075,0.22612737364221422,-0.13043615676359038,0.5388119332945286,-0.1678376445750996,4309.419989439252,-3.8979165725806446,2.616868545168723,0.0,0.0,0.0,0.00042430851591156936,5.375273552535596,-0.1172757013978388,-25.884581726170424,1.0,0.0,-0.6647838974119207,-0.7534460072607162,-0.34253849503953526,-0.21897810218978103,-0.0628953421506613,-0.015287832993603711,-1.2754985270273491,-0.7255452381923283,-0.47292952797302895,Biotechnology,Healthcare,GERN
2021Q1,2021,Q1,2021-05-10,2021-03-31,-27824000.0,137000.0,-28454000.0,-0.09,137000.0,1.0,258608000.0,201162000.0,215264000.0,28552000.0,57446000.0,0.0,-1183453000.0,511349139.68,509589139.68,0.621563498080588,7.539366769403194,0.1151433830353276,0.1480249748958551,-0.12031594881899753,0.621563498080588,-0.1383163818216164,3732.4754721167883,-4.594497014088557,2.5419768131157974,0.0,0.0,0.0,0.0005297593268576378,7.41755393667694,-0.10759141248530595,-15.616575240654777,1.0,-0.28571428571428553,-0.5449757953018218,-0.9101968903937259,-0.2763748601646625,1.74,-0.1697145499642662,-0.22298633198658988,-0.9205125512936072,-0.7863129295279863,-0.013358623229777404,Biotechnology,Healthcare,GERN
2020Q4,2020,Q4,2021-03-11,2020-12-31,-23787000.0,50000.0,-23266000.0,-0.07,50000.0,1.0,270728000.0,210947000.0,199857000.0,30940000.0,59781000.0,0.0,-1155629000.0,506912803.56,521907803.56,0.6616635595796313,6.459502262443439,0.09204810732543364,0.11813393885667964,-0.09632199516444209,0.6616635595796313,-0.11276292149212835,10138.2560712,-5.327624370034052,2.4030339543107986,0.0,0.0,0.0,0.00018468721373481872,6.3670652876535225,-0.08786309506220265,-40.15150919287129,1.0,-0.16666666666666682,-0.39546418809438294,-0.8870965544129984,-0.26267375568536777,-0.5370370370370371,-0.21047274947839806,-0.16242817886585062,-0.6002812412547095,-0.869165090821516,0.015723620724388147,Biotechnology,Healthcare,GERN
2020Q3,2020,Q3,2020-11-05,2020-09-30,-19651000.0,108000.0,-20015000.0,-0.06,108000.0,1.0,285793000.0,232832000.0,231861000.0,24154000.0,52961000.0,0.0,-1131842000.0,554710562.76,534511562.76,0.7303406626768738,9.599279622422786,0.08662563463765732,0.10632988592633315,-0.07599199644623988,0.7303406626768738,-0.08439991066520065,5136.208914444444,-7.057027158414329,2.382449846928257,0.0,0.0,0.0,0.0003778958896823925,9.464767740332864,-0.06875955674211755,-35.89662607649,1.0,0.0,-1.3586015186877645,-0.9984849343194141,-0.21900380199679978,1.5116279069767442,-0.2418478260869565,-0.1940699200572724,-0.4225573481047103,-0.6690918804256876,0.07396408950871479,Biotechnology,Healthcare,GERN
2020Q2,2020,Q2,2020-08-06,2020-06-30,-15824000.0,43000.0,-16762000.0,-0.06,43000.0,1.0,274814000.0,250681000.0,220743000.0,19142000.0,24133000.0,0.0,-1112191000.0,538386191.74,521368191.74,1.0150419687284828,11.5318670985268,0.0031148340332006375,0.0034146983616628306,-0.06512448326236285,1.0150419687284828,-0.06312405008756149,12520.609110232559,-8.505848580321032,2.147694447285594,0.0,0.0,0.0,0.00015646946662106005,11.470483753003865,-0.057580763716550104,-42.76300172676728,1.0,0.25000000000000006,-0.08250423832338959,-0.8903526150425078,0.35560974954567504,-0.17307692307692307,0.032467135432589424,0.006401896858328393,-0.5924092045049499,-0.8407143154226917,0.4297818135578002,Biotechnology,Healthcare,GERN
2020Q1,2020,Q1,2020-05-28,2020-03-31,-16355000.0,52000.0,-16870000.0,-0.08,52000.0,1.0,142889000.0,120814000.0,134155000.0,16916000.0,22075000.0,0.0,-1096367000.0,238264289.48,223957289.48,0.6033999484931962,7.9306573658075195,0.005794707780165023,0.00685351035476021,-0.13217999044104398,0.6033999484931962,-0.13537338387935174,4582.005566923077,-3.642071071232039,1.9721579409671064,0.0,0.0,0.0,0.0003639188460973203,7.851560652636557,-0.11445947553695526,-9.030293328785294,1.0,0.4666666666666666,-0.381552515718355,-0.9238045976448234,-0.2405496751234006,-0.695906432748538,0.4373925008599931,0.43781658224473474,-0.8099677937178739,-0.9230240206454753,-0.18091895956454718,Biotechnology,Healthcare,GERN
2019Q4,2019,Q4,2020-03-12,2019-12-31,-29070000.0,171000.0,-30008000.0,-0.15,171000.0,1.0,165517000.0,135155000.0,141608000.0,28162000.0,30362000.0,0.0,-1080012000.0,269888348.40000004,258798348.40000004,0.68106237668169,5.028336055677864,0.002138753119014965,0.0026192149753986164,-0.21735005033933782,0.68106237668169,-0.21508638230180163,1578.2944350877194,-2.3210212280701756,1.9968802367651959,0.0,0.0,0.0,0.0010331265066428222,4.975747461117819,-0.17563150612927977,-25.814284878048785,1.0,-0.8749999999999999,-1.5729060734878093,-0.23926666756459272,-0.18120912351458052,0.3053435114503817,-0.9150197628458498,-0.8787878787878788,-1.748532967997301,0.45888965172422436,-0.11432200429273466,Biotechnology,Healthcare,GERN
2019Q3,2019,Q3,2019-11-06,2019-09-30,-15180000.0,131000.0,-15972000.0,-0.08,131000.0,1.0,164254000.0,152392000.0,142121000.0,11862000.0,11862000.0,0.0,-1050942000.0,251534450.51000002,231132450.51000002,0.8057797235688883,11.981200472095768,0.002124757996761114,0.0022901464643813323,-0.10433078581226729,0.8057797235688883,-0.0996115281642081,1920.1103092366413,-4.1425304761198944,1.650575164772429,0.0,0.0,0.0,0.0007975452652599023,11.752318327432135,-0.09241784066141463,-20.555238253656945,1.0,0.0,-0.31836578454362224,-0.32099439688919496,-0.07870280876042987,0.297029702970297,-0.06608610155207528,-0.049132947976878616,-2.5719755232565933,-0.9784198420091416,-0.005274994749886292,Biotechnology,Healthcare,GERN
2019Q2,2019,Q2,2019-08-01,2019-06-30,-14239000.0,101000.0,-15224000.0,-0.08,101000.0,1.0,166225000.0,157044000.0,154762000.0,9181000.0,9181000.0,0.0,-1035762000.0,263044075.61999997,245736075.61999997,0.8418058436711808,16.856769415096394,0.0024184087832756804,0.0025597921601589364,-0.09644721504231919,0.8418058436711808,-0.09066885713557983,2604.3967883168316,-4.61837340438233,1.6749705536028119,0.0,0.0,0.0,0.0006076101669423974,16.70035943796972,-0.08566100165438412,-30.003886805064443,1.0,-0.6,-0.36944015616100434,-0.7512037953843814,-0.08760925190180432,0.7719298245614035,-0.41554826523511285,-0.3471374214671268,-0.4050810047818552,-0.5920342439550447,0.027176464857609977,Biotechnology,Healthcare,GERN
2019Q1,2019,Q1,2019-05-02,2019-03-31,-10059000.0,57000.0,-11301000.0,-0.05,57000.0,1.0,175666000.0,169413000.0,155949000.0,6253000.0,6253000.0,0.0,-1021523000.0,307548661.2,301319661.2,0.9089015341810242,24.939868862945787,0.0032504867191146835,0.0033704615348290863,-0.06626015068452992,0.9089015341810242,-0.05937560871951975,5395.590547368421,-7.643619176856546,1.8153781657842076,0.0,0.0,0.0,0.00032447940978903145,24.46121861506477,-0.0572620768959275,-24.059192771649847,1.0,-0.25000000000000006,0.08265879017336411,-0.907441766735879,-0.13583024890162776,-0.848,-0.37794520547945204,-0.1785379080196058,0.030188188005501475,-0.9351251734427287,0.05814450462311839,Biotechnology,Healthcare,GERN
2018Q4,2018,Q4,2019-03-07,2018-12-31,-7300000.0,375000.0,-9589000.0,-0.04,375000.0,1.0,185284000.0,177733000.0,166058000.0,7551000.0,7551000.0,0.0,-1011464000.0,186348551.0,175773551.0,0.9537664717339284,21.99152430141703,0.0,0.0,-0.05395171408798591,0.9537664717339284,-0.041072845222890515,496.9294693333333,-6.381799691780823,1.0484746839360164,0.0,0.0,0.0,0.002023920036268647,21.779499404052444,-0.03939897670602966,-61.766175339741466,1.0,-0.3333333333333334,0.4584914993634881,0.1474293137916591,1.0476535391147446,1.2727272727272727,-0.30427014472038594,-0.40911094783247615,0.2673239431213815,0.44870038519181366,0.06283176755808718,Biotechnology,Healthcare,GERN
2018Q3,2018,Q3,2018-11-01,2018-09-30,-5597000.0,165000.0,-6805000.0,-0.03,165000.0,1.0,187934000.0,183467000.0,168874000.0,4467000.0,4467000.0,0.0,-1004164000.0,287511098.16,274782098.16,0.995469468245448,37.80479068726214,0.0,0.0,-0.03709113900592477,0.995469468245448,-0.030506848643080228,1742.491504,-12.842196630337682,1.5670997953855461,0.0,0.0,0.0,0.0008779677972054018,37.41414819789568,-0.029781731884597783,-46.78781092921074,1.0,0.25000000000000006,0.5279760459771707,-0.36543141874225094,1.0639963500283456,-0.20673076923076922,0.19281799826939716,0.060342446837890085,-1.1766729041797153,-0.9959961405688154,0.06451401333508214,Biotechnology,Healthcare,GERN
2018Q2,2018,Q2,2018-07-31,2018-06-30,-6934000.0,208000.0,-7242000.0,-0.04,208000.0,1.0,183267000.0,178362000.0,162270000.0,4905000.0,4905000.0,0.0,-998567000.0,598450086.9200001,579323086.9200001,1.022276833726623,33.08256880733945,0.0,0.0,-0.0406028189861069,1.022276833726623,-0.038875993765488163,2877.163879423077,-21.576654417363716,3.3552555304380984,0.0,0.0,0.0,0.0011349561022988318,32.96636085626911,-0.03783550775644279,-133.13683802447164,1.0,0.0,0.43070780903060757,0.3641877296930446,0.9152726867859629,-0.34591194968553457,0.03506818814361258,0.026220250100847116,0.3285699514983515,-0.2492475422644375,0.36527206285909536,Biotechnology,Healthcare,GERN
2018Q1,2018,Q1,2018-05-10,2018-03-31,-7186000.0,318000.0,-7437000.0,-0.04,318000.0,1.0,105513000.0,101128000.0,91129000.0,4385000.0,4385000.0,0.0,-991633000.0,682235274.75,674323274.75,0.6299791522176785,20.781984036488026,0.0,0.0,-0.07354046357092002,0.6299791522176785,-0.07105846056482873,2145.393945754717,-23.73487596541887,6.746254991199272,0.0,0.0,0.0,0.0030138466350117994,20.604104903078678,-0.06810535194715343,-92.5943641083062,1.0,0.20000000000000004,0.5184331731057098,-0.6685847441956826,0.06005309522493911,0.6649214659685864,0.03270965136626733,0.044824043154379656,0.24286936925693692,-0.41880844232392206,-0.20709659818176906,Biotechnology,Healthcare,GERN
2017Q4,2017,Q4,2018-03-16,2017-12-31,-7429000.0,191000.0,-7786000.0,-0.05,191000.0,1.0,110313000.0,103797000.0,95970000.0,6516000.0,6516000.0,0.0,-985840000.0,286810893.0,270475893.0,0.6514208649669383,14.728360957642726,0.0,0.0,-0.07501180188252068,0.6514208649669383,-0.07157239611934835,1501.6277120418847,-9.651732837528604,2.7631905835428774,0.0,0.0,0.0,0.001731436911334113,14.598219766728054,-0.06734473724764987,-65.37745452473216,1.0,-0.25000000000000006,0.6259567377394,-0.7785932039710184,-0.032125551764383725,0.17177914110429449,-0.07682272793158429,-0.0748205411374931,0.1810990981636452,0.05825856794690423,-0.2168449186902368,Biotechnology,Healthcare,GERN
2017Q3,2017,Q3,2017-11-01,2017-09-30,-6899000.0,163000.0,-7244000.0,-0.04,163000.0,1.0,114244000.0,108274000.0,98563000.0,5970000.0,5970000.0,0.0,-978411000.0,347092279.56,337188279.56,0.6800419770189601,16.50971524288107,0.0,0.0,-0.066904335297486,0.6800419770189601,-0.06371797476771894,2129.4004880981597,-12.577630075373243,3.2056844631213406,0.0,0.0,0.0,0.001426770771331536,16.31641541038526,-0.060388291726480164,-78.4566635533454,1.0,0.0,0.6544039926001501,-0.7951879872558966,-0.132757724916133,-0.06321839080459771,-0.0771272443403591,-0.07621452978755014,0.28828245722312446,0.003568545263942995,-0.22246645698945877,Biotechnology,Healthcare,GERN
2017Q2,2017,Q2,2017-08-09,2017-06-30,-6405000.0,174000.0,-6731000.0,-0.04,174000.0,1.0,124282000.0,113008000.0,102066000.0,11274000.0,11274000.0,0.0,-971512000.0,440935156.59,434329156.59,0.7099278778785844,9.053219797764768,0.0,0.0,-0.05956215489168908,0.7099278778785844,-0.056677403369672946,2534.1100953448276,-17.210583785714284,3.9018047978019257,0.0,0.0,0.0,0.0014000418403308605,8.453255277629944,-0.051536022915627366,-99.35447422036953,1.0,0.20000000000000004,0.7213940259053295,0.06695196798060897,-0.2111793795471805,-0.6759776536312849,0.10831129054712516,0.1018147851614625,0.2780665637051235,-0.49767351200042825,-0.23054510435732067,Biotechnology,Healthcare,GERN
2017Q1,2017,Q1,2017-05-09,2017-03-31,-7183000.0,537000.0,-7494000.0,-0.05,537000.0,1.0,128847000.0,117251000.0,106563000.0,11596000.0,11596000.0,0.0,-965107000.0,361296718.5,346435718.5,0.736679179110784,9.189634356674716,0.0,0.0,-0.06391416704335144,0.736679179110784,-0.061261737639764266,672.8058072625698,-12.574715247807323,3.0813956256236623,0.0,0.0,0.0,0.004167733823837574,8.61417730251811,-0.05574829060824078,-49.445287874640755,1.0,0.0,0.6956487697882664,-0.6599894791377288,-0.28886936780019157,4.712765957446808,0.15314784248997879,0.14656645029039972,0.23286164166525003,0.021189223357722907,-0.29957664399241096,Biotechnology,Healthcare,GERN
2016Q4,2016,Q4,2017-03-01,2016-12-31,-8482000.0,94000.0,-8781000.0,-0.05,94000.0,1.0,130249000.0,122380000.0,116112000.0,7869000.0,7869000.0,0.0,-957924000.0,329435016.57,316625016.57,0.7689728998379621,14.755623332062523,0.0,0.0,-0.0717519202484066,0.7689728998379621,-0.06930871057362314,3504.6278358510635,-9.70982718020514,2.691902407010949,0.0,0.0,0.0,0.000721694600342421,14.65497521921464,-0.06512142127770655,-520.4344653554502,1.0,-1.5,0.7906869654910457,-0.7056147042495738,-0.34381005265354614,-0.9815974941268598,-1.371923937360179,-1.2648955377869486,0.26327180217243,-0.6632177976999442,0.6509178362853937,Biotechnology,Healthcare,GERN
2016Q3,2016,Q3,2016-11-03,2016-09-30,-3576000.0,5108000.0,-3877000.0,-0.02,5108000.0,1.0,136231000.0,128912000.0,115056000.0,7319000.0,7319000.0,0.0,-949442000.0,359656974.03999996,353773974.03999996,0.810052747559395,15.720180352507173,0.0,0.0,-0.030074779694675438,0.810052747559395,-0.027739853543502543,70.41052741581832,-25.143804113534674,2.7899417745438746,0.0,0.0,0.0,0.03749513693652693,15.567973766908047,-0.02624953204483561,-54.88432382725469,1.0,0.6,0.8560026331830481,17.25196202875575,-0.4216067157604194,23.208530805687204,0.5859673497742272,0.5649197620917966,0.6507340807835482,21.750737425318462,0.6795551924258322,Biotechnology,Healthcare,GERN
2016Q2,2016,Q2,2016-08-03,2016-06-30,-8637000.0,211000.0,-8911000.0,-0.05,211000.0,1.0,137416000.0,130305000.0,111702000.0,7111000.0,7111000.0,0.0,-945866000.0,426117135.08000004,417918135.08000004,0.8195338118342443,15.708339192799887,0.0,0.0,-0.06838571044856298,0.8195338118342443,-0.0662829515367791,2019.512488530806,-12.334060874146116,3.270151836690841,0.0,0.0,0.0,0.001535483495371718,15.635916186190409,-0.06285294288874659,-75.60630501774308,1.0,0.1666666666666666,0.6790932700544712,-0.6421576163184299,-0.46562933918181426,-0.7182910547396528,0.023184799819045466,0.01828798061033381,0.22186684769543044,0.5185631928085103,0.5354262895518819,Biotechnology,Healthcare,GERN
2016Q1,2016,Q1,2016-05-05,2016-03-31,-8842000.0,749000.0,-9077000.0,-0.06,749000.0,1.0,143143000.0,136485000.0,110955000.0,6658000.0,6658000.0,0.0,-937229000.0,463976430.96,451174430.96,0.8589578551983782,16.664914388705316,0.0,0.0,-0.0665054767923215,0.8589578551983782,-0.06478367586181631,619.4611895327103,-13.118537405564352,3.399468300252775,0.0,0.0,0.0,0.0052325297080541835,16.56233103033944,-0.0617703974347331,-82.7937956745182,1.0,-0.1999999999999999,0.7191353939615234,-0.6144454659821531,-0.490811196441591,2.4045454545454548,-0.04416627302786963,-0.0500925497454882,0.4013788836371749,-0.2113952909531559,0.44535089751064333,Biotechnology,Healthcare,GERN
2015Q4,2015,Q4,2016-03-10,2015-12-31,-8468000.0,220000.0,-8644000.0,-0.05,220000.0,1.0,148760000.0,142126000.0,115892000.0,6634000.0,6634000.0,0.0,-928387000.0,766551557.64,745303557.64,0.8973823523597322,17.46940006029545,0.0,0.0,-0.06081927303941573,0.8973823523597322,-0.05958093522648917,3484.325262,-22.630832476381674,5.393464655587295,0.0,0.0,0.0,0.0014788921753159452,17.331624962315345,-0.056923904275342836,-144.85101240362812,1.0,-1.2941176470588236,0.9122035428022824,-0.8766824160605491,-0.5461444904660356,-0.9937788083590193,-1.3114953099135553,-1.3199111769059955,0.5710571284306801,-0.7434291052913099,0.33332150665858246,Biotechnology,Healthcare,GERN
2015Q3,2015,Q3,2015-11-05,2015-09-30,27185000.0,35363000.0,27020000.0,0.17,35363000.0,1.0,154019000.0,147894000.0,122015000.0,6125000.0,6125000.0,0.0,-919919000.0,436498821.71999997,419675821.71999997,0.9351398438867703,19.920816326530613,0.0,0.0,0.18269841913803128,0.9351398438867703,0.18381408305948854,12.34337645901083,4.014151386058488,2.951430225161264,0.0,0.0,0.0,0.22960154266681385,19.741714285714284,0.17650419753407048,-88.11037983851432,1.0,3.8333333333333335,1.913402040455928,38.9193204967361,-0.4106528991005202,139.88844621513945,3.905622060709705,3.8505116573478215,2.370965024357218,43.73334646269277,0.1925628610295682,Biotechnology,Healthcare,GERN
2015Q2,2015,Q2,2015-08-05,2015-06-30,-9356000.0,251000.0,-9479000.0,-0.06,251000.0,1.0,159083000.0,118356000.0,140198000.0,40727000.0,40727000.0,0.0,-947104000.0,676526374.8000001,660728374.8000001,0.7487715170746363,3.44238465882584,0.0,0.0,-0.0800888843827098,0.7487715170746363,-0.0790496468282132,2695.3242023904386,-18.07734007054297,5.7160293926797126,0.0,0.0,0.0,0.0015777927245525921,3.4256635647113707,-0.058812066657028095,-106.9099833754741,1.0,0.0,0.6638835792056044,-0.8465809426358285,-0.5593089474517001,-0.5325884543761639,-0.00440150295222759,-0.0024323181049069375,0.5901589094324796,0.5499701584017124,-0.16801913112471262,Biotechnology,Healthcare,GERN
2015Q1,2015,Q1,2015-05-07,2015-03-31,-9315000.0,537000.0,-9456000.0,-0.06,537000.0,1.0,165807000.0,125175000.0,147897000.0,40632000.0,40632000.0,0.0,-937748000.0,593954331.36,583772331.36,0.7945219440010651,3.6399143532191376,0.0,0.0,-0.07554224086279208,0.7945219440010651,-0.074415817855003,1106.0602073743016,-15.94080331078905,4.744991662552427,0.0,0.0,0.0,0.0032387052416363604,3.618502658003544,-0.056179775280898875,-77.01689981327802,1.0,0.0,0.6624044208035511,-0.6472241734038587,-0.5655172903069233,2.0168539325842696,-0.04113110539845758,-0.04938408611696815,0.6012703690997785,-0.6565062717010877,-0.23303263027455462,Biotechnology,Healthcare,GERN
2014Q4,2014,Q4,2015-03-11,2014-12-31,-8947000.0,178000.0,-9011000.0,-0.06,178000.0,1.0,172511000.0,130712000.0,153406000.0,41799000.0,41799000.0,0.0,-928433000.0,510722423.25,467926423.25,0.8317903829181442,3.670087801143568,0.0,0.0,-0.06893781749189057,0.8317903829181442,-0.0684481914437848,2869.2270969101123,-14.270772975578407,3.9072344027327253,0.0,0.0,0.0,0.0010318182608645245,3.6461159357879374,-0.05186335943794888,18.009818155370617,1.0,0.0,0.7232288099587448,-0.8326162028221893,-0.5690951991106941,0.1125,0.06304325060215729,0.09044110225093369,0.7763992312398948,-0.4354451904780469,-0.29020582170664627,Biotechnology,Healthcare,GERN
2014Q3,2014,Q3,2014-11-05,2014-09-30,-9549000.0,160000.0,-9907000.0,-0.06,160000.0,1.0,144247000.0,137178000.0,128192000.0,7069000.0,7069000.0,0.0,-919486000.0,313687978.0,306087978.0,0.8746143277444952,18.13438958834347,0.0,0.0,-0.0722200352826255,0.8746143277444952,-0.06961028736386302,1960.5498625,-8.21258712954236,2.286722200352826,0.0,0.0,0.0,0.0011092085104022961,17.992361012873108,-0.06619895041144704,-69.95717618198037,1.0,0.0,0.6424707383304826,-0.8153813768690455,-0.5728054741014883,-0.530791788856305,-0.09331348752003664,-0.1435992150525222,0.6098540513461467,-0.41991609138544556,-0.3755085023891734,Biotechnology,Healthcare,GERN
2014Q2,2014,Q2,2014-08-11,2014-06-30,-8734000.0,341000.0,-8663000.0,-0.06,341000.0,1.0,149339000.0,144583000.0,142592000.0,4756000.0,4756000.0,0.0,-909937000.0,503026889.15999997,493506889.15999997,0.9226374176040876,29.981497056349873,0.0,0.0,-0.05991714101934529,0.9226374176040876,-0.060408208433909934,1475.1521676246334,-14.398525565605679,3.479156534032355,0.0,0.0,0.0,0.0022833954961530476,29.771236333052986,-0.05848438786921032,-97.67512410873786,1.0,0.0,0.7502183085773534,0.052915902279309694,-0.5690184920153349,-0.2805907172995781,-0.034834123222748814,0.007788340396289085,0.6707413985747684,-0.41322481655567783,-0.39840143332560995,Biotechnology,Healthcare,GERN
2014Q1,2014,Q1,2014-05-01,2014-03-31,-8440000.0,474000.0,-8731000.0,-0.06,474000.0,1.0,155408000.0,150892000.0,147676000.0,4516000.0,4516000.0,0.0,-901203000.0,299843559.62,288519559.62,1.051762727202378,32.70062001771479,0.0,0.0,-0.057862577207539165,1.051762727202378,-0.05593404554250722,632.5813494092827,-8.881622026658768,1.987140203721867,0.0,0.0,0.0,0.0030500360341809947,32.46944198405669,-0.05430865849891897,-31.545876866912153,1.0,0.17060829220989115,0.7054827247537125,-0.37373628919709606,-0.5656104991882349,1.1066666666666667,0.09061523542721689,0.058652291105121296,0.7030703411233723,-0.7297616577079448,-0.3765167854855665,Biotechnology,Healthcare,GERN
2013Q4,2013,Q4,2014-03-17,2013-12-31,-9281000.0,225000.0,-9275000.0,-0.07234217491740824,225000.0,1.0,67344000.0,59757000.0,67057000.0,7587000.0,7587000.0,0.0,-892763000.0,608109170.76,595119170.76,0.4657850820536111,8.838407802820614,0.0,0.0,-0.15521194169720703,0.4657850820536111,-0.15531234834412705,2702.7074256,-16.38048622885465,10.176367132888197,0.0,0.0,0.0,0.003341054882394868,8.671148016343746,-0.13781480161558565,-90.11694883817427,1.0,-0.2057029152901374,0.6768864780059802,-0.7461100230755522,-0.7822456607802445,0.2430939226519337,-0.1244245214441483,-0.062063437535783805,0.8812089524136294,-0.8443039329685066,-0.7644269188123973,Biotechnology,Healthcare,GERN
2013Q3,2013,Q3,2013-11-07,2013-09-30,-8254000.0,181000.0,-8733000.0,-0.06,181000.0,1.0,68713000.0,61876000.0,68402000.0,6837000.0,6837000.0,0.0,-883482000.0,429781797.90000004,420190797.90000004,0.48230195185751024,10.004680415386865,0.0,0.0,-0.1411371129355485,0.48230195185751024,-0.13339582390587626,2374.4850712707184,-13.017379388781197,6.94585619464736,0.0,0.0,0.0,0.0026341449216305502,9.764955389790844,-0.12012282974109703,-75.07105640174673,1.0,0.14285714285714296,0.7045819988399228,-0.6972567643004683,-0.7881029043378432,0.6160714285714286,0.07745613054655191,0.025878416062465142,0.6581245722897746,-0.7481259668725689,-0.6960419781666354,Biotechnology,Healthcare,GERN
2013Q2,2013,Q2,2013-08-08,2013-06-30,-8947000.0,112000.0,-8965000.0,-0.07,112000.0,1.0,73411000.0,68407000.0,72431000.0,5004000.0,5004000.0,0.0,-875228000.0,188399599.71,179565599.71,0.5337500193991256,14.474620303756994,0.0,0.0,-0.13105383951934743,0.5337500193991256,-0.13079070855321823,1682.139283125,-5.26432322873589,2.75409826055813,0.0,0.0,0.0,0.0015256569179005872,14.244604316546763,-0.12187546825407636,-23.701044120015098,1.0,0.22222222222222213,0.59782736557333,-0.6551138993056217,-0.7827280742436609,-0.85359477124183,0.2479616710094982,0.2519816437213183,0.6035802558052038,-0.9155689998725165,-0.6858603025317402,Biotechnology,Healthcare,GERN
2013Q1,2013,Q1,2013-05-03,2013-03-31,-11897000.0,765000.0,-11985000.0,-0.09,765000.0,1.0,82852000.0,76059000.0,81576000.0,6793000.0,6793000.0,0.0,-866281000.0,140781224.10000002,125276224.10000002,0.5942901870250182,12.008832621816575,0.0,0.0,-0.15757504042914053,0.5942901870250182,-0.15641804388698247,184.02774392156866,-2.958334540220224,1.8509476077781724,0.0,0.0,0.0,0.009233331724038044,11.770940674223466,-0.1435933954521315,-8.657599415780089,1.0,0.25,0.4790609427669,-0.7296084826736882,-0.774293869272433,0.11030478955007257,0.250015759944525,0.3516013849816057,0.4692243328687894,-0.3813491425665193,-0.6750136195076708,Biotechnology,Healthcare,GERN
2012Q4,2012,Q4,2013-03-15,2012-12-31,-15863000.0,689000.0,-18484000.0,-0.12,689000.0,1.0,99801000.0,85653000.0,98417000.0,14148000.0,14148000.0,0.0,-854384000.0,179439913.5,157376913.5,0.6730427341629319,6.95624823296579,0.0,0.0,-0.21580096435618135,0.6730427341629319,-0.18520075187092105,260.4352880986938,-2.82796308232995,2.0949635564428566,0.0,0.0,0.0,0.006903738439494594,6.805696918292338,-0.15894630314325509,-17.214112960475823,1.0,0.07692307692307698,0.1499254755617976,-0.9129915032231545,-0.7535092754142622,0.08333333333333333,0.00564157211809691,-0.1641997858537507,0.3940589231381563,-0.1999552828734376,-0.651333615643627,Biotechnology,Healthcare,GERN
2012Q3,2012,Q3,2012-11-02,2012-09-30,-15953000.0,636000.0,-15877000.0,-0.13,636000.0,1.0,111028000.0,99772000.0,103046000.0,11256000.0,11256000.0,0.0,-838521000.0,218847627.96,202839627.96,0.784143020418598,9.154761904761905,0.0,0.0,,0.784143020418598,-0.15989455959587862,344.1000439622642,-3.4295685444743937,2.193477408090446,0.0,0.0,0.0,0.005728284756998235,8.999022743425728,-0.14368447598803905,-14.82105024786672,1.0,0.07142857142857148,0.2641246267575756,-0.6668018272945071,-0.7120716802935303,3.8923076923076922,0.1294881588999236,0.14080848530764653,0.26370721264770636,-0.09537804662047013,-0.6169950626029426,Biotechnology,Healthcare,GERN
2012Q2,2012,Q2,2012-08-03,2012-06-30,-18326000.0,130000.0,-18479000.0,-0.14,130000.0,1.0,126193000.0,114201000.0,120845000.0,11992000.0,11992000.0,0.0,-822568000.0,216985164.39,202862164.39,0.899986460129621,10.077134756504336,0.0,0.0,,0.899986460129621,-0.16047144946191363,1669.116649153846,-2.9600726343719304,1.9000285846008353,0.0,0.0,0.0,0.0010301680758837653,9.932038025350234,-0.14522200122035295,-15.335724389709519,1.0,0.06666666666666654,0.2350043535719167,-0.9146319535081499,-0.6870721913874404,-0.8963317384370016,0.022039596563317145,0.023205412834337667,0.352757041918193,-0.504281764106106,-0.5795991856045811,Biotechnology,Healthcare,GERN
2012Q1,2012,Q1,2012-05-07,2012-03-31,-18739000.0,1254000.0,-18918000.0,-0.15,1254000.0,1.0,141187000.0,130913000.0,122522000.0,10274000.0,10274000.0,0.0,-804242000.0,214201973.97,195170973.97,1.0359266578517983,11.925442865485692,0.0,0.0,,1.0359266578517983,-0.1431408645436282,170.81497126794258,-2.8577028385986445,1.6362162197031618,0.0,0.0,0.0,0.00888183756294843,11.708292777885926,-0.13272468428396383,-12.850319393484913,1.0,0.41090046618948955,-10.122805706516509,-0.22222329202162633,-0.6587812056278604,3.99601593625498,0.41172223268663277,0.377861089187056,0.25764880635941584,0.8809234221049309,-0.5721509688988479,Biotechnology,Healthcare,GERN
2011Q4,2011,Q4,2012-03-07,2011-12-31,-31854000.0,251000.0,-30408000.0,-0.2546259017211325,251000.0,1.0,160047000.0,146603000.0,125625000.0,13444000.0,13444000.0,0.0,-785503000.0,185149741.96,169044741.96,1.1718754652484205,9.34431716750967,0.0,0.0,,1.1718754652484205,-0.21728068320566427,737.6483743426295,-1.453112183399259,1.2629328319338622,0.0,0.0,0.0,0.0015682893150137148,9.127566200535554,-0.19902903522090387,-8.578101462194219,1.0,-0.5914118857570779,-4.1664483253300135,-0.8879700133649281,-0.554164403115032,0.1409090909090909,-0.631697571970085,-0.5252808988764045,-0.13727672674961633,-0.7095451885510754,-0.4521486895674293,Biotechnology,Healthcare,GERN
2011Q3,2011,Q3,2011-11-03,2011-09-30,-19522000.0,220000.0,-19936000.0,-0.16,220000.0,1.0,188404000.0,175207000.0,147304000.0,10003000.0,13197000.0,0.0,-753649000.0,265214495.24,342560495.24,1.4005223947653187,14.725982205338399,0.016952930935648924,0.01822986524511007,,1.4005223947653187,-0.11142248882750118,1205.520432909091,-3.3963540523511937,1.513720885809357,0.0,0.0,0.0,0.0011677034457867137,14.362791162651204,-0.10361775758476466,-18.407446921154914,1.0,0.058823529411764754,-0.04964042900128741,-0.8390602595660883,-0.4732161750179774,-0.5238095238095238,0.07426024279210926,0.0691072095629436,0.28346301040753047,-0.6226360841733091,-0.38468706851044354,Biotechnology,Healthcare,GERN
2011Q2,2011,Q2,2011-08-05,2011-06-30,-21088000.0,462000.0,-21416000.0,-0.17,462000.0,1.0,200330000.0,191060000.0,157194000.0,9270000.0,9270000.0,0.0,-734127000.0,499562551.9,467543551.9,1.5336429784139711,16.957281553398058,0.0,0.0,,1.5336429784139711,-0.11037370459541505,1081.3042248917748,-5.922355746158953,2.6146893745420283,0.0,0.0,0.0,0.002306194778615285,16.54854368932039,-0.10526631058753057,-35.23008123413258,1.0,0.15,-0.20564510158555893,-0.6889187851438723,-0.45146474292534383,-0.6930232558139535,0.1353479027430399,0.12070947610445065,0.024813658940161378,0.4635810683951308,-0.3757048220479427,Biotechnology,Healthcare,GERN
2011Q1,2011,Q1,2011-04-29,2011-03-31,-24389000.0,1505000.0,-24356000.0,-0.2,1505000.0,1.0,217020000.0,207657000.0,170203000.0,9363000.0,9363000.0,0.0,-713039000.0,621648576.4,586236576.4,1.686914262834625,18.17825483285272,0.0,0.0,,1.686914262834625,-0.11744848476092788,413.05553249169435,-6.372222891467465,2.9936316926470092,0.0,0.0,0.0,0.006934844714772832,17.62287728292214,-0.11238134734125887,-48.44518207605985,1.0,0.6715856339072134,-0.4312724415255692,0.36496354229856565,-0.4112762837657082,0.37067395264116576,0.589147939759442,0.5914176913656876,-0.1103040870701779,-0.4469471759863143,-0.35932495698852834,Biotechnology,Healthcare,GERN
2010Q4,2010,Q4,2011-02-25,2010-12-31,-59362000.0,1098000.0,-59611000.0,-0.6089867577336558,1098000.0,1.0,233584000.0,192735000.0,195017000.0,40849000.0,40849000.0,0.0,-688650000.0,505660215.25,459688215.25,1.9772423899429965,4.774094837082915,0.0,0.0,,1.9772423899429965,-0.30799802838093754,460.5284291894353,-2.1295619051329133,2.623603472384362,0.0,0.0,0.0,0.004700664429070484,4.611373595436853,-0.25413555722994724,-30.741091570916165,1.0,-2.2051934617560836,-2.9174212303138356,1.1260703822621567,-0.4066854063758804,1.010989010989011,-2.236044483209769,-2.274789869801681,-3.1531676698444953,-0.8189727113348698,-0.2758678095160878,Biotechnology,Healthcare,GERN
2010Q3,2010,Q3,2010-10-29,2010-09-30,-18344000.0,546000.0,-18203000.0,-0.19,546000.0,1.0,162295000.0,154670000.0,137474000.0,7625000.0,7625000.0,0.0,-629282000.0,539045974.0400001,504555974.0400001,1.5867386849948544,18.02937704918033,0.0,0.0,,1.5867386849948544,-0.11860089222215038,987.2636887179489,-7.346352677169647,3.485135928363613,0.0,0.0,0.0,0.003364244123355618,16.602360655737705,-0.11302874395391109,-59.31403763644367,1.0,-0.05555555555555561,0.09213213441327485,-0.5237180744396834,-0.5444303299881164,-0.45454545454545453,-0.07709470964711408,-0.07863237734060204,-0.10450749430951739,-0.6266201650003127,-0.417367761381166,Biotechnology,Healthcare,GERN
2010Q2,2010,Q2,2010-07-30,2010-06-30,-17031000.0,1001000.0,-16876000.0,-0.18,1001000.0,1.0,171135000.0,164322000.0,130948000.0,6813000.0,6813000.0,0.0,-610938000.0,485494536.17999995,448179536.17999995,1.6990849093596487,19.22031410538676,0.0,0.0,,1.6990849093596487,-0.10364406470223099,485.0095266533466,-7.126629912806059,2.954531567166904,0.0,0.0,0.0,0.0058491833932275685,17.97945104946426,-0.09951792444561311,-49.37399940811552,1.0,0.0,-2.159844568434069,-0.8774587189940085,-0.28745138782149265,0.09041394335511982,-0.023497596153846154,-0.024215573223280936,0.06720817367242861,-0.13753918961101255,-0.40922342625464914,Biotechnology,Healthcare,GERN
2010Q1,2010,Q1,2010-04-30,2010-03-31,-16640000.0,918000.0,-16477000.0,-0.18,918000.0,1.0,180725000.0,173745000.0,133234000.0,6805000.0,6980000.0,0.0,-593907000.0,539668728.0,503768728.0,1.8286618230730611,19.578839088905216,0.0,0.0,,1.8286618230730611,-0.09577254021698466,587.874431372549,-8.108003725961538,3.1060964516964518,0.0,0.0,0.0,0.005079540738691382,18.61116825863336,-0.09207359247475447,-55.305260094281614,1.0,0.1249809385025284,0.020643816629063064,7.871808265491395,-0.23641058471744625,0.5173553719008265,0.09520961339785765,0.10314609187894622,-11.774824009223947,-0.24268784574802188,-0.3976660626947436,Biotechnology,Healthcare,GERN
2009Q4,2009,Q4,2010-02-26,2009-12-31,-18391000.0,605000.0,-18372000.0,-0.2057098044149523,605000.0,1.0,180382000.0,172577000.0,117779000.0,7455000.0,7805000.0,0.0,-577267000.0,496184663.09999996,461583663.09999996,1.9303344525321746,15.798658618376928,0.0,0.0,,1.9303344525321746,-0.10656692374997827,820.1399390082644,-6.74493859904301,2.8751494295300066,0.0,0.0,0.0,0.0033539931922253884,15.147954393024815,-0.10195584925325143,-42.463385802310654,1.0,-0.21005767302913103,0.013399408084724822,-0.09018326624253671,-0.2813554746517,0.22469635627530365,-0.20802679978980557,-0.12024390243902439,-3.1739236556050243,-0.6221434282655027,-0.26561154461078945,Biotechnology,Healthcare,GERN
2009Q3,2009,Q3,2009-10-30,2009-09-30,-15224000.0,494000.0,-16400000.0,-0.17,494000.0,1.0,192922000.0,183038000.0,184683000.0,9359000.0,9884000.0,0.0,-558876000.0,586481331.52,488612331.52,2.0473444174054722,19.73319799123838,0.0,0.0,,2.0473444174054722,-0.08317398572973918,1187.209173117409,-9.630867898055701,3.204150676471552,0.0,0.0,0.0,0.002560620354340096,19.196281654022865,-0.0789127212033879,-51.74987483631871,1.0,0.2608695652173913,0.24885725716476711,1.486112751312514,0.020468936919326743,1.6994535519125684,0.22947666767891486,0.125659753691955,-0.14539704807904283,-0.49431670489659163,-0.22992454295086967,Biotechnology,Healthcare,GERN
2009Q2,2009,Q2,2009-07-31,2009-06-30,-19758000.0,183000.0,-18757000.0,-0.23,183000.0,1.0,199975000.0,189561000.0,193225000.0,10414000.0,10414000.0,0.0,-543652000.0,679159731.51,577788731.51,2.140781914097615,18.554349913577877,0.0,0.0,,2.140781914097615,-0.10423030053650276,3711.255363442623,-8.593477724339508,3.582803063446595,0.0,0.0,0.0,0.0009151143892986623,18.084021509506435,-0.09880235029378673,-56.72901198713665,1.0,-0.15,-0.1291318634604876,-0.7444051898305987,-0.021057365475483862,-0.5878378378378378,-0.17530188567009697,-0.12283747381023645,-0.589263879599347,-0.8266388260276598,-0.23431047895859347,Biotechnology,Healthcare,GERN
2009Q1,2009,Q1,2009-04-30,2009-03-31,-16811000.0,444000.0,-16705000.0,-0.2,444000.0,1.0,211533000.0,203774000.0,204801000.0,7759000.0,7759000.0,0.0,-523704000.0,376199173.83,250598173.82999998,2.421243435296887,26.395282897280577,0.0,0.0,,2.421243435296887,-0.08249825787391915,847.295436554054,-5.594538900571054,1.8461588516199319,0.0,0.0,0.0,0.0020989632823247436,25.8061605877046,-0.07947223364675961,-38.313389737244115,1.0,0.10670774727767689,0.8436664972435042,0.0,-0.0799890184706676,-0.18382352941176472,0.046563067150635205,0.2641941593621988,-0.4429959582721035,-0.4110061327249021,-0.1549994777205767,Biotechnology,Healthcare,GERN
2008Q4,2008,Q4,2009-02-27,2008-12-31,-17632000.0,544000.0,-22703000.0,-0.22389089280747332,544000.0,1.0,176218000.0,168455000.0,168246000.0,7711000.0,7763000.0,0.0,-506893000.0,367774852.15,258426852.14999998,2.139039266554158,21.818959927376476,0.0,0.0,,2.139039266554158,-0.10466890267430472,676.0567135110293,-5.214593525266561,2.1832231287287405,0.0,0.0,0.0,0.003087085314780556,21.232135909739334,-0.10005788284965214,-30.889875033596503,1.0,-0.01768587639760599,0.016574572505637857,0.47910500570816456,-0.33229534410829414,0.4822888283378747,-0.02804501195265582,-0.2659194825471172,-0.44022004685610816,1.077311688019948,-0.3581347336892753,Biotechnology,Healthcare,GERN
2008Q3,2008,Q3,2008-10-31,2008-09-30,-17151000.0,367000.0,-17934000.0,-0.22,367000.0,1.0,187856000.0,179250000.0,179080000.0,8548000.0,8606000.0,0.0,-489261000.0,311072947.75,189265947.75,2.276114027662182,20.949929808142254,0.0,0.0,,2.276114027662182,-0.09568200836820083,847.6102118528611,-4.534326682846482,1.7354139344490935,0.0,0.0,0.0,0.0019536240524657186,20.417641553579784,-0.09129865428839111,-30.174890653797654,1.0,-0.29411764705882343,-0.4153224462313885,-0.6723155212109416,0.5543390727838533,0.8535353535353535,-0.26445001474491303,-0.16017596066761547,-0.05063914058387933,-0.6037465569812517,-0.34650328608151226,Biotechnology,Healthcare,GERN
2008Q2,2008,Q2,2008-07-31,2008-06-30,-13564000.0,198000.0,-15458000.0,-0.17,198000.0,1.0,200608000.0,191964000.0,192917000.0,8579000.0,8644000.0,0.0,-472110000.0,269590507.2,142510507.2,2.4565991098072315,22.48711971092202,0.0,0.0,,2.4565991098072315,-0.07065908191119168,1361.568218181818,-4.9688607195517545,1.404380546352441,0.0,0.0,0.0,0.0009869995214547775,21.67571978086024,-0.06761445206572021,-30.39009212039229,1.0,0.055555555555555455,0.44957858483796825,-0.7381515071895832,0.38756560107042143,-0.8831168831168831,0.008044463946175223,0.030785629193052857,-2.1146444792288484,-0.9700008701672577,0.030228846557060988,Biotechnology,Healthcare,GERN
2008Q1,2008,Q1,2008-04-30,2008-03-31,-13674000.0,1694000.0,-15949000.0,-0.18,1694000.0,1.0,210614000.0,201768000.0,202823000.0,8706000.0,8846000.0,0.0,-458546000.0,373952901.84,235282901.83999997,2.633026338758789,23.29692166322077,0.0,0.0,,2.633026338758789,-0.06777090519804925,220.75141785123967,-6.8369332645897325,1.8533806244796003,0.0,0.0,0.0,0.008043150028013332,22.5578911095796,-0.06492445896284198,-28.25271243880326,1.0,-0.22756393481213208,0.4390357894421974,14.312044740498525,1.8228222672543466,-0.6385747813100064,-0.238026256224536,-0.11251395089285714,0.0021511645743492857,19.298535415251358,0.09946574980039864,Biotechnology,Healthcare,GERN
2007Q4,2007,Q4,2008-02-28,2007-12-31,-11045000.0,4687000.0,-14336000.0,-0.1466318738237837,4687000.0,1.0,218896000.0,205674000.0,213372000.0,12717000.0,13222000.0,0.0,-444872000.0,427844222.15999997,281819222.15999997,2.730499231945033,16.77848549186129,0.0,0.0,,2.730499231945033,-0.053701488763771794,91.28317093236612,-9.684115485740152,2.080205675778173,0.0,0.0,0.0,0.02141199473722681,16.26106786191712,-0.050457751626343104,-99.06094516323222,1.0,0.13745956574244886,0.49822578862652983,4.25349320351778,1.2711439886902445,3.147787610619469,0.13939535608539816,0.0651450929246821,0.29674186449386547,7.3657814852595935,0.016538000412821795,Biotechnology,Healthcare,GERN
2007Q3,2007,Q3,2007-10-31,2007-09-30,-12834000.0,1130000.0,-15335000.0,-0.17,1130000.0,1.0,217604000.0,205139000.0,212347000.0,11459000.0,12465000.0,0.0,-428407000.0,574727361.81,421960361.80999994,2.723396646839037,18.531023649533118,0.0,0.0,,2.723396646839037,-0.06256245765066613,508.60828478761056,-11.195405988195418,2.8016484520739593,0.0,0.0,0.0,0.005192919247807945,18.21686010995724,-0.05897869524457271,-55.055787126161505,1.0,0.1052631578947368,0.41427775020429747,0.7023262319872668,0.8290273174167345,0.27109111361079863,0.08230246692885235,0.08535130621495884,0.24843118287177404,5.749713406747649,0.35743730140500746,Biotechnology,Healthcare,GERN
2007Q2,2007,Q2,2007-07-31,2007-06-30,-13985000.0,889000.0,-16766000.0,-0.19,889000.0,1.0,228233000.0,213049000.0,222631000.0,13436000.0,15184000.0,0.0,-415573000.0,521507240.32,395441240.32,2.876019437581871,16.569738017267042,0.003842564396910175,0.004116423921257551,,2.876019437581871,-0.06564217621298386,586.6223175703037,-9.322617810511263,2.4478276843355284,0.0,0.0,0.0,0.0038951422449864832,16.240919916641857,-0.06127510044559726,-77.19171703966845,1.0,-12.689323598971722,0.48287683056240055,1.6677104224611783,0.6328627489129919,-0.02947598253275109,-12.983718937446444,-0.022192415559078162,0.044670841222502145,0.4841971159888981,0.31515406900141407,Biotechnology,Healthcare,GERN
2007Q1,2007,Q1,2007-04-30,2007-03-31,1167000.0,916000.0,-16402000.0,0.01625414835950934,916000.0,1.0,228987000.0,217973000.0,224955000.0,10916000.0,11014000.0,0.0,-401588000.0,502579392.0,356857392.0,3.035960137418448,20.607823378526934,0.0,0.0,,3.035960137418448,0.005353874103673391,548.6674585152839,107.66482262210796,2.3056956228523715,0.0,0.0,0.0,0.004000227087127217,20.344631733235616,0.005096359181962295,-61.985618154908735,1.0,1.3298023374842036,1.0380019521428536,-0.3932953452868191,0.4639649292311474,-0.2270042194092827,1.357865685372585,-0.2620806401969837,1.0127213453964496,0.0,0.15358770836183513,Biotechnology,Healthcare,GERN
