Quarters,Year,Quarter,FillingDate,Date,NetIncome,Revenue,OperatingIncome,EPSDiluted,GrossProfit,GrossProfitRatio,TotalAssets,CommonStockEquity,CurrentAssets,CurrentLiability,TotalLiability,Inventory,RetainedEarnings,MarketCap,EnterpriseValue,bookValuePerShare,currentRatio,debtToAssets,debtToEquity,roic,shareholdersEquityPerShare,roe,priceToSalesRatio,peRatio,pbRatio,payoutRatio,inventoryTurnover,dividendYield,assetTurnover,quickRatio,returnOnAssets,priceToFreeCashFlowsRatio,grossProfitMargin,epsdilutedGrowth,fiveYNetIncomeGrowthPerShare,fiveYRevenueGrowthPerShare,fiveYShareholdersEquityGrowthPerShare,grossProfitGrowth,netIncomeGrowth,operatingIncomeGrowth,threeYNetIncomeGrowthPerShare,threeYRevenueGrowthPerShare,threeYShareholdersEquityGrowthPerShare,Industry,Sector,Symbol
2023Q1,2023,Q1,2023-03-31,2023-03-31,-4398000.0,18026000.0,1289000.0,-0.25,-621000.0,-0.0344502385,466413000.0,219855000.0,20511000.0,0.0,246558000.0,0.0,0.0,90721458.52,296042458.52,12.262438436819787,0.0,0.4841889055407975,1.027186099929499,0.003039363988451866,12.262438436819787,-0.020004093607150168,5.032811412404305,-5.156972403365166,0.4126422347456278,-1.034106412005457,0.0,0.05013146916059964,0.038648150887732546,0.0,-0.00942941127284188,-291.70886983922827,-0.034450238544324864,-14.089005235602095,0.9989049204192876,-0.9992754426777838,-0.9949369994351847,-1.0665024630541873,-13.859649122807017,-0.7239237524095096,0.9950026987758247,-0.9871891295001425,-0.9048181206853673,Marine Shipping,Industrials,SHIP
2022Q4,2022,Q4,2022-12-31,2022-12-31,342000.0,28527000.0,4669000.0,0.0191,9338000.0,0.3273390122,513600000.0,221699000.0,32477000.0,94650000.0,291901000.0,1995000.0,-361994000.0,88680051.22,370884051.22,12.387436970179053,0.3431273111463286,0.6126966510903427,1.4194064925867955,0.006032907184804375,12.387436970179053,0.001542632127343831,3.1086357212465385,64.82459884502924,0.4000020352820716,0.0,9.618546365914787,0.0,0.05554322429906542,0.3594928684627575,0.0006658878504672897,-3.7670469062486727,0.32733901216391487,-0.95225,1.0025313177776085,-0.9989916181512083,-0.9953926038660041,-0.30391352963101004,-0.9521008403361344,-0.4328231292517007,-0.9989669959368442,-0.9903871271315341,-0.9305199123573965,Marine Shipping,Industrials,SHIP
2022Q3,2022,Q3,2022-09-30,2022-09-30,7140000.0,33980000.0,8232000.0,0.4,13415000.0,0.3947910536,489248000.0,225453000.0,25567000.0,0.0,263795000.0,0.0,0.0,83074127.75999999,301046127.76,12.831212469416363,0.0,0.49778231081169466,1.080220711190359,0.022137339856794246,12.831212469416363,0.03166957192851725,2.444794813419658,2.908757974789916,0.36847647962102964,0.0,0.0,0.0,0.06945352868075087,0.0,0.014593825626267251,9.492016425959779,0.3947910535609182,1.6666666666666667,-0.9991027573047414,-0.9985342088324004,-0.9955675064973522,-0.14651991347499682,1.6923076923076923,-0.0852316924102678,-0.9169477261603831,-0.9876766550770298,-0.9263458397058615,Marine Shipping,Industrials,SHIP
2022Q2,2022,Q2,2022-06-30,2022-06-30,2652000.0,32847000.0,8999000.0,0.15,15718000.0,0.4785216306,518923000.0,233669000.0,41734000.0,92547000.0,285254000.0,1794000.0,-346803000.0,140382382.725,361833382.725,13.560827976037618,0.4509492474094244,0.4974880666303093,1.1048020918478703,0.00820562873311531,13.560827976037618,0.011349387381295765,4.273826612019362,13.233633363970588,0.6007745260389696,0.0,9.5479375696767,0.0,0.063298408434392,0.41613450463007984,0.0051105848073799,-5.882354189189189,0.47852163059031266,0.15384615384615377,1.000665362935144,-0.9985174961764542,-0.9920326859607046,0.25643485211830536,0.11757269279393173,0.15623795451625339,1.0009853399560618,-0.9955107804661236,-0.9765373031551988,Marine Shipping,Industrials,SHIP
2022Q1,2022,Q1,2022-03-31,2022-03-31,2373000.0,29666000.0,7783000.0,0.13,12510000.0,0.4216948695,476444000.0,230961000.0,38885000.0,0.0,245483000.0,0.0,0.0,196435383.6,379315383.6,13.403671740532594,0.0,0.4654586897935539,0.96018375396712,0.011112837081540488,13.403671740532594,0.0102744619221427,6.621566223960089,20.694836030341342,0.8505132191149156,0.0,0.0,0.0,0.062265449874486824,0.0,0.004980648302843566,35.78709848788486,0.4216948695476303,-0.6176470588235294,1.000313075461751,-0.9981535135005521,-0.9928291585790717,-0.6834594266339414,-0.6634042553191489,-0.7782052378102647,1.0002663806523602,-0.9982025544561705,-0.9833630867801453,Marine Shipping,Industrials,SHIP
2021Q4,2021,Q4,2021-12-31,2021-12-31,7050000.0,56699000.0,35091000.0,0.34,39521000.0,0.6970316937,487211000.0,244476000.0,47176000.0,88033000.0,242735000.0,1448000.0,-353249000.0,156939874.78399998,338840874.784,14.30654629417931,0.5358899503595242,0.4585220777035001,0.9137788576383776,0.025577617932051593,14.30654629417931,0.02883718647229176,2.767947843595125,5.565243786666667,0.6419438913594789,,11.863259668508288,,0.116374630293651,0.4884077561823407,0.014470116643507638,0.0,0.6970316936806645,-0.6509602042464113,1.0008551668420274,-0.9956391021042811,-0.9933701370831851,0.37526533736994117,-0.6486244019138756,0.4671377205451961,1.0021288434812272,-0.9979790442215536,-0.9889593192941695,Marine Shipping,Industrials,SHIP
2021Q3,2021,Q3,2021-09-30,2021-09-30,20064000.0,48179000.0,23918000.0,0.9741009596511156,28737000.0,0.5964631893563586,465057000.0,222251000.0,52560000.0,0.0,242806000.0,0.0,0.0,241729514.5,463603514.5,13.33159298592808,0.0,0.47708990510840604,0.998303719668303,0.05385420771179285,13.33159298592808,0.09027630921795628,5.017321125386579,3.011980593351276,1.0876419656154528,,0.0,,0.10359805357192774,0.0,0.04314309858791503,0.0,0.5964631893563586,4.700444826394193,1.0016545165225497,-0.997295954484654,-0.9943821183632107,1.7363359360121882,9.231514533401326,2.1520822351080655,1.003337337348206,-0.9983104952622447,-0.9911952239842048,Marine Shipping,Industrials,SHIP
2021Q2,2021,Q2,2021-06-30,2021-06-30,1961000.0,27832000.0,7588000.0,0.17088156965239526,10502000.0,0.377335441218741,440774000.0,199414000.0,72844000.0,49547000.0,241360000.0,3070000.0,-393957000.0,128528780.8,296618780.8,17.376939126773387,1.470200012109714,0.5008780009710192,1.1071138435616357,0.0180264505139724,17.376939126773387,0.009833813072301844,4.618021730382294,16.385617134115247,0.6445323838847824,,5.644951140065147,,0.06314347034988452,1.123660362887763,0.0044489920004355974,0.0,0.377335441218741,2.4844814534443604,1.0002687422370777,-0.997602346604443,-0.9932907923989578,0.8264347826086956,2.4844814534443604,1.7703541438481198,1.0002972842129725,-0.9977757203625142,-0.9906385184406787,Marine Shipping,Industrials,SHIP
2021Q1,2021,Q1,2021-03-31,2021-03-31,-1321000.0,20398000.0,2739000.0,-0.11511195997491797,5750000.0,0.28189038140994216,350122000.0,188133000.0,58050000.0,0.0,161989000.0,0.0,0.0,121643310.39999999,210352310.39999998,16.393912607626632,0.0,0.4191653195171969,0.7800811128297535,0.00817875613630663,16.393912607626632,-0.007021628316138051,5.963492028630258,-23.021065556396668,0.646581463113861,,0.0,,0.05825969233581437,0.0,-0.0037729705645460727,0.0,0.28189038140994216,0.6629316804433455,0.9998618896035301,-0.9979508559382166,-0.9937282424678318,-0.35335132703553757,0.43035791289348857,-0.5904605263157895,0.9994861097058721,-0.9987190324975611,-0.9932311677469693,Marine Shipping,Industrials,SHIP
2020Q4,2020,Q4,2020-12-31,2020-12-31,-2319000.0,21313000.0,6688000.0,-0.3415092825286119,8892000.0,0.4172101534274856,295245000.0,95694000.0,30547000.0,30762000.0,199551000.0,4650000.0,-394597000.0,36505432.32,200617432.32,14.09244902211858,0.9930108575515246,0.627014852072008,1.9345309005789286,0.023744772102733062,14.09244902211858,-0.024233494262963194,1.7128246760193309,-3.935471358344114,0.38148089033795224,,2.671182795698925,,0.07218750529221495,0.7610688511800273,-0.007854493725549966,0.0,0.4172101534274856,-1.8465573585736164,0.9995289144728613,-0.9962866833813988,-0.9951150937958461,0.6030286641427799,-1.6456013363028954,0.788235294117647,0.9547617962471151,-0.998014373579,-0.9947584399178497,Marine Shipping,Industrials,SHIP
2020Q3,2020,Q3,2020-09-30,2020-09-30,3592000.0,19651000.0,3740000.0,0.4034095021086682,5547000.0,0.28227571115973743,307635000.0,86455000.0,33820000.0,23334000.0,221180000.0,0.0,0.0,21074243.387000002,165921243.387,18.735665985691504,1.4493871603668467,0.5807759195150096,2.066589555259962,0.01410671313583935,18.735665985691504,0.04154762593256608,1.072426003104168,1.4667485653535637,0.24375968292175118,,0.0,,0.06387764721179319,1.4493871603668467,0.011676174687535554,0.0,0.28227571115973743,1.0624747957003757,1.0031582134537926,-0.9931450570568521,-0.9952710832383405,2.511444141689373,1.3182704235335814,1.6553355528298581,-0.9982812393987202,-0.9967722438004081,-0.9935278355067925,Marine Shipping,Industrials,SHIP
2020Q2,2020,Q2,2020-06-30,2020-06-30,-11286000.0,9042000.0,-5707000.0,-6.457156003252722,-3670000.0,-0.40588365405883653,295916000.0,58023000.0,30403000.0,23311000.0,237893000.0,0.0,0.0,37403519.199999996,199625519.2,33.19720247072367,1.3042340525931964,0.6509448627313157,3.319804215569688,-0.022768982796591234,33.19720247072367,-0.19450907398790135,4.136642247290422,-0.8285379939748361,0.6446326318873549,0.0,0.0,0.0,0.03055596858567972,1.3042340525931964,-0.03813920166533746,-1.6448337379067721,-0.40588365405883653,0.8684529572996702,0.9760708981920831,-0.9885758006096722,-0.9863264176659864,-2.465533522190746,-0.35275080906148865,-1.1374531835205992,0.9720847622359751,-0.995976714842258,-0.9804958415682512,Marine Shipping,Industrials,SHIP
2020Q1,2020,Q1,2020-03-31,2020-03-31,-8343000.0,13339000.0,-2670000.0,-49.086287845804456,-1059000.0,-0.07939125871504611,271386000.0,21897000.0,6182000.0,23271000.0,249489000.0,0.0,0.0,4133573.12,192043573.12,128.83164868267772,0.26565252889862917,0.7151879610591556,8.863862629583961,-0.012361740644199473,128.83164868267772,-0.3810110974106042,0.30988628233000975,-0.12386351192616564,0.18877349043247932,,0.0,,0.049151393218515325,0.26565252889862917,-0.030742190090866883,0.0,-0.07939125871504611,-3.6534941262737037,0.9001247284960986,0.0,-0.9591013801228487,-1.0908311175915602,-3.6930277598450614,-1.2777199916788018,0.8884097246235714,-0.9158288557841384,-0.9310762498079866,Marine Shipping,Industrials,SHIP
2019Q4,2019,Q4,2019-12-31,2019-12-31,3098000.0,27769000.0,9614000.0,18.49873619834849,11659000.0,0.4198566747092081,282551000.0,29858000.0,21927000.0,237281000.0,252693000.0,3862000.0,-376241000.0,14627587.023999998,199073587.024,178.2875841190415,0.09240942174046805,0.7011123655552449,6.63473775872463,0.04209576853019476,178.2875841190415,0.10375778685779356,0.5267595888940905,1.1804056668818592,0.4899051183602385,,4.171413775245987,,0.0982796026204119,0.06497359670601523,0.010964392269006303,0.0,0.4198566747092081,2.7808098408365973,1.0190731282423382,0.0,-0.9137210682234086,0.44009387351778656,3.147255689424364,0.4074074074074074,1.0383446663249236,-0.7820672130438876,-0.9173789244326394,Marine Shipping,Industrials,SHIP
2019Q3,2019,Q3,2019-09-30,2019-09-30,747000.0,23959000.0,6831000.0,4.89279730457303,8096000.0,0.33791059727033684,278706000.0,26597000.0,15398000.0,23585000.0,252109000.0,0.0,0.0,11761927.920000002,196222927.92000002,174.2089301972189,0.6528725885096459,0.7170961515001472,7.5143437229762755,0.030164800226092487,174.2089301972189,0.028085874346730835,0.4909189832630745,3.9363881927710844,0.4422276166484942,,0.0,,0.0859651388918789,0.6528725885096459,0.0026802436976598996,0.0,0.33791059727033684,1.0313246810853587,1.0049527920340444,0.0,-0.9286373057023442,12.31578947368421,1.1082608695652174,7.061224489795919,1.0067262596674427,-0.8531667736731734,-0.9265890317119119,Marine Shipping,Industrials,SHIP
2019Q2,2019,Q2,2019-06-30,2019-06-30,-6900000.0,18758000.0,-1127000.0,-156.19623680254986,608000.0,0.032412837189465825,269529000.0,25532000.0,21255000.0,79622000.0,243997000.0,4426000.0,-380086000.0,4311480.0,192151480.0,577.9739671760045,0.26694883323704505,0.741515755261957,7.827823907253642,-0.004990612158140853,577.9739671760045,-0.27024909916966944,0.22984753171979955,-0.15621304347826084,0.1688657371142096,,4.100768187980117,,0.06959547952168413,0.17280399889477782,-0.02560021370613181,0.0,0.032412837189465825,0.6978724185045669,0.7933837526367237,0.0,-0.8045517470378214,2.2135728542914173,0.201666088163832,0.5369761709120788,0.7543520002329006,-0.5802078389062698,-0.7768452023977453,Marine Shipping,Industrials,SHIP
2019Q1,2019,Q1,2019-03-31,2019-03-31,-8643000.0,16013000.0,-2434000.0,-516.9876779519082,-501000.0,-0.03128707924811091,265499000.0,13469000.0,7472000.0,0.0,252030000.0,0.0,0.0,11769472.0,208865472.0,805.6585715994736,0.0,0.770503843705626,15.188061474496994,-0.011163242935831992,805.6585715994736,-0.6416957457866211,0.734994816711422,-0.340433645724864,0.8738192887371,,0.0,,0.0603128448694722,0.0,-0.032553794929547755,0.0,-0.03128707924811091,-1.6677278164045701,-1.0061725251771518,-0.524897316265901,-0.6944687729613256,0.7865360034086067,-1.7128060263653484,-1.5741920264213258,0.3797223801471903,0.1042201104728275,-0.6917822282135209,Marine Shipping,Industrials,SHIP
2018Q4,2018,Q4,2018-12-31,2018-12-31,-3186000.0,26991000.0,4239000.0,-193.79326285568303,-2347000.0,-0.08695491089622467,267562000.0,21303000.0,16883000.0,36263000.0,246259000.0,5289000.0,-364543000.0,19834531.2,220110531.2,1295.802919708029,0.4655709676529796,0.7735029637990447,9.715063606064874,0.018679081297594217,1295.802919708029,-0.14955640050697086,0.7348572190730243,-1.5563819209039547,0.9310675116180821,0.0,5.546984307052373,0.0,0.10087755361374186,0.2573697708408019,-0.011907520499921513,-0.8998108787370139,-0.08695491089622467,0.4626321489292425,-1.0258618971458495,-0.7414118552599716,1.0142446166927495,-1.258594094314676,0.427287434837318,-0.416758392955421,0.7326739954615031,0.9423737232697134,-0.5508321008003993,Marine Shipping,Industrials,SHIP
2018Q3,2018,Q3,2018-09-30,2018-09-30,-5563000.0,26387000.0,7268000.0,-360.6342703039104,9076000.0,0.3439572516769621,265494000.0,23357000.0,42104000.0,49466000.0,242137000.0,8252000.0,-360870000.0,31842966.24,230869966.24,1514.1319849604563,0.8511705009501476,0.7662094058622794,8.709337671790042,0.031960317844217635,1514.1319849604563,-0.2381727105364559,1.206767205063099,-1.4310159194679128,1.363315761441966,0.0,2.097794474066893,0.0,0.09938831009363677,0.1600088949985849,-0.02095339254371097,-20.99074900461437,0.3439572516769621,0.37261350361711626,-1.0209792883773527,-0.6029285331886793,1.0153773004890045,13.137071651090343,0.3726175707680162,7.773532152842498,-0.46312645865367646,1.7534478697085472,-0.6178302853758925,Marine Shipping,Industrials,SHIP
2018Q2,2018,Q2,2018-06-30,2018-06-30,-8867000.0,16820000.0,-1073000.0,-574.8199433413071,642000.0,0.03816884661117717,275292000.0,28634000.0,22251000.0,48705000.0,246658000.0,6744000.0,-355307000.0,32028448.464,228328448.464,1856.216776870219,0.4568524792115799,0.7574430059718408,7.282182021373193,-0.004512612605034948,1856.216776870219,-0.3096668296430817,1.9041883747919144,-0.903023809180106,1.1185460803240903,,2.3988730723606166,,0.06109876058875666,0.2926804229545221,-0.0322094357990788,0.0,0.03816884661117717,-1.5660650317869997,0.9611915529132234,-0.8403442778286082,1.0160490506325415,-0.9011851623826381,-1.5761185357350378,-1.6159586681974742,-1.1301413619522034,1.407867741864311,-0.23544362056725582,Marine Shipping,Industrials,SHIP
2018Q1,2018,Q1,2018-03-31,2018-03-31,-3442000.0,21322000.0,1742000.0,-224.00833035046045,6497000.0,0.30470875152424726,269323000.0,37216000.0,8240000.0,0.0,269323000.0,0.0,0.0,32183779.68,23943779.68,2421.9705844071327,0.0,0.0,0.0,0.04680782459157352,2421.9705844071327,-0.09248710232158211,1.5094165500422099,-2.337578419523533,0.8647834178847807,,0.0,,0.0791688790040212,0.0,-0.012780193299495401,0.0,0.30470875152424726,-28.67241379310345,-1.2096986273578823,-0.7549253888613549,1.0240154421038101,-0.2666215148436618,-28.67241379310345,-0.6388888888888888,0.5442278119855055,0.0,-0.23112639403311533,Marine Shipping,Industrials,SHIP
2017Q4,2017,Q4,2017-12-31,2017-12-31,-116000.0,24289000.0,4824000.0,-7.549380104780189,8859000.0,0.3647330067108568,275705000.0,41313000.0,19498000.0,34460000.0,234392000.0,4797000.0,-341697000.0,38353536.0,231270536.0,2688.59820382663,0.5658154381892049,0.7319635117244881,4.884806235325442,0.016678896021039617,2688.59820382663,-0.002807832885532399,1.5790496109349912,-82.65848275862069,0.928364824631472,0.0,3.2165937043985826,0.0,0.08809778567671968,0.3631746952988973,-0.00042073955858617,7.638624975104561,0.3647330067108568,-1.016669185268909,0.9999357514982194,-0.8148012170835404,1.0263523210782775,1.1383055756698044,-1.0179261319734199,32.73684210526316,0.9922164577100074,0.0,0.30109666440787974,Marine Shipping,Industrials,SHIP
2017Q3,2017,Q3,2017-09-30,2017-09-30,6471000.0,18851000.0,-152000.0,452.89436664077095,4143000.0,0.2197761391968596,276560000.0,41361000.0,17260000.0,31906000.0,235199000.0,4201000.0,-341581000.0,38749056.0,235990056.0,2894.806830907055,0.5409640819908481,0.7437048018513162,4.9727762868402605,-0.0006152849740932643,2894.806830907055,0.15645172989047654,2.05554379078033,1.4970273528048215,0.9368500761587002,0.0,3.5010711735301117,0.0,0.0681624240671102,0.3444493198771391,0.02339817761064507,17.260158574610244,0.2197761391968596,2.957942511346445,1.0107357961360546,-0.8863152982987035,-0.7171919957250195,-0.17927892234548337,2.957942511346445,-1.187422934648582,1.4584496953342108,0.0,0.18582448494987802,Marine Shipping,Industrials,SHIP
2017Q2,2017,Q2,2017-06-30,2017-06-30,-3305000.0,18372000.0,811000.0,-231.31137100104283,5048000.0,0.2747659481820161,280243000.0,24319000.0,17774000.0,33299000.0,255924000.0,5253000.0,-348052000.0,35662848.0,251934848.0,1702.0576707726764,0.5337697828763627,0.7945568667192401,9.156174184793782,0.0032835603349150567,1702.0576707726764,-0.13590196965335746,1.9411521881123448,-2.6976435703479575,1.466460298532012,,2.536455358842566,,0.06555739126401017,0.30679599987987627,-0.011793336497254168,0.0,0.2747659481820161,0.4741447891805887,0.9918745948380502,-0.929407401088563,-0.9675289334950661,3.1343161343161343,0.4741447891805887,1.3024990675121224,0.6940207616847179,0.0,-0.4244304811533287,Marine Shipping,Industrials,SHIP
2017Q1,2017,Q1,2017-03-31,2017-03-31,-6285000.0,13322000.0,-2681000.0,-439.87654061771684,1221000.0,0.09165290496922383,250420000.0,26707000.0,6940000.0,223713000.0,223713000.0,0.0,0.0,28118784.0,231772784.0,1869.1909294512877,0.0310218896532611,0.8409631818544845,7.885348410529075,-0.011297887493099481,1869.1909294512877,-0.23533156101396638,2.1107028974628435,-1.1184878281622912,1.0528619463062119,,0.0,,0.05319862630780289,0.0310218896532611,-0.0250978356361313,0.0,0.09165290496922383,0.08820542579428406,0.932028651797622,-0.9473140826697085,-0.9771684867664685,9.659574468085106,0.08820542579428406,0.2994512673112098,-1.0052519008490886,-0.5375155994941307,-0.29114364524042075,Marine Shipping,Industrials,SHIP
2016Q4,2016,Q4,2016-12-31,2016-12-31,-6893000.0,10871000.0,-3827000.0,-482.4294342844745,-141000.0,-0.012970287921994297,257534000.0,30832000.0,22329000.0,21230000.0,226702000.0,4049000.0,-338462000.0,39434880.0,236671880.0,2157.8947368421054,1.0517663683466791,0.8157951959741238,6.814186559418785,-0.015884479531144288,2157.8947368421054,-0.22356642449403216,3.6275301260233648,-1.430250979254316,1.2790243902439022,0.0,2.7196838725611263,0.0,0.04221190211777862,0.7367404616109279,-0.026765397966870393,-0.899867193026493,-0.012970287921994297,0.33679305670073345,-1.0714607685952544,-0.9728150075508616,-0.9723961829224987,0.549520766773163,-0.17407596661556804,-0.11966062024575776,-1.0643803389530222,-0.8801633934463061,1.023721495701324,Marine Shipping,Industrials,SHIP
2016Q3,2016,Q3,2016-09-30,2016-09-30,-5871000.0,8626000.0,-3418000.0,-727.4191549993805,-313000.0,-0.03628564804080686,203608000.0,19153000.0,9023000.0,13830000.0,184455000.0,2970000.0,-331569000.0,59854536.0,233975536.0,2373.064056498575,0.6524222704266088,0.8743762524065852,9.295149584921422,-0.01733415152421862,2373.064056498575,-0.3065316138463948,6.938851843264549,-2.548736842105263,3.125073669921161,0.0,3.00976430976431,0.0,0.042365722368472754,0.398120028922632,-0.028834819849907666,-19.307914838709678,-0.03628564804080686,-0.14399844115354626,0.9978197547941018,-0.9722870786382966,-0.9794016581128104,-1.8670360110803323,-0.14399844115354637,-0.23038156947444205,-1.0423174756409372,-0.751907236546892,1.024100487565744,Marine Shipping,Industrials,SHIP
2016Q2,2016,Q2,2016-06-30,2016-06-30,-5132000.0,8164000.0,-2778000.0,-635.8567711559906,361000.0,0.04421852033317002,204638000.0,20904000.0,8036000.0,9066000.0,183734000.0,2455000.0,-325698000.0,42612942.96,217153942.96,2590.01362904225,0.8863887050518421,0.867874001896031,8.495981630309988,-0.013994680207955508,2590.01362904225,-0.24550325296593953,5.219615747182754,-2.0758448441153545,2.0385066475315727,0.0,3.1784114052953156,0.0,0.03989483869076125,0.5121332450915509,-0.02507843118091459,-4.631841626086957,0.04421852033317002,0.2371042069273078,-1.5985688740820283,-0.977771934551335,-0.9942295518376446,1.2580414581844175,0.23710420692730785,0.40767590618336885,0.9570698719548641,-0.8518889458784963,1.0223935374302338,Marine Shipping,Industrials,SHIP
2016Q1,2016,Q1,2016-03-31,2016-03-31,-6727000.0,7001000.0,-4690000.0,-833.4778837814397,-1399000.0,-0.19982859591486932,205791000.0,21097000.0,2779000.0,184694000.0,184694000.0,0.0,0.0,53656008.0,228463008.0,2613.92640317185,0.015046509361430257,0.8629434717747618,8.41759491870882,-0.023605441834480052,2613.92640317185,-0.3188605014931033,7.664049135837738,-1.994054110301769,2.5433003744608236,,0.0,,0.03401995228168384,0.015046509361430257,-0.03268850435636155,0.0,-0.19982859591486932,-0.14971799692360277,0.6668273203757024,-0.9790327223290664,-0.9941623736241179,0.2605708245243129,-0.1497179969236028,-0.0659090909090909,-1.7802605165540801,-0.8467981737368718,1.0259188111544968,Marine Shipping,Industrials,SHIP
2015Q4,2015,Q4,2015-12-31,2015-12-31,-5851000.0,6822000.0,-4400000.0,-724.9411473175567,-1892000.0,-0.277338024039871,209352000.0,23284000.0,8278000.0,9250000.0,186068000.0,2980000.0,-313839000.0,65849674.800000004,240184674.8,2884.896543179284,0.894918918918919,0.8485182849936949,7.6292303727881805,,2884.896543179284,-0.25128843841264387,9.652546877748462,-2.8136077080840884,2.828108349080914,0.0,2.9241610738255033,0.0,0.03258626619282357,0.49632432432432433,-0.02794814475142344,-0.4698447028940008,-0.277338024039871,-1.9412983957085348,0.8317937999757665,-0.9801607781613466,-0.9935929700131456,-13.442748091603054,-4.57769304099142,-3.96054114994363,0.9938302353884226,-0.9009684241161013,1.0282763411339302,Marine Shipping,Industrials,SHIP
2015Q3,2015,Q3,2015-09-30,2015-09-30,-1049000.0,2644000.0,-887000.0,-246.46977279669179,-131000.0,-0.04954614220877458,66115000.0,16862000.0,969000.0,47124000.0,49253000.0,0.0,0.0,38160998.4,84315998.4,3961.936090225564,0.020562770562770564,0.7127580730545262,2.794686276835488,,3961.936090225564,-0.062210888388091565,14.433055370650528,-9.09461353670162,2.2631359506582847,0.0,0.0,0.0,0.0399909249035771,0.020562770562770564,-0.015866293579369282,-0.8078795494961469,-0.04954614220877458,0.08669648756511453,-1.0511568880520459,-0.9869532201708568,-0.9912844092730546,-3.977272727272727,-0.0019102196752626551,-0.11853720050441362,0.9941573729287162,-0.9464697950430189,-0.612938857688606,Marine Shipping,Industrials,SHIP
2015Q2,2015,Q2,2015-06-30,2015-06-30,-1047000.0,1757000.0,-793000.0,-269.8662267701111,44000.0,0.02504268639726807,19570000.0,9420000.0,1046000.0,8515000.0,10150000.0,0.0,0.0,26073600.0,33542600.0,2427.8350515463917,0.12284204345273048,0.43510475217169137,0.9039278131634819,-0.044215221633677165,2427.8350515463917,-0.11114649681528663,14.8398406374502,-6.225787965616046,2.7678980891719744,0.0,0.0,0.0,0.08978027593254982,0.12284204345273048,-0.05350025549310169,-13.651099476439791,0.02504268639726807,0.4510402076851803,0.9406659970273444,-0.993311210542345,-0.9965279813180085,1.1635687732342008,-0.03766105054509415,0.18666666666666668,0.9905210559574859,-0.9751392508356186,-0.9536828893782523,Marine Shipping,Industrials,SHIP
2015Q1,2015,Q1,2015-03-31,2015-03-31,-1009000.0,0.0,-975000.0,-491.5956151035323,-269000.0,0.0,19798000.0,6467000.0,1771000.0,12750000.0,13331000.0,0.0,0.0,19706336.4,30685336.4,3150.02435460302,0.13890196078431372,0.6440044448934236,1.9715478583578165,-0.05073632721028256,3150.02435460302,-0.1560228854182774,0.0,-4.882640336967294,3.04721453533323,,0.0,,0.0,0.13890196078431372,-0.05096474391352662,0.0,0.0,0.4929833122570735,-2.2242217597307707,-1.0,-0.9963672279728387,-1.2605042016806722,0.19665605095541402,-0.7256637168141593,0.9240558613819218,-1.0,-0.961523554600611,Marine Shipping,Industrials,SHIP
2014Q4,2014,Q4,2014-12-31,2014-12-31,-1256000.0,0.0,-565000.0,-969.5846842674077,-119000.0,0.0,3268000.0,2676000.0,3207000.0,592000.0,592000.0,0.0,-304883000.0,12898200.0,10025200.0,2066.4092664092664,5.41722972972973,0.0,0.0,-0.21113602391629296,2066.4092664092664,-0.4693572496263079,0.0,-2.5673168789808916,4.819955156950673,,0.0,,0.0,4.903716216216216,-0.3843329253365973,0.0,0.0,0.01895350028810012,0.9172896786342165,-1.0,-0.9972842877130393,0.46153846153846156,-0.09982486865148861,0.4896115627822945,-1.1436649139193171,-1.0,-0.973566466230559,Marine Shipping,Industrials,SHIP
2014Q3,2014,Q3,2014-09-30,2014-09-30,-1142000.0,0.0,-1107000.0,-988.3167459974037,-221000.0,0.0,3139000.0,2822000.0,2904000.0,317000.0,317000.0,0.0,0.0,24109536.0,21205536.0,2441.176470588235,9.160883280757098,0.0,0.0,-0.3922749822820695,2441.176470588235,-0.40467753366406806,0.0,-5.2779194395796845,8.543421686746989,,0.0,,0.0,9.160883280757098,-0.3638101306148455,0.0,0.0,-0.30668755547878085,-1.0096789551920065,-1.0,-0.9984202266560043,0.0,-0.5046113306982872,-0.476,0.997039064977337,-1.0,-0.9788104381715119,Marine Shipping,Industrials,SHIP
2014Q2,2014,Q2,2014-06-30,2014-06-30,-759000.0,0.0,-750000.0,-756.3527653213752,0.0,0.0,3523000.0,2969000.0,2678000.0,151000.0,554000.0,0.0,0.0,16505760.0,13827760.0,2957.171314741036,17.735099337748345,0.0,0.0,-0.2526103065005052,2957.171314741036,-0.25564163017851127,0.0,-5.4366798418972335,5.559366790165038,,0.0,,0.0,17.735099337748345,-0.2154413851830826,0.0,0.0,-1.0090267788266485,-1.0130795361876062,-1.0,-0.9975691474661389,-1.0,-1.009089276091252,-0.013513513513513514,-1.7116441640844031,-1.0,-0.993411539002122,Marine Shipping,Industrials,SHIP
2014Q1,2014,Q1,2014-03-31,2014-03-31,83505000.0,2010000.0,-740000.0,83789.88561107767,46000.0,0.022885572139303482,3274000.0,2629000.0,1530000.0,645000.0,645000.0,0.0,0.0,21175083.599999998,19645083.599999998,2636.91073219659,2.372093023255814,0.0,0.0,-0.2814758463294028,2636.91073219659,31.763027767211867,10.534867462686567,0.06339465780492186,8.05442510460251,,0.0,,0.6139279169211973,2.372093023255814,25.50549786194258,0.0,0.022885572139303482,10.177218578503547,-0.14273402129624524,-0.9904736693121816,-0.997724269691033,-0.9857849196538937,10.177218578503547,-1.3466042154566744,34.48055306154374,-0.9512684510974674,-0.9941110432097711,Marine Shipping,Industrials,SHIP
2013Q4,2013,Q4,2013-12-31,2013-12-31,7471000.0,6330000.0,2135000.0,7496.488059401967,3236000.0,0.511216429699842,66350000.0,-90695000.0,66350000.0,157045000.0,157045000.0,913000.0,-385231000.0,24048836.400000002,155884836.4,-90967.9037111334,0.4224903690025152,2.0333232856066314,-1.4875241193009539,0.048285688438574274,-90967.9037111334,-0.08237499310877115,3.799184265402844,0.8047395395529381,-0.2651616561001158,,3.388828039430449,,0.09540316503391108,0.02757808271514534,0.11259984928409947,0.0,0.511216429699842,-0.5640681526432489,1.0249306853780196,-0.9722112934405207,-1.0857372406048762,6.420435510887772,-0.5640681526432489,2.5618141916605706,2.7386926851303244,-0.8509785387560581,-1.2020294586634315,Marine Shipping,Industrials,SHIP
2013Q3,2013,Q3,2013-09-30,2013-09-30,17138000.0,4295000.0,-1367000.0,17196.46799116998,-597000.0,-0.1389988358556461,56789000.0,-98170000.0,1067000.0,154959000.0,154959000.0,0.0,0.0,19740600.0,153584600.0,-98465.39618856569,0.00688569234442659,2.3756537357586858,-1.3742589385759396,-0.037206390680710924,-98465.39618856569,-0.17457471732708565,4.596181606519209,0.2879653401797176,-0.20108587144748907,,0.0,,0.07563084400147915,0.00688569234442659,0.3017837961577066,0.0,-0.1389988358556461,2.1604442576827307,-0.23251466939043425,-0.8972628437419412,0.0,-4.378378378378378,2.160560709690526,0.3808876811594203,2.5677566895992507,-0.9095285581318768,-1.2166072532223022,Marine Shipping,Industrials,SHIP
2013Q2,2013,Q2,2013-06-30,2013-06-30,-14767000.0,6809000.0,-2208000.0,-14818.86603110888,-111000.0,-0.01630195329710677,78701000.0,-115312000.0,78701000.0,194013000.0,194013000.0,1898000.0,-409840000.0,17348996.400000002,187947996.4,-115658.97693079237,0.4056480751289862,2.199667094446068,-1.501283474399889,-0.038185119371150364,-115658.97693079237,0.12806125988622172,2.5479507122925544,-0.2937122706033724,-0.15045265367004304,,3.6459430979978924,,0.0865173250657552,0.021632571013282614,-0.1876342104928781,0.0,-0.01630195329710677,-14.867119142350338,-3.559432227908886,0.0,-1.124920067558161,-1.1355311355311355,-14.865727699530517,-0.5930735930735931,-2.256760406301195,-0.8991221852360548,-1.165402558294875,Marine Shipping,Industrials,SHIP
2013Q1,2013,Q1,2013-03-31,2013-03-31,1065000.0,5645000.0,-1386000.0,1068.6333534015653,819000.0,0.14508414526129318,93019000.0,-100548000.0,29590000.0,193567000.0,193567000.0,1861000.0,-395073000.0,22851240.0,196350240.0,-100850.55165496489,0.15286696596010685,1.9015684967587267,-1.7591796952699208,-0.01759531819514607,-100850.55165496489,-0.010591956080677886,4.048049601417183,5.364140845070422,-0.2272669769662251,,2.5932294465341212,,0.06068652640858319,0.023490574323102593,0.011449273804276546,0.0,0.14508414526129318,1.0090984821995346,-0.8449218525237396,0.0,-1.0701147254619126,-0.37813211845102507,1.00910030847055,0.7069767441860465,1.6608005835688888,-0.914670031766274,-1.1163061048847396,Marine Shipping,Industrials,SHIP
2012Q4,2012,Q4,2012-12-31,2012-12-31,-117029000.0,8501000.0,-4730000.0,-117451.82657567243,1317000.0,0.1549229502411481,120960000.0,-101617000.0,52086000.0,222577000.0,222577000.0,471000.0,-396138000.0,12431275.200000001,216782275.2,-102025.10040160643,0.2340133976107145,1.7249421296296297,-2.0532883277404372,-0.04418974788469353,-102025.10040160643,1.151667535943789,1.4623309257734385,-0.026555971596783703,-0.12233460149384454,0.0,15.252653927813164,0.0,0.07027943121693121,0.02958526712104126,-0.9675016534391534,-10.652335218508998,0.1549229502411481,-1.7852773877240165,-13.860903731153899,0.0,-1.109335653524917,-0.7678886147338738,-1.7852773877240165,0.42715271890517137,-9.020144693307936,-0.864309340640776,-1.1340832250624262,Marine Shipping,Industrials,SHIP
2012Q3,2012,Q3,2012-09-30,2012-09-30,-42017000.0,11559000.0,-8257000.0,-42168.807707747896,5674000.0,0.4908729128817372,309686000.0,10195000.0,8115000.0,286090000.0,299491000.0,0.0,0.0,22708800.0,293124800.0,10235.943775100402,0.028365199762312557,0.8993981000109789,27.3203531142717,,10235.943775100402,-4.121333987248652,1.9645990137555152,-0.13511673846300307,2.2274448258950463,0.0,0.0,0.0,0.03732490328913803,0.028365199762312557,-0.13567613647371854,-29.998414795244386,0.4908729128817372,-0.4818720462721311,-2720.1087758742883,0.0,-0.9889293203659341,-0.1419930440042341,-0.4818720462721309,0.30055061414654805,-1.4133195156367444,-0.928867986261438,-0.9933759515867174,Marine Shipping,Industrials,SHIP
2012Q2,2012,Q2,2012-06-30,2012-06-30,-28354000.0,18142000.0,-11805000.0,-28456.443195503813,6613000.0,0.3645132840921618,366038000.0,52208000.0,26341000.0,55125000.0,313830000.0,2316000.0,-237092000.0,24740640.0,313235640.0,52417.670682730924,0.47784126984126984,0.8092547768264498,5.673804780876494,-0.033909641375687825,52417.670682730924,-0.5430968433956481,1.3637217506338881,-0.21814065034915708,0.473885994483604,0.0,4.977979274611399,0.0,0.049563160109059715,0.23459410430839003,-0.07746190286254433,4.146244343891403,0.3645132840921618,-3.3953764960894395,-1835.264327085217,0.0,0.0,0.0012112036336109008,-3.4525753768844223,-23.290123456790123,-1.4925374723394764,-0.8976461426437158,-0.9569116516980097,Marine Shipping,Industrials,SHIP
2012Q1,2012,Q1,2012-03-31,2012-03-31,-6368000.0,17414000.0,-486000.0,-6474.176494509963,6605000.0,0.3792925232571494,418065000.0,80559000.0,36767000.0,44741000.0,337506000.0,2887000.0,-208738000.0,39202560.0,356684560.0,81868.90243902439,0.8217742115732773,0.785700788154952,4.077433930411251,-0.001189101845896029,81868.90243902439,-0.07904765451408284,2.2512093717698405,-1.539045226130653,0.48663166126689755,0.0,3.744024939383443,0.0,0.04165380981426333,0.3113028318544512,-0.015232081135708562,-24.12465230769231,0.3792925232571494,-1.9586030407948216,-416.43432444466436,0.0,0.0,-0.6140812153082091,-1.9586030407948216,-1.0497237569060773,-1.0662378493368097,-0.9163765279143531,-0.9293447668260091,Marine Shipping,Industrials,SHIP
2011Q4,2011,Q4,2011-12-31,2011-12-31,6643000.0,27540000.0,9774000.0,6753.761691744611,17115000.0,0.6214596949891068,436476000.0,76923000.0,43432000.0,58697000.0,359553000.0,2512000.0,-202370000.0,25506460.8,358267460.8,78173.78048780488,0.7399356014787809,0.8030109330180811,4.556439556439557,0.02290547286093762,78173.78048780488,0.08635908635908636,0.9261605228758171,0.9598999247328015,0.331584321984322,0.0,4.150079617834395,0.0,0.0630962527149259,0.3390803618583573,0.015219622613843601,2.088297101686589,0.6214596949891068,1.0202260098521447,-0.26106457776646635,0.0,-0.9162247197552087,0.29296668429402434,1.0326403663504011,1.048746670922566,1.0224605193383638,-0.8775021070601797,-0.9263212193175403,Marine Shipping,Industrials,SHIP
2011Q3,2011,Q3,2011-09-30,2011-09-30,-203521000.0,23525000.0,-200506000.0,-333914.6841673503,13237000.0,0.5626780021253985,447282000.0,70276000.0,48539000.0,74786000.0,377006000.0,1509000.0,-209013000.0,23350800.0,358987800.0,115206.55737704918,0.6490385901104485,0.8218819447239102,5.230989242415618,-0.4579080464177687,115206.55737704918,-2.8960242472536857,0.9925951115834218,-0.028683526515691258,0.3322727531447436,0.0,6.817760106030484,0.0,0.052595454321881945,0.47391222956168266,-0.4550171927329962,3.4593777777777777,0.5626780021253985,-315.07561728395063,-21519.85857746151,0.0,-0.8753984081499664,-0.2526957601761418,-315.07561728395063,-43.48008474576271,-15.896508748182683,-0.0802721707788625,0.0,Marine Shipping,Industrials,SHIP
2011Q2,2011,Q2,2011-06-30,2011-06-30,648000.0,27759000.0,4720000.0,1063.1665299425758,17713000.0,0.6380993551640909,660385000.0,273793000.0,50784000.0,62994000.0,386592000.0,1370000.0,-5492000.0,43188000.0,386800000.0,448840.98360655736,0.8061720163825126,0.5730157408178562,1.382106189712666,0.006937242092075666,448840.98360655736,0.002366751523961533,1.5558197341402789,16.662037037037038,0.15773960619884367,0.0,7.3328467153284675,0.0,0.04203457074282426,0.5994062926627933,0.0009812457884415908,8.7959266802444,0.6380993551640909,1.4246395806028833,69.52126492202308,0.0,0.0,0.1637976346911958,1.4246395806028833,0.9625779625779626,-0.8164342350151697,0.0,-0.5152192464182601,Marine Shipping,Industrials,SHIP
2011Q1,2011,Q1,2011-03-31,2011-03-31,-1526000.0,25236000.0,2405000.0,-2503.6915504511894,15220000.0,0.6031066730068156,679218000.0,273141000.0,59896000.0,66466000.0,406077000.0,1569000.0,-6140000.0,67197600.0,411458600.0,447772.131147541,0.9011524689314838,0.5719076938479252,1.422159251082774,0.0036736948412366692,447772.131147541,-0.005586858069641687,2.6627674750356634,-11.008781127129751,0.24601799070809582,0.0,6.383683875079669,0.0,0.03715449237211028,0.6781512352180062,-0.0022467013536154813,26.197894736842105,0.6031066730068156,0.4195511601369343,-160.36334918365313,0.0,0.0,0.09986992339933516,0.4195511601369342,1.2330547818013,-1.3631791045788149,0.0,-0.6886936211086182,Marine Shipping,Industrials,SHIP
2010Q4,2010,Q4,2010-12-31,2010-12-31,-2629000.0,25989000.0,1077000.0,-4313.3716160787535,13838000.0,0.5324560390934626,696401000.0,274665000.0,68459000.0,72791000.0,421736000.0,1459000.0,-4614000.0,100467000.0,446228000.0,450270.4918032787,0.9404871481364454,0.573732662646952,1.4546738754482733,0.0016246081207179589,450270.4918032787,-0.009571660022208873,3.8657508946092576,-9.553727653100038,0.36578013216099614,0.0,8.328307059629884,0.0,0.03731901591180943,0.7526479921968375,-0.0037751238151582205,19.16212092313561,0.5324560390934626,-1.8945219462402179,-1.47173498183744,0.0,-0.5174656208079351,-0.29448353217089834,-1.8945219462402179,-0.8683856776243432,-1.47173498183744,0.0,-0.5174656208079351,Marine Shipping,Industrials,SHIP
2010Q3,2010,Q3,2010-09-30,2010-09-30,2939000.0,29046000.0,8183000.0,4821.985233798196,19614000.0,0.6752737037802107,713885000.0,277294000.0,80771000.0,75796000.0,436591000.0,1704000.0,-1985000.0,121878000.0,466284000.0,454580.3278688525,1.0656367090611643,0.5746471770663342,1.4794117434924665,0.011963152599570587,454580.3278688525,0.010598858972787006,4.1960338772980785,10.367301803334469,0.4395262789674497,0.0,5.535211267605634,0.0,0.04068722553352431,0.8830545147501188,0.004116909586277902,12.300968914008882,0.6752737037802107,2.0615351298104785,311.7777740830645,0.0,-0.5083488842497688,0.4185289650683445,2.934825543120474,1.0467733866933466,311.7777740830645,0.0,-0.5083488842497688,Marine Shipping,Industrials,SHIP
2010Q2,2010,Q2,2010-06-30,2010-06-30,-1519000.0,22612000.0,3998000.0,-4542.464114832536,13827000.0,0.6114894746152485,727861000.0,233552000.0,87248000.0,65813000.0,443506000.0,1429000.0,-6155000.0,69138000.0,420247000.0,699257.4850299401,1.325695531278015,0.5797906468405368,1.806908097554292,0.006450673426013785,699257.4850299401,-0.006503904911968212,3.057580045993278,-11.3788676761027,0.2960282934849627,0.0,6.147655703289013,0.0,0.031066371189004495,1.121632504216492,-0.0020869369288916426,7.646317186463172,0.6114894746152485,-12.318994671596348,-292.3536577959699,0.0,0.0,0.08455565142364108,-14.809090909090909,-0.22609368950832365,-292.3536577959699,0.0,0.0,Marine Shipping,Industrials,SHIP
2010Q1,2010,Q1,2010-03-31,2010-03-31,110000.0,18181000.0,5166000.0,401.3133892739876,12749000.0,0.7012265551949838,557985000.0,237589000.0,94427000.0,37013000.0,300277000.0,1114000.0,-4636000.0,57211200.0,261933200.0,867113.1386861313,2.551184718882555,0.5207505578106938,1.2229985394946736,,867113.1386861313,0.0004629843974258067,3.1467576040921843,130.02545454545455,0.2407990268909756,0.0,4.876122082585279,0.0,0.032583313171501024,2.366546888930916,0.00019713791589379644,7.820010934937124,0.7012265551949838,1.0342359165888577,26.895382064227654,0.0,0.0,0.330654420206659,1.0342359165888577,5.433374844333748,26.895382064227654,0.0,0.0,Marine Shipping,Industrials,SHIP
2009Q4,2009,Q4,2009-12-31,2009-12-31,-3213000.0,17235000.0,803000.0,-11721.99927033929,9581000.0,0.5559036843632144,538452000.0,208489000.0,67473000.0,42138000.0,311633000.0,1126000.0,-4746000.0,144507600.0,382051600.0,760908.7591240876,1.6012387868432294,0.5592903360002377,1.444445510314693,,760908.7591240876,-0.01541088498673791,8.384543080939947,-11.243977591036415,0.6931185817956822,0.0,6.797513321492007,0.0,0.032008424149227784,1.5275285965162086,-0.00596710570301531,21.367381339642172,0.5559036843632144,-1.1415056480607362,-2.2835047920758265,0.0,-0.18456873725991618,-0.4584251879486745,-1.229779017378245,-0.9238501659554291,-2.2835047920758265,0.0,-0.18456873725991618,Marine Shipping,Industrials,SHIP
2009Q3,2009,Q3,2009-09-30,2009-09-30,13983000.0,22352000.0,10545000.0,82837.67772511848,17691000.0,0.7914727988546886,547140000.0,211702000.0,70986000.0,34451000.0,318692000.0,1211000.0,-1533000.0,98886600.0,346173600.0,1545270.0729927006,2.060491712867551,0.5623697773878715,1.4534345447846502,,1545270.0729927006,0.06605039158817583,4.424060486757337,1.7679789744689982,0.46710281433335543,0.0,3.8488852188274154,0.0,0.04085243264977885,1.8964035877042755,0.025556530321307162,50.84143958868895,0.7914727988546886,0.5800070524659823,6584.54777098355,0.0,0.6712860388923111,-0.026201354103594428,0.9510255336961072,0.2214757326537704,6584.54777098355,0.0,0.6712860388923111,Marine Shipping,Industrials,SHIP
2009Q2,2009,Q2,2009-06-30,2009-06-30,7167000.0,22067000.0,8633000.0,52428.67593269935,18167000.0,0.8232655095844473,383025000.0,150848000.0,48198000.0,28389000.0,232177000.0,696000.0,-15515000.0,82360800.0,261393800.0,1216516.1290322582,1.6977702631300855,0.590183408393708,1.498561465846415,0.022905097598055733,1216516.1290322582,0.04751140220619431,3.732306158517243,2.872917538719129,0.5459853627492575,0.0,5.603448275862069,0.0,0.057612427387246264,1.6563457677269364,0.01871157235167417,5.76594791374965,0.8232655095844473,-0.40841931489888567,3729.171824903488,0.0,0.0,-0.19781869563297566,-0.40841931489888567,-0.36414524563600204,3729.171824903488,0.0,0.0,Marine Shipping,Industrials,SHIP
2009Q1,2009,Q1,2009-03-31,2009-03-31,12115000.0,26242000.0,13577000.0,88624.72567666424,22647000.0,0.8630058684551483,382612000.0,143680000.0,42077000.0,30809000.0,238932000.0,658000.0,-22683000.0,85262400.0,278647400.0,1158709.677419355,1.3657372845597067,0.6106002948156357,1.625995267260579,,1158709.677419355,0.08431932071269488,3.249081624876153,1.7594387123400743,0.5934187082405344,0.0,5.463525835866261,0.0,0.06858645311699581,1.3060469343373688,0.031663931084231545,4.221955929685565,0.8630058684551483,1.2953285645419146,6303.051298828764,0.0,0.0,-0.10105981820346922,1.3250516487349413,-0.11475516724261589,6303.051298828764,0.0,0.0,Marine Shipping,Industrials,SHIP
2008Q4,2008,Q4,2008-12-31,2008-12-31,-37271000.0,28331000.0,15337000.0,-300088.5668276973,25193000.0,0.8892379372418905,378202000.0,131565000.0,29814000.0,32999000.0,246637000.0,872000.0,-34798000.0,119858400.0,333703400.0,1061008.064516129,0.9034819236946574,0.6382515163854237,1.8347432827879755,,1061008.064516129,-0.2832896287006423,4.2306448766369,-0.8039655496230314,0.9110204081632653,0.0,3.5986238532110093,0.0,0.07490970433789351,0.8346616564138307,-0.09854786595523027,5.395381498987171,0.8892379372418905,-17.757239236311168,-33.89930259855508,0.0,0.13703402076977209,3.938835522446579,-12.397859327217125,3.571385991058122,-33.89930259855508,0.0,0.13703402076977209,Marine Shipping,Industrials,SHIP
2008Q3,2008,Q3,2008-09-30,2008-09-30,3270000.0,6122000.0,3355000.0,17907.99561883899,5101000.0,0.8332244364586736,,,,,,,,232578000.0,,,0.0,0.0,0.0,0.0,,0.0,37.9905259719046,17.78119266055046,0.0,0.3305382262996942,0.0,0.00464730112048431,0.0,0.0,0.0,143.45163970371905,0.8332244364586736,3.449104421281047,1445.6914334935675,0.0,0.0,0.0,2.553834065292735,25.498886414253896,1445.6914334935675,0.0,0.0,Marine Shipping,Industrials,SHIP
2008Q2,2008,Q2,2008-06-30,2008-06-30,920133.0,0.0,-136945.0,4025.0787401574803,0.0,0.0,235084649.0,147212355.0,233584064.0,7022304.0,87872294.0,0.0,3456230.0,279617400.0,278214740.0,925863.8679245283,33.2631660492055,0.0,0.0,,925863.8679245283,0.006250378916905446,0.0,75.97200622083982,1.8994153038309862,1.6759968395873206,0.0,0.005515178955243844,0.0,0.19974355994841578,0.00391404970045492,422.5736397557205,0.0,-0.1650091079831709,374.279107505071,0.0,0.0,0.0,-0.1598639176274334,0.0,374.279107505071,0.0,0.0,Marine Shipping,Industrials,SHIP
2008Q1,2008,Q1,2008-03-31,2008-03-31,1095219.0,0.0,0.0,4820.506161971831,0.0,0.0,234800000.0,228700000.0,234800000.0,6100000.0,6100000.0,0.0,2500000.0,270172800.0,268072800.0,1438364.7798742137,38.49180327868852,0.0,0.0,,1438364.7798742137,0.004788889374726716,0.0,61.67095348053677,1.1813414954088326,1.4891998769195933,0.0,0.006036877139371543,0.0,38.47540983606557,0.004664476149914821,226.46504610226322,0.0,-0.47303308684901435,445.3079107505071,0.0,0.0,0.0,-0.24605237614670059,1.0,445.3079107505071,0.0,0.0,Marine Shipping,Industrials,SHIP
2007Q4,2007,Q4,2007-12-31,2007-12-31,1452646.0,0.0,-443795.0,9147.64483627204,0.0,0.0,235213724.0,148368720.0,235213724.0,5995014.0,86845004.0,0.0,1440878.0,269886600.0,267675874.0,933136.6037735849,39.23489152819326,0.0,0.0,,933136.6037735849,0.009790783394235659,0.0,46.44741389161572,1.819026274540887,0.0,0.0,0.0,0.0,0.3687607735361419,0.006175855623118317,169.22211646621096,0.0,590.3087221095336,0.0,0.0,0.0,0.0,590.3087221095335,-1068.3855421686746,0.0,0.0,0.0,Marine Shipping,Industrials,SHIP
2007Q3,2007,Q3,2007-09-30,2007-09-30,-2465.0,0.0,-415.0,-15.522670025188916,0.0,0.0,233652832.0,147011305.0,233652832.0,5791537.0,86641527.0,0.0,-11768.0,269886600.0,267252489.0,924599.4025157233,40.343838259170234,0.0,0.0,,924599.4025157233,-1.676741798870502e-05,0.0,-27371.86612576065,1.8358220818460187,0.0,0.0,0.0,0.0,0.4548207151227731,-1.0549840029330353e-05,-26988.66,0.0,0.0,0.0,0.0,0.0,0.0,0.0,0.0,0.0,0.0,0.0,Marine Shipping,Industrials,SHIP
2007Q2,2007,Q2,2007-06-30,2007-06-30,-2465.0,0.0,0.0,-15.522670025188916,0.0,0.0,1100000.0,0.0,100000.0,1100000.0,1100000.0,0.0,0.0,269886600.0,270286600.0,0.0,0.09090909090909091,0.45454545454545453,0.0,,0.0,0.0,0.0,-27371.86612576065,0.0,0.0,0.0,0.0,0.0,0.09090909090909091,-0.0022409090909090907,26988.66,0.0,0.0,0.0,0.0,0.0,0.0,0.0,0.0,0.0,0.0,0.0,Marine Shipping,Industrials,SHIP
2007Q1,2007,Q1,2007-03-31,2007-03-31,-2465.0,0.0,0.0,-15.522670025188916,0.0,0.0,,,,,,,,269886600.0,,,0.0,0.0,0.0,0.0,,0.0,0.0,-27371.86612576065,0.0,0.0,0.0,0.0,0.0,0.0,0.0,26988.66,0.0,0.0,0.0,0.0,0.0,0.0,0.0,0.0,0.0,0.0,0.0,Marine Shipping,Industrials,SHIP
