Quarters,Year,Quarter,FillingDate,Date,NetIncome,Revenue,OperatingIncome,EPSDiluted,GrossProfit,GrossProfitRatio,TotalAssets,CommonStockEquity,CurrentAssets,CurrentLiability,TotalLiability,Inventory,RetainedEarnings,MarketCap,EnterpriseValue,bookValuePerShare,currentRatio,debtToAssets,debtToEquity,roic,shareholdersEquityPerShare,roe,priceToSalesRatio,peRatio,pbRatio,payoutRatio,inventoryTurnover,dividendYield,assetTurnover,quickRatio,returnOnAssets,priceToFreeCashFlowsRatio,grossProfitMargin,epsdilutedGrowth,fiveYNetIncomeGrowthPerShare,fiveYRevenueGrowthPerShare,fiveYShareholdersEquityGrowthPerShare,grossProfitGrowth,netIncomeGrowth,operatingIncomeGrowth,threeYNetIncomeGrowthPerShare,threeYRevenueGrowthPerShare,threeYShareholdersEquityGrowthPerShare,Industry,Sector,Symbol
2023Q1,2023,Q1,2023-05-15,2023-03-31,-17597000.0,22557000.0,-10564000.0,-1.44,12147000.0,0.5385024604,153044000.0,-10483000.0,96932000.0,88494000.0,163527000.0,40641000.0,-707543000.0,18783832.76,60997832.760000005,-0.8594529245585127,1.095351097249531,0.4149786989362536,-6.058380234665649,-0.24855008678455556,-0.8594529245585127,1.6786225317180197,0.8327274353859113,-0.2668612939705632,-1.7918375236096538,0.0,0.2561452720159445,0.0,0.14738898617391077,0.6204036431848486,-0.1149800057499804,-2.7278293290734825,0.5385024604335683,0.38723404255319155,0.8543158983731483,-0.7528483735584154,-1.1712568442506799,2.7595171773444753,0.2142091631687059,0.5680935442986221,0.7483075032859436,-0.4548036609383457,-1.078190541779142,Medical Devices,Healthcare,SIEN
2022Q4,2022,Q4,2023-04-18,2022-12-31,-22394000.0,25068000.0,-24459000.0,-2.35,3231000.0,0.1288894208,165421000.0,-822000.0,107749000.0,89709000.0,166243000.0,42692000.0,-694651000.0,19356601.158999998,56445601.158999994,-0.08616378393603083,1.2010946504809996,0.38181367541001443,-76.83698296836982,-0.3608896092827663,-0.08616378393603083,27.24330900243309,0.7721637609302696,-0.2160913766968831,-23.54817659245742,0.0,0.5115009837908742,0.0,0.1515406145531704,0.7018582305008416,-0.1353757987196305,-5.754043150713436,0.12888942077549068,0.012605042016806641,0.7418688096906605,-0.5342267512474038,-1.006117968660633,-0.7471039448966813,-0.49482678058874574,-0.9476827520305782,0.42603783469463,-0.4395242589237787,-1.0052094952924702,Medical Devices,Healthcare,SIEN
2022Q3,2022,Q3,2022-11-14,2022-09-30,-14981000.0,22570000.0,-12558000.0,-2.38,12776000.0,0.5660611431,165933000.0,-4331000.0,108536000.0,81201000.0,170264000.0,51640000.0,-672670000.0,40222828.800000004,100015828.80000001,-0.6891210993096537,1.3366337852982106,0.47469761891847917,-18.18702378203648,-0.1519983419643466,-0.6891210993096537,3.459016393442623,1.7821368542312808,-0.6712307055603766,-9.287192057261603,0.0,0.18965917893106118,0.0,0.13601875455756238,0.6568268863683945,-0.09028342764850873,-10.749018920363444,0.5660611431103234,0.18493150684931509,0.6796303322273021,-0.2930902491845067,-1.0305444034134905,0.0026683409197928113,0.18154501748251747,0.21207177814029363,0.475074896430692,-0.20841995009456699,-1.035363451076584,Medical Devices,Healthcare,SIEN
2022Q2,2022,Q2,2022-08-11,2022-06-30,-18304000.0,21513000.0,-15938000.0,-2.92,12742000.0,0.5922930321,175180000.0,8669000.0,117967000.0,84386000.0,166511000.0,52801000.0,-657689000.0,52481519.65800001,108246519.658,1.383729234085358,1.3979451567795607,0.46098298892567646,9.315376629369016,-0.16232145561700193,1.383729234085358,-2.111431537662937,2.4395258521824017,-0.7168039726016172,6.053930056292537,0.0,0.1661142781386716,0.0,0.12280511473912548,0.726281610693717,-0.10448681356319214,-3.8558165937844397,0.5922930321201134,0.08750000000000008,0.725873448253697,-0.19577845838767813,-0.9525886011444128,-0.008018684312962243,0.0816316291204656,0.009754582168375272,0.7339364545755825,-0.4263218664159211,-0.9588026948175065,Medical Devices,Healthcare,SIEN
2022Q1,2022,Q1,2022-05-12,2022-03-31,-19931000.0,21398000.0,-16095000.0,-3.2,12845000.0,0.6002897467,191866000.0,25086000.0,134937000.0,84650000.0,166780000.0,54224000.0,-639385000.0,138381635.4,171979635.4,4.024444416993789,1.5940578854105139,0.3777688595165376,2.889300805230009,-0.17963320626609686,4.024444416993789,-0.7945068962768078,6.467035956631461,-1.7357588103958657,5.5162893805309725,0.0,0.1577345824727058,0.0,0.11152575234799288,0.9231896042528057,-0.10387979110420814,-7.6197145201255445,0.6002897467052996,-0.15942028985507262,0.4744737243400608,-0.13948815188111163,-0.8982700370197777,0.04202157864849517,-0.24041573313417974,0.10394165460416435,0.6486792821607033,-0.43087872017537954,-0.7226880478830672,Medical Devices,Healthcare,SIEN
2021Q4,2021,Q4,2022-03-31,2021-12-31,-16068000.0,22648000.0,-17962000.0,-2.76,12327000.0,0.5442864712,192739000.0,40857000.0,140774000.0,80018000.0,159047000.0,52914000.0,-621344000.0,213484927.60000002,226383927.60000002,7.023689760475625,1.7592791621885076,0.33553665838257957,1.5828621778397827,-0.17254093287749445,7.023689760475625,-0.3932741023570012,9.426215453903215,-3.3215852564102564,5.225173840467974,0.0,0.19505234909475752,0.0,0.11750605741443092,1.0607238371366443,-0.08336662533270381,-7.615486305425749,0.544286471211586,-1.7056888658922915,0.3636698936148781,0.11588853780610371,-0.843802638260073,0.16402266288951842,-1.5655755015839492,-0.5360013682230204,0.6790057411426941,-0.4141436182250202,-0.6993918964940059,Medical Devices,Healthcare,SIEN
2021Q3,2021,Q3,2021-11-12,2021-09-30,28410000.0,19620000.0,-11694000.0,3.9110720508678902,10590000.0,0.5397553516819572,186658000.0,40762000.0,146776000.0,71677000.0,145896000.0,51529000.0,-605276000.0,332373119.4,329347119.4,7.027230734592312,2.0477419534857764,0.33805676692132136,1.5480349344978166,-0.11086356784634199,7.027230734592312,0.6969726706246013,16.94052596330275,2.9247898574445617,8.153994391835532,0.0,0.17524112635603253,0.0,0.10511202305821342,1.2916277187940344,0.15220349516227538,-20.56509834178938,0.5397553516819572,2.119822310484763,1.8951064790984913,-0.05699734258643178,-0.8595008342913828,-0.05992010652463382,2.411045991854574,-0.27705580430271926,1.6785380160813828,-0.42948861165214913,-0.7726497518054875,Medical Devices,Healthcare,SIEN
2021Q2,2021,Q2,2021-08-10,2021-06-30,-20134000.0,20103000.0,-9157000.0,-3.492582719819911,11265000.0,0.5603641247574989,190532000.0,-30876000.0,151538000.0,72085000.0,221408000.0,45306000.0,-633686000.0,458877124.79999995,445244124.79999995,-5.3559645211584535,2.1022126656031075,0.3610102240043667,-2.2277497085114653,-0.2320401388642526,-5.3559645211584535,0.6520922399274517,22.826300790926727,-5.697788874540578,-14.86193563933152,0.0,0.1950735001986492,0.0,0.10550983561816388,1.4390788652285496,-0.1056725379463817,-107.11417478991595,0.5603641247574989,0.6530972831588692,0.3806683913295176,0.00946945816603315,-1.0978937753100193,-0.08422079505731242,0.6318522581824831,0.0675152749490835,0.5203002865773996,-0.5081057761966233,-1.1288645667490789,Medical Devices,Healthcare,SIEN
2021Q1,2021,Q1,2021-05-11,2021-03-31,-54690000.0,23236000.0,-9820000.0,-10.067902470246118,12301000.0,0.5293940437252539,198413000.0,-12941000.0,159169000.0,69576000.0,211354000.0,50556000.0,-613552000.0,396001183.50000006,383554183.50000006,-2.382313334677193,2.2876997815338624,0.34234147964095096,-5.248821574839657,-0.17365470653769297,-2.382313334677193,4.226103083223862,17.042571161129285,-1.8102083721887001,-30.600508731937257,0.0,0.21629480180394017,0.0,0.11710926199392177,1.5207830286305624,-0.2756371810314848,-28.31006459107807,0.5293940437252539,-1.392276417919037,-0.5224232801156442,4.248937262220309,-1.0397700713780316,0.1106997742663657,-1.575222489052126,0.423438233912635,-0.016660583469803224,-0.42833969386722115,-1.4747060043139728,Medical Devices,Healthcare,SIEN
2020Q4,2020,Q4,2021-03-11,2020-12-31,-21237000.0,22644000.0,-17032000.0,-4.208502995236586,11075000.0,0.48909203320968025,168978000.0,-557000.0,129272000.0,70660000.0,169535000.0,48648000.0,-558862000.0,196297646.79999998,206500646.79999998,-0.11037982550079148,1.8294933484290972,0.3856715075335251,-117.00179533213644,-0.2576774833331363,-0.11037982550079148,38.12746858168761,8.668859159159158,-2.310797744502519,-352.4194736086176,0.0,0.2378103930274626,0.0,0.13400561019777724,1.1105292952165298,-0.12567908248411036,-23.84278474432163,0.48909203320968025,-2.643478969893874,0.7319458980635954,4.253237324504892,-1.0016708098292821,0.02300018474043968,-2.648342209242398,-0.22023212494626737,0.5372104543630226,-0.2045927149842066,-1.0078374031679171,Medical Devices,Healthcare,SIEN
2020Q3,2020,Q3,2020-11-09,2020-09-30,-5821000.0,19217000.0,-13958000.0,-1.155078162934798,10826000.0,0.5633553624395067,177804000.0,18084000.0,137700000.0,57247000.0,159720000.0,48467000.0,-537625000.0,171342524.0,172117524.0,3.588461204178363,2.4053662200639336,0.361397943803289,3.553306790533068,-0.16636868578512,3.588461204178363,-0.3218867507188675,8.916195243794556,-7.358809654698506,9.474813315638134,0.0,0.17312810778467824,0.0,0.10807968324672111,1.5218264712561358,-0.03273829610132505,-24.007639624492082,0.5633553624395067,0.8310178372890945,0.7340054838793825,-0.41593359348577197,-0.9627468725301123,0.5694404175123224,0.8301776701578318,-0.1335065778788371,0.8447560874352624,-0.24937262873038782,-0.8409460880476796,Medical Devices,Healthcare,SIEN
2020Q2,2020,Q2,2020-08-10,2020-06-30,-34277000.0,12448000.0,-12314000.0,-6.83550348986185,6898000.0,0.5541452442159382,185176000.0,22089000.0,144563000.0,50727000.0,163087000.0,45831000.0,-531804000.0,194063239.8,187127239.8,4.404977990066515,2.8498235653596704,0.34204756555925175,2.867445334782018,-0.14161836415493606,4.404977990066515,-1.5517678482502604,15.589913223007713,-1.4154042054438838,8.7855149531441,0.0,0.12109707403285985,0.0,0.0672225342376982,1.8970962209474245,-0.18510498120706786,-9.513370253443798,0.5541452442159382,-0.19251995116518225,-2.4113387551648358,-0.739077577402732,-0.9272700078516383,-0.319723865877712,-0.19799384873479658,0.544027253202992,0.35865239896372864,-0.4186202800887178,-0.8490700613294674,Medical Devices,Healthcare,SIEN
2020Q1,2020,Q1,2020-05-11,2020-03-31,-28612000.0,16932000.0,-27006000.0,-5.7319824990626325,10140000.0,0.5988660524450744,222846000.0,54867000.0,181869000.0,81171000.0,167979000.0,42118000.0,-497527000.0,99333655.89999999,68189655.89999999,10.9917760512024,2.2405662120708136,0.3631117453308563,1.4748027047223284,-0.19673779221819931,10.9917760512024,-0.5214792133705142,5.866622720292936,-0.8679370185586467,1.8104444547724496,0.0,0.16126121848140937,0.0,0.07598072211302873,1.693794581808774,-0.12839359916713786,-3.4982798344779007,0.5988660524450744,-0.40153353239313,-1.5277535679183918,-0.5928876596875837,-0.8233101244552322,-0.2878713392794438,-0.41314762680891,-0.4,0.057902820811686705,-0.14969629364306888,-0.7221497292759256,Medical Devices,Healthcare,SIEN
2019Q4,2019,Q4,2020-03-16,2019-12-31,-20247000.0,23210000.0,-19290000.0,-4.08979333464482,14239000.0,0.6134855665661353,204404000.0,81882000.0,157257000.0,70470000.0,122522000.0,39612000.0,-468915000.0,442585159.8,399733159.8,16.53975655963691,2.23154533844189,0.2189585331011135,0.5465914364573411,-0.15103095613324666,16.53975655963691,-0.24727046237268263,19.068727264110297,-5.4648239220625285,5.405158151974794,0.0,0.22647177622942544,0.0,0.11354963699340521,1.634113807293884,-0.09905383456292441,-30.69032381943,0.6134855665661353,0.09936136510782236,-0.212653761830678,-0.6331955062910827,-0.8360648104371349,0.12490124822246801,0.09744572727677975,0.1011183597390494,0.05784326608526678,0.34371735419653626,-0.6321781817622605,Medical Devices,Healthcare,SIEN
2019Q3,2019,Q3,2019-11-07,2019-09-30,-22433000.0,22412000.0,-21460000.0,-4.540992553727656,12658000.0,0.5647867213992503,219882000.0,96267000.0,179224000.0,64080000.0,123615000.0,30374000.0,-448668000.0,320119063.2,244673063.2,19.48681699128501,2.7968789013732835,0.2067881863908824,0.4723217717390175,-0.14620022481861225,19.48681699128501,-0.23302897150633134,14.283377797608424,-3.5675017073062008,3.32532501480258,0.0,0.3211299137420162,0.0,0.10192739742225375,2.2738139825218475,-0.10202290319353108,-12.31369247220833,0.5647867213992503,0.5864689909178898,-3.4259919629359485,-0.39826388833101156,1.2139344429209704,-0.004247954688483323,0.40423328198863334,0.4194351260686073,0.17010038520247564,0.2648215806669153,-0.6103896921849276,Medical Devices,Healthcare,SIEN
2019Q2,2019,Q2,2019-08-09,2019-06-30,-37654000.0,20525000.0,-36964000.0,-10.981020658661182,12712000.0,0.6193422655298416,245945000.0,115173000.0,203856000.0,87623000.0,130772000.0,29864000.0,-426235000.0,211226831.20000002,104220831.20000002,33.58785794254722,2.326512445362519,0.15890544633962878,0.3393330033948929,-0.23219613927748078,33.58785794254722,-0.32693426410703896,10.291197622411694,-1.4024196048228608,1.8339960858881856,0.0,0.26161934101259043,0.0,0.08345361767874931,1.9398445613594604,-0.1530992701620281,-8.306206496264256,0.6193422655298416,-0.20654325213817165,-61.80609041480521,-0.5325843643728475,0.346400969648241,0.14749954865499187,-0.42176408397523035,-0.42988665815635757,-0.9472390422886438,0.7327282095584192,-0.38609708753982086,Medical Devices,Healthcare,SIEN
2019Q1,2019,Q1,2019-05-08,2019-03-31,-26484000.0,17552000.0,-25851000.0,-9.101224211565729,11078000.0,0.6311531449407475,171625000.0,42230000.0,117375000.0,77431000.0,129395000.0,27242000.0,-388581000.0,241815847.79999998,217274847.79999998,14.512336688960383,1.5158657385284964,0.2179985433357611,0.8859578498697608,-0.3063168746223028,14.512336688960383,-0.6271371063225195,13.77711074521422,-2.2826597927050294,5.726162628463177,0.0,0.23764774979810588,0.0,0.1022694828841952,1.1199907013986645,-0.15431318281136197,-9.574590109280962,0.6311531449407475,-0.05763652345281534,-7.312106861646697,-0.4603264278760302,0.0,-0.02430861370442135,-0.07523040071454672,-0.06011892556899733,-0.376246703899023,6.401535798605317,-0.7577326804241787,Medical Devices,Healthcare,SIEN
2018Q4,2018,Q4,2019-03-14,2018-12-31,-24631000.0,19022000.0,-24385000.0,-8.605247653374713,11354000.0,0.5968878141099779,168359000.0,66878000.0,136123000.0,64141000.0,101481000.0,24085000.0,-362097000.0,363801253.3,311651253.3,23.36493819879867,2.12224630111785,0.20639823234873098,0.519587906336912,-0.23990711713080903,23.36493819879867,-0.368297496934717,19.125289312375145,-3.692514040233852,5.439774713657704,0.0,0.31837243097363505,0.0,0.11298475281986707,1.7060226688077829,-0.14630046507760203,-23.91384035364491,0.5968878141099779,-0.19216816172700465,-1.56092747749384,-0.3425317267015524,1.1687949995212954,0.08370716808246635,-0.1988805062058895,-0.24654943257335651,0.45190203913184585,6.7799517595034215,-0.6463269603298837,Medical Devices,Healthcare,SIEN
2018Q3,2018,Q3,2018-11-06,2018-09-30,-20545000.0,16875000.0,-19562000.0,-7.218149192064428,10477000.0,0.6208592592592592,181080000.0,87977000.0,148355000.0,53535000.0,93103000.0,22909000.0,-337466000.0,683965409.4,615674409.4,30.909272324963865,2.7711777341925843,0.19172189087696045,0.39461450151744204,-0.15943729929743916,30.909272324963865,-0.23352694454232356,40.531283519999995,-8.322772078364567,7.774366134330564,0.0,0.2792788860273255,0.0,0.09319085487077534,2.2782105164845428,-0.1134581400485973,-65.0466390299572,0.6208592592592592,0.008600861614362229,-0.020152272521349823,-0.3201938343391814,0.0,-0.038277951165779325,-0.1396161526514311,-0.15765179311161084,-0.6622146467309016,-0.09191543351169551,-0.6791195455638204,Medical Devices,Healthcare,SIEN
2018Q2,2018,Q2,2018-08-07,2018-06-30,-18028000.0,17554000.0,-16898000.0,-7.280770088037627,10894000.0,0.6205992936082944,191060000.0,102914000.0,157952000.0,51544000.0,88146000.0,22487000.0,-316921000.0,483089451.2,405165451.2,41.562740296077074,3.0644109886698745,0.1815921699989532,0.3371261441592009,-0.12279720076448489,41.562740296077074,-0.17517538915988107,27.520192047396606,-6.699154803638784,4.694108199078842,0.0,0.2961711210921866,0.0,0.09187689730974563,2.5017266801179576,-0.09435779336334135,-26.25343466115972,0.6205992936082944,0.26478515256238117,-40.64245048285376,-0.4464023332736764,0.6660816516372441,0.269844970276256,0.07182206662204603,0.10720135256511862,-2.6335540150033045,-0.2548392963930861,-0.31376325098222835,Medical Devices,Healthcare,SIEN
2018Q1,2018,Q1,2018-05-09,2018-03-31,-19423000.0,14676000.0,-18927000.0,-9.902914928082138,8579000.0,0.5845598255655492,88717000.0,9843000.0,52334000.0,43109000.0,78874000.0,21829000.0,-298893000.0,189465637.2,201397637.2,5.018502637479848,1.2139924377740148,0.3155088652682124,2.8437468251549323,-0.5002643125231273,5.018502637479848,-1.9732805039114092,12.909896238757154,-2.438676275549606,19.2487693995733,0.0,0.2793073434422099,0.0,0.16542489038177577,0.6525551508965646,-0.21893210996764995,-14.669064509135955,0.5845598255655492,-0.08897734918143063,-8.044285357951306,-0.3305122244030062,0.0,0.6122909227588799,-0.08897734918143081,-0.0871338311315336,-3.3670970235092548,-0.10194336682784483,-0.9193289053282336,Medical Devices,Healthcare,SIEN
2017Q4,2017,Q4,2018-03-13,2017-12-31,-17836000.0,11065000.0,-17410000.0,-9.093774939879166,5321000.0,0.4808856755535472,92213000.0,27623000.0,55565000.0,50347000.0,64590000.0,20896000.0,-279470000.0,275764685.2,273815685.2,14.083724307132565,1.103640733310823,0.2671965991779901,0.8919740795713716,-0.3315121915027793,14.083724307132565,-0.645693805886399,24.922249001355624,-3.8652820867907605,9.983154805777794,0.0,0.27488514548238896,0.0,0.11999392710355374,0.6593441515879794,-0.19342175181373558,-25.287912443833104,0.4808856755535472,-0.22221473415666398,-1.7063129228102012,-0.441870017459364,1.1017448545103674,-0.1600631412786109,-0.24024754884917598,-0.2565860700108264,-1.6963707023236687,-0.5586156547371964,-0.8604079808722654,Medical Devices,Healthcare,SIEN
2017Q3,2017,Q3,2017-11-07,2017-09-30,-14381000.0,9819000.0,-13855000.0,-7.440406898836749,6335000.0,0.6451777166717588,106644000.0,43607000.0,69537000.0,24231000.0,63037000.0,23069000.0,-261634000.0,297654896.0,284760896.0,22.56128856015861,2.8697536213940817,0.2320524361426803,0.5675006306326966,-0.202920559918406,22.56128856015861,-0.3297865021670833,30.314176189021286,-5.174447117724776,6.825851262411998,0.0,0.15102518531362435,0.0,0.09207269044671992,1.7495769881556684,-0.13485053073778178,-15.255747834554866,0.6451777166717588,0.3018966618130379,-0.05156470288529907,-0.4174990530439081,0.0,0.14185291997116078,0.29473787455249867,0.3144482929242949,-6.251979582503632,-0.3261907891985474,1.2476872801676842,Medical Devices,Healthcare,SIEN
2017Q2,2017,Q2,2017-08-09,2017-06-30,-20391000.0,8169000.0,-20210000.0,-10.658030827012178,5548000.0,0.6791528950911985,93625000.0,55838000.0,78401000.0,33472000.0,37787000.0,16401000.0,-247254000.0,185963526.0,135468526.0,29.18558126285474,2.342286089866157,0.0534045393858478,0.08954475446828325,-0.3326668121621098,29.18558126285474,-0.36518141767255274,22.764539845758353,-2.279970648815654,3.3304116551452414,0.0,0.15980732882141332,0.0,0.08725233644859813,1.7506871414913958,-0.2177943925233645,-22.615046333454945,0.6791528950911985,-0.7517320931922664,-59.95874691290268,-0.6665767881359965,0.16993155619721212,0.07373717824656474,-0.7852390124321484,-0.7700122613417411,-59.95874691290268,-0.6665767881359965,0.16993155619721212,Medical Devices,Healthcare,SIEN
2017Q1,2017,Q1,2017-05-09,2017-03-31,-11422000.0,7489000.0,-11418000.0,-6.084281305590246,5167000.0,0.6899452530377888,96053000.0,74266000.0,81119000.0,17940000.0,21787000.0,17199000.0,-226864000.0,158068407.4,99311407.4,39.56006961072222,4.521683389074694,0.0,0.0,-0.15408189568246414,39.56006961072222,-0.15379850806560202,21.106744211510215,-3.459735759936964,2.1284087927180675,0.0,0.13500784929356358,0.0,0.07796737217994232,3.431661092530658,-0.11891351649610112,-17.292244546548517,0.6899452530377888,-0.4016222866935585,-4.556744704579326,-0.6430732305125869,0.0,0.3157626687038452,-0.41501486620416256,-0.4073708862319734,-4.556744704579326,-0.6430732305125869,0.0,Medical Devices,Healthcare,SIEN
2016Q4,2016,Q4,2017-03-14,2016-12-31,-8072000.0,6488000.0,-8113000.0,-4.340885103891384,3927000.0,0.6052712700369913,114283000.0,83617000.0,100005000.0,27521000.0,30666000.0,18484000.0,-215442000.0,158431870.8,91219870.80000001,44.96676308893274,3.633770575197122,0.0,0.0,-0.09718223695637951,44.96676308893274,-0.09653539352045637,24.41921559802713,-4.906834452428146,1.8947327792195368,0.0,0.13855226141527807,0.0,0.05677134831952259,2.8948439373569275,-0.07063167750234069,-22.211113248282633,0.6052712700369913,0.2066714629048887,-0.29184995237035877,-0.6548203779530163,1.3248527639786718,-0.16747933008267968,0.1898022683930543,0.16994065889093513,-0.29184995237035877,-0.6548203779530163,1.3248527639786718,Medical Devices,Healthcare,SIEN
2016Q3,2016,Q3,2016-11-09,2016-09-30,-9963000.0,6531000.0,-9774000.0,-5.471736992830449,4717000.0,0.722247741540346,121019000.0,91070000.0,111853000.0,27808000.0,29949000.0,19048000.0,-207370000.0,163690908.9,84408908.9,50.016174111426174,4.022331703107019,0.0,0.0,-0.10784360819020532,50.016174111426174,-0.10939936312726474,25.063682269177768,-4.107470362842517,1.7974185670363456,0.0,0.09523309533809324,0.0,0.05396673249655013,3.2859608745684694,-0.08232591576529305,-20.326699230100584,0.722247741540346,0.029709596166189664,0.2266706640368486,-0.5887210324069206,0.0,0.0484552122693932,0.022564505052487,0.042421867345939064,0.2266706640368486,-0.5887210324069206,0.0,Medical Devices,Healthcare,SIEN
2016Q2,2016,Q2,2016-08-09,2016-06-30,-10193000.0,6244000.0,-10207000.0,-5.639277654618172,4499000.0,0.7205317104420244,118709000.0,98892000.0,109426000.0,17786000.0,19817000.0,18906000.0,-197406000.0,118933565.8,32774565.799999997,54.71200292558621,6.15236703024851,0.0,0.0,-0.1032136067629333,54.71200292558621,-0.1030720381830684,19.047656278026906,-2.9170402678308642,1.2026611434696435,0.0,0.09229874114037871,0.0,0.05259921320203186,4.979309569324188,-0.08586543564514906,-16.144097434505227,0.7205317104420244,0.14725367919395313,-31.253919036559317,-0.7302429584462805,1.1931822480734289,5.327707454289733,0.14610036022451203,0.1450707764469386,-31.253919036559317,-0.7302429584462805,1.1931822480734289,Medical Devices,Healthcare,SIEN
2016Q1,2016,Q1,2016-05-06,2016-03-31,-11937000.0,1471000.0,-11939000.0,-6.613077672721849,711000.0,0.4833446634942216,127444000.0,108127000.0,118146000.0,17343000.0,19317000.0,20160000.0,-187213000.0,123466104.00000001,29973104.000000015,59.90216391698891,6.812316208268466,0.0,0.0,-0.11041645472453689,59.90216391698891,-0.11039795795684704,83.93344935418084,-2.5857858758482033,1.1418619216291954,0.0,0.037698412698412696,0.0,0.011542324471924924,5.547252493801534,-0.09366466840337717,-9.495201415058064,0.4833446634942216,0.5787902591279528,-5.039692475264643,-0.9270862714430617,0.0,-0.2818181818181818,0.5774513274336284,0.5766312056737589,-5.039692475264643,-0.9270862714430617,0.0,Medical Devices,Healthcare,SIEN
2015Q4,2015,Q4,2016-03-10,2015-12-31,-28250000.0,1537000.0,-28200000.0,-15.7002011848789,990000.0,0.6441119063109955,140805000.0,118871000.0,139125000.0,20516000.0,21934000.0,20602000.0,-175276000.0,106520928.0,-6280072.0,66.06366778930052,6.781292649639306,0.0,0.0,-0.2372319573318976,66.06366778930052,-0.23765258136972012,69.30444242029928,-0.9426630796460178,0.8961052569592247,0.0,0.026550820308707892,0.0,0.01091580554667803,5.705303178007409,-0.2006320798267107,-10.20217680298822,0.6441119063109955,-2.6154848363640864,-3.672390084132926,-0.9154919858602809,1.4772628405001877,-0.8584905660377359,-3.27771047849788,-4.063745735320524,-3.672390084132926,-0.9154919858602809,1.4772628405001877,Medical Devices,Healthcare,SIEN
2015Q3,2015,Q3,2015-11-16,2015-09-30,-6604000.0,9929000.0,-5569000.0,-4.3424884615662815,6996000.0,0.7046026790210494,190628000.0,146492000.0,174852000.0,42653000.0,44136000.0,20670000.0,-147026000.0,154359880.5,30558880.5,96.3264415069303,4.099406841253839,0.13186940008812975,0.17159981432433172,-0.03244770727728253,96.3264415069303,-0.045080960052426074,15.546367257528452,-5.843423701544518,1.0537086018349124,0.0,0.14189646831156266,0.0,0.052085737667079336,3.5773802546128057,-0.03464338921879262,-86.71903398876404,0.7046026790210494,-1.16717039025414,0.38626923151730364,-0.25138451775507187,0.0,-0.3187262635115396,-1.2072192513368984,-1.624410933081998,0.38626923151730364,-0.25138451775507187,0.0,Medical Devices,Healthcare,SIEN
2015Q2,2015,Q2,2015-08-13,2015-06-30,-2992000.0,14206000.0,-2122000.0,-2.003759594120814,10269000.0,0.722863578769534,134413000.0,90437000.0,118836000.0,25397000.0,43976000.0,19814000.0,-140422000.0,376732593.90000004,312759593.90000004,60.56618267029111,4.679135330944599,0.19109758728694398,0.28402092064088813,-0.018273726996374536,60.56618267029111,-0.0330838041951856,26.519259038434466,-31.47832502506685,4.165690966086889,0.0,0.198697890380539,0.0,0.10568918184996987,3.803401976611411,-0.022259751660925656,-94.63265357950264,0.722863578769534,0.11636001966992585,-10.460528813087121,-0.2570761393526776,1.4278525654913552,0.1165597477438295,0.11583924349881797,0.19438116932422173,-10.460528813087121,-0.2570761393526776,1.4278525654913552,Medical Devices,Healthcare,SIEN
2015Q1,2015,Q1,2015-05-14,2015-03-31,-3384000.0,12434000.0,-2634000.0,-2.2676198890099237,9197000.0,0.739665433488821,136104000.0,92836000.0,120693000.0,22610000.0,43268000.0,19568000.0,-137430000.0,286375056.6,218344056.60000002,62.20942777458363,5.338036267138435,0.1877608299535649,0.2752703692533069,-0.022248312794046845,62.20942777458363,-0.03645137662113835,23.03161143638411,-21.15654968971631,3.084741442974708,0.0,0.16542313982011447,0.0,0.09135660965144302,4.388898717381689,-0.024863339798977254,-92.08201176848875,0.739665433488821,0.32763410537793425,-1.0710062792888486,-0.25451497058465056,0.0,0.03302257665955296,-0.058492336565530184,-0.07598039215686274,-1.0710062792888486,-0.25451497058465056,0.0,Medical Devices,Healthcare,SIEN
2014Q4,2014,Q4,2015-03-18,2014-12-31,-3197000.0,12116000.0,-2448000.0,-3.372598026085996,8903000.0,0.7348134697920106,139078000.0,95639000.0,123883000.0,20732000.0,43439000.0,20174000.0,-134046000.0,159158118.6,87857118.6,100.8920452267774,5.9754485819023735,0.18283265505687457,0.26587480002927677,-0.020220208644799988,100.8920452267774,-0.03342778573594454,13.136193347639484,-12.445896043165467,1.6641549848911008,0.0,0.159264399722415,0.0,0.08711658206186457,4.916409415396489,-0.02298710076360028,-130.9943362962963,0.7348134697920106,-2.2871855874398204,-0.0036872602413179456,0.26449881725714847,1.7288730053919856,0.13587649910691502,-1.2017906336088153,-2.250996015936255,-0.0036872602413179456,0.26449881725714847,1.7288730053919856,Medical Devices,Healthcare,SIEN
2014Q3,2014,Q3,2014-09-30,2014-09-30,-1452000.0,10670000.0,-753000.0,-1.0259834549568885,7838000.0,0.7345829428303655,62275000.0,-128910000.0,47162000.0,15927000.0,191185000.0,19247000.0,-130849000.0,237050690.0,242538690.0,-91.08779645399893,2.9611351792553524,0.38244881573665196,-0.1847568070747033,0.007165082355627872,-91.08779645399893,0.011263672329532232,22.216559512652296,-40.81451274104683,-1.8388851912186797,0.0,0.14713981399698656,0.0,0.17133681252509034,1.5152257173353425,-0.023315937374548373,-286.2931038647343,0.7345829428303655,-4.868127760377749,0.8549961853971102,-0.13551056052907834,0.0,-0.11314777098891152,-8.075,0.3745847176079734,0.8549961853971102,-0.13551056052907834,0.0,Medical Devices,Healthcare,SIEN
2014Q2,2014,Q2,2014-06-30,2014-06-30,-160000.0,11719000.0,-1204000.0,-0.17483999954541599,8838000.0,0.7541599112552265,63397000.0,22829000.0,48375000.0,14602000.0,40568000.0,19508000.0,-129397000.0,153282935.0,156822935.0,24.946400589211056,3.3129023421449117,0.3971323564206508,1.1028516360769196,-0.025080198308544764,24.946400589211056,-0.007008629374917867,13.07986474955201,-239.5045859375,6.714395505716413,0.0,0.14768300184539676,0.0,0.18485101818698046,1.8318038624845911,-0.002523778727700049,66.47135082393756,0.7541599112552265,0.8403193612774451,0.0,0.0,0.0,0.15469035798275413,0.8403193612774451,0.12753623188405797,0.0,0.0,0.0,Medical Devices,Healthcare,SIEN
2014Q1,2014,Q1,2014-03-31,2014-03-31,-1002000.0,10228000.0,-1380000.0,-1.0949354971531677,7654000.0,0.748337895971842,,,,,,,,153282935.0,,,0.0,0.0,0.0,0.0,,0.0,14.986599041845913,-38.24424525948104,0.0,0.0,0.0,0.0,0.0,0.0,0.0,-608.265615079365,0.748337895971842,0.6741463414634147,0.0,0.0,0.0,0.09186875891583453,0.6741463414634147,0.5076703531930075,0.0,0.0,0.0,Medical Devices,Healthcare,SIEN
2013Q4,2013,Q4,2013-12-31,2013-12-31,-3075000.0,9250000.0,-2803000.0,-3.3602062412634637,7010000.0,0.7578378378378379,53166000.0,-126673000.0,38250000.0,13741000.0,179839000.0,21533000.0,-128235000.0,153282935.0,158652935.0,-138.4219808943507,2.783640200858744,0.28386562840913365,-0.1191414113504851,0.02512076428782678,-138.4219808943507,0.024275102034371967,16.57112810810811,-12.462027235772357,-1.2100679308139857,0.0,0.10402637811730832,0.0,0.17398337283226123,1.15224510588749,-0.05783771583342738,-20.3562994687915,0.7578378378378379,0.5250965250965252,0.0,0.0,0.0,0.1658074172625977,0.525096525096525,0.5500080269706212,0.0,0.0,0.0,Medical Devices,Healthcare,SIEN
2013Q3,2013,Q3,2013-09-30,2013-09-30,-6475000.0,7981000.0,-6229000.0,-7.075556231603554,6013000.0,0.7534143591028694,,,,,,,,153282935.0,,,0.0,0.0,0.0,0.0,,0.0,19.205981080065154,-5.918260038610039,0.0,0.0,0.0,0.0,0.0,0.0,0.0,-22.671636592220086,0.7534143591028694,0.0,0.0,0.0,0.0,0.0,0.0,0.0,0.0,0.0,0.0,Medical Devices,Healthcare,SIEN
