Quarters,Year,Quarter,FillingDate,Date,NetIncome,Revenue,OperatingIncome,EPSDiluted,GrossProfit,GrossProfitRatio,TotalAssets,CommonStockEquity,CurrentAssets,CurrentLiability,TotalLiability,Inventory,RetainedEarnings,MarketCap,EnterpriseValue,bookValuePerShare,currentRatio,debtToAssets,debtToEquity,roic,shareholdersEquityPerShare,roe,priceToSalesRatio,peRatio,pbRatio,payoutRatio,inventoryTurnover,dividendYield,assetTurnover,quickRatio,returnOnAssets,priceToFreeCashFlowsRatio,grossProfitMargin,epsdilutedGrowth,fiveYNetIncomeGrowthPerShare,fiveYRevenueGrowthPerShare,fiveYShareholdersEquityGrowthPerShare,grossProfitGrowth,netIncomeGrowth,operatingIncomeGrowth,threeYNetIncomeGrowthPerShare,threeYRevenueGrowthPerShare,threeYShareholdersEquityGrowthPerShare,Industry,Sector,Symbol
2023Q4,2023,Q4,2023-06-21,2023-04-30,-309000.0,39799000.0,-677000.0,-0.0049,8391000.0,0.2108344431,451054000.0,189470000.0,112451000.0,73709000.0,261584000.0,43908000.0,-430817000.0,1111545120.0,1262236120.0,3.027305990061834,1.5256074563486142,0.41953513326564,0.9987491423444345,0.0010927555696042144,3.027305990061834,-0.0016308650445980893,27.928971079675367,-899.3083495145632,5.866602206154009,0.0,0.7153138380249613,0.0,0.08823555494464078,0.9015045652498338,-0.0006850620989947989,-50.34627774254914,0.2108344430764592,-1.49,-1.0872341780559343,3.8872002200038223,1.8981723636915433,-0.14595419847328245,-1.6702819956616053,-1.2490802060338484,0.9415145057677028,1.8618994143419292,3.081255893896136,Biotechnology,Healthcare,CDMO
2023Q3,2023,Q3,2023-03-13,2023-01-31,461000.0,38018000.0,2718000.0,0.01,9825000.0,0.2584302173,450430000.0,185395000.0,132343000.0,87319000.0,265035000.0,45102000.0,-430508000.0,987602040.0,1108426040.0,2.9716451881772135,1.5156266104742382,0.40126101725018315,0.974891447989428,0.0012182943020255374,2.9716451881772135,0.002486582701798862,25.977222368351832,535.5759436008677,5.327015507430082,0.0,0.6250942308545075,0.0,0.08440379193215372,0.9749310001259749,0.0010234664653775282,-54.132977417233064,0.2584302172655058,1.5376344086021507,1.0303693555733007,3.04160446509322,3.2639373976980797,1.3691825415963348,1.3987889273356402,2.0126676602086437,1.1980906743058466,1.5301045289869053,2.5603185180752694,Biotechnology,Healthcare,CDMO
2023Q2,2023,Q2,2022-12-06,2022-10-31,-1156000.0,34757000.0,-2684000.0,-0.0186,4147000.0,0.119314095,441850000.0,181195000.0,145941000.0,82377000.0,260655000.0,39061000.0,-430969000.0,1053735760.0000001,1157832760.0,2.912915568130667,1.7716231472376998,0.41052167025008485,1.001070669720467,-0.0023696231756109333,2.912915568130667,-0.006379866994122354,30.317224156285068,-227.88403114186852,5.815479235078231,0.0,0.7836460920099332,0.0,0.07866244200520539,1.267344040205397,-0.0026162724906642525,-27.55224892142764,0.11931409500244555,-1.9299999999999997,0.9336112101386181,0.9714119049423453,2.0616961286992024,-0.5451354612262805,-1.7391304347826086,-3.2460251046025106,-1.4311779845160637,0.7163670332779591,2.3315761112161355,Biotechnology,Healthcare,CDMO
2023Q1,2023,Q1,2022-09-06,2022-07-31,1564000.0,36692000.0,1195000.0,0.02,9117000.0,0.2484737818,451219000.0,178999000.0,180635000.0,93343000.0,272220000.0,30354000.0,-429813000.0,1177433100.0,1244325100.0,2.8915111864954364,1.9351745712051251,0.4034160795533876,1.0169274688685412,0.0020446127684053384,2.8915111864954364,0.0087374789803295,32.08964079363349,188.20861572890024,6.577875295392712,0.0,0.9084469921591882,0.0,0.08131749771175416,1.587264176210321,0.0034661660967290828,-98.46404917210236,0.24847378175079035,-0.9878787878787879,1.9387441006414259,-0.01990458201693078,1.3115221482929715,0.30541237113402064,-0.9864703541583765,5.298561151079137,1.448493108246384,1.18244417045633,2.2688090494301822,Biotechnology,Healthcare,CDMO
2022Q4,2022,Q4,2022-06-29,2022-04-30,115598000.0,31226000.0,-278000.0,1.65,6984000.0,0.2236597707,429843000.0,174526000.0,180023000.0,75761000.0,255317000.0,26062000.0,-431377000.0,831303060.0,887662060.0,2.825828597334888,2.3761961959319438,0.42463178416305486,1.0458327126044258,-0.13686679872577023,2.825828597334888,0.6623540332099516,26.62214372638186,1.7978318396512052,4.763204680104971,0.0,0.9301665259765175,0.0,0.07264512857019889,2.0073916658967015,0.2689307491339861,-34.70414377556984,0.22365977070390058,84.9375,15.961421445226012,0.19004730225087604,1.2224866096241196,-0.23142951469131726,93.2118989405053,-1.0850412970327317,311.39530359639036,0.6624863379331901,1.9862135931951945,Biotechnology,Healthcare,CDMO
2022Q3,2022,Q3,2022-03-08,2022-01-31,1227000.0,31508000.0,3269000.0,0.0192,9087000.0,0.2884029453,314095000.0,56575000.0,203490000.0,77302000.0,257520000.0,21054000.0,-546975000.0,1162976970.0,1195861970.0,0.9179633625935,2.6324027838865747,0.5821232429678919,3.231851524524967,0.006306082057884465,0.9179633625935,0.021688024745912506,36.910529706741144,236.95537286063572,20.556375961113567,0.0,1.064928279661822,0.0,0.10031359938871998,2.345476184316059,0.003906461420907687,-78.42585272101962,0.28840294528373744,-0.6024844720496895,1.095417748027958,0.7724040101272567,-0.14524484071048274,-0.01077726975832789,-0.651618398637138,-0.17678166708637622,1.9800387016619019,1.0799959614042913,-0.030055318578124796,Biotechnology,Healthcare,CDMO
2022Q2,2022,Q2,2021-12-07,2021-10-31,3522000.0,26109000.0,3971000.0,0.0483,9186000.0,0.3518327014,301627000.0,51105000.0,206919000.0,69528000.0,250522000.0,20310000.0,-549223000.0,1991041880.0,2009738880.0,0.8321392516364347,2.9760528132550914,0.6046275698130472,3.5685745034732412,0.012517963573055835,0.8321392516364347,0.06891693572057529,76.25883335248382,141.32892390687113,38.959825457391645,0.0,0.833234859675037,0.0,0.08656055326612007,2.66413531239213,0.011676673507345164,668.5835728676965,0.35183270136734457,-0.517,1.494498445269018,-0.36378331999414903,-0.31001342825961775,-0.19357387411114038,-0.44130710659898476,-0.4270668013273698,3.213649278500019,1.3394548428358517,-0.14946246340148975,Biotechnology,Healthcare,CDMO
2022Q1,2022,Q1,2021-09-08,2021-07-31,6304000.0,30754000.0,6931000.0,0.1,11391000.0,0.37039084346751644,270531000.0,44636000.0,200780000.0,63248000.0,225895000.0,15242000.0,-552745000.0,1568164050.0,1572749050.0,0.7300979766753357,3.1744877308373387,0.6072390964436608,3.680370104848105,0.02957188814649839,0.7300979766753357,0.14123129312662425,50.99057195811927,62.189246906725884,35.132271036831256,0.0,1.2703713423435246,0.0,0.11368013277591107,2.909214520617253,0.02330232025165323,-140.75613050893097,0.37039084346751644,2.1713711702661977,1.319193618868243,2.069668486612053,-0.3895130434485455,0.3988701952597323,2.1662481165243594,1.2444948186528497,3.932486167943579,1.228474854381034,-0.2824579175666134,Biotechnology,Healthcare,CDMO
2021Q4,2021,Q4,2021-06-29,2021-04-30,1991000.0,27606000.0,3088000.0,0.031532102245731844,8143000.0,0.2949721075128595,265510000.0,77736000.0,207804000.0,70936000.0,187774000.0,11871000.0,-559859000.0,1304142435.0,1252420435.0,1.2758875375449308,2.929457539190256,0.4451546081126888,1.520440979726253,0.014219078798929885,1.2758875375449308,0.025612328908099207,47.24126765920452,163.7547005273732,16.776557000617476,0.6082370668006027,1.6395417403757055,0.0009285795535055954,0.10397348499114911,2.7471100710499607,0.007498775940642537,95.10263509078976,0.2949721075128595,2.153210224573184,1.0941192054719688,-0.17432685278118817,-0.12787338511714272,0.3129635601418897,-0.0978704123244223,0.4139194139194139,-0.4226039685533996,2.4822968972667687,0.22146291542060037,Biotechnology,Healthcare,CDMO
2021Q3,2021,Q3,2021-03-08,2021-01-31,2207000.0,21806000.0,2184000.0,0.01,6202000.0,0.28441713289920206,168178000.0,85370000.0,116311000.0,62575000.0,82808000.0,11946000.0,-561850000.0,974804399.9999999,925477399.9999999,1.4502675613692346,1.8587455053935278,0.12823912759100478,0.25262972941314277,0.0169955799041275,1.4502675613692346,0.025852172894459412,44.70349445106851,110.42188491164477,11.418582640271758,0.4902582691436339,1.3062112841118365,0.0011099662660529642,0.12966024093519962,1.6548461845785059,0.013123000630284579,397.5548123980424,0.28441713289920206,0.0,1.0722926274352969,0.7936283832826759,-0.21394394738271189,-0.03365534434403241,-0.03371278458844133,-0.03019538188277087,1.1540922864462342,1.4568829428996508,1.0809516951059037,Biotechnology,Healthcare,CDMO
2021Q2,2021,Q2,2020-12-02,2020-10-31,2284000.0,21064000.0,2252000.0,0.01,6418000.0,0.30469046714774023,113595000.0,49386000.0,63126000.0,43659000.0,64209000.0,9723000.0,-564057000.0,410785000.0,396997000.0,0.8716201906106601,1.4458874458874458,0.0116730489898323,0.02684971449398615,0.031024411748498373,0.8716201906106601,0.046247924513019886,19.50175655146221,44.96333187390543,8.317843113432957,0.473292469352014,1.5063252082690528,0.0026315469162700683,0.1854306967736256,1.2042190613619186,0.02010651877283331,51.89955780164245,0.30469046714774023,-0.8333333333333333,1.088985753069262,0.13736423197313105,-0.6331680802446259,-0.24882958801498128,-0.5171247357293869,-0.5227802500529773,1.1440040678796028,0.3116491421736014,-0.08386079140588061,Biotechnology,Healthcare,CDMO
2021Q1,2021,Q1,2020-09-01,2020-07-31,4730000.0,25392000.0,4719000.0,0.06,8544000.0,0.33648393194706994,105561000.0,46539000.0,57018000.0,38111000.0,59022000.0,9610000.0,-566341000.0,419400660.0,413368660.0,0.8233639403428693,1.4961034871821783,0.012012012012012012,0.027245965749156623,0.06742777126853942,0.8233639403428693,0.10163518769204323,16.51703922495274,22.167053911205073,9.011810739379875,0.22854122621564482,1.7531737773152967,0.0025774875986127443,0.24054338249921847,1.229015244942405,0.04480821515521831,-151.84672700941346,0.33648393194706994,1.710763422818792,1.1718912319958115,0.3093844319686608,-0.5814103618741338,7.577367205542725,1.992030201342282,1.9776258545680547,4.109368083921039,-0.25716149538426014,-0.3417891678589502,Biotechnology,Healthcare,CDMO
2020Q4,2020,Q4,2020-06-30,2020-04-30,-4768000.0,12550000.0,-4827000.0,-0.08441627421125314,-1299000.0,-0.10350597609561753,107620000.0,41896000.0,59763000.0,44480000.0,65724000.0,10883000.0,-571071000.0,344540200.0,335129200.0,0.7417584363159945,1.3435926258992805,0.05209998141609366,0.1338313920183311,-0.06898177920685959,0.7417584363159945,-0.11380561390108841,27.453402390438246,-18.065236996644295,8.223701546687034,-0.22671979865771813,1.2725351465588532,0.0031375148676409895,0.11661401226537818,1.0829136690647483,-0.044304032707675155,152.45141592920353,-0.10350597609561753,-1.2630301951575675,0.8039109913967144,-0.3271099043202144,-0.6458234705125341,-2.654777070063694,-1.2661596958174905,-1.1831750339213025,0.3252187042386475,-0.477007034578764,-0.41661422994911596,Biotechnology,Healthcare,CDMO
2020Q3,2020,Q3,2020-03-10,2020-01-31,-2104000.0,13585000.0,-2211000.0,-0.03730231898446919,785000.0,0.05778432094221568,105216000.0,47078000.0,57277000.0,36554000.0,58138000.0,9565000.0,-566303000.0,372830440.0,364899440.0,0.8346571165165592,1.5669147015374514,0.011138990267639903,0.024894855346446323,-0.03113821367208405,0.8346571165165592,-0.044691788096350736,27.444272359219728,-44.30019486692015,7.91941968647776,-0.5142585551330798,1.338212232096184,0.002902123549783113,0.12911534367396593,1.2843738031405592,-0.019996958637469586,-139.32378176382662,0.05778432094221568,-3.879924069379873,0.9251477669558137,0.10622287946402219,-0.5629381722493141,-0.7663690476190477,-3.8930232558139535,-3.179584120982987,0.8212197065504881,-0.16499160755529083,-0.22281486859713978,Biotechnology,Healthcare,CDMO
2020Q2,2020,Q2,2019-12-09,2019-10-31,-430000.0,18313000.0,-529000.0,-0.007644036762483778,3360000.0,0.18347621907934256,105250000.0,49184000.0,56227000.0,33672000.0,56066000.0,7809000.0,-564199000.0,300953550.0,290628550.0,0.8743355909907027,1.6698443810881445,0.011790973871733966,0.02523178269355888,-0.007142857142857143,0.8743355909907027,-0.008742680546519194,16.4338748430077,-174.97299418604652,6.118931969746259,-2.513953488372093,1.9148418491484185,0.003591916426970209,0.17399524940617578,1.4104300308861963,-0.004085510688836104,60.958790763621636,0.18347621907934256,0.8643038518209778,0.9837587150907507,0.32848374735005303,-0.6175684358651659,2.0939226519337018,0.8640960809102401,0.843166320782686,0.9340878117006672,-0.5128126487003849,-0.27502540495247346,Biotechnology,Healthcare,CDMO
2020Q1,2020,Q1,2019-09-05,2019-07-31,-3164000.0,15254000.0,-3373000.0,-0.056332009899051044,1086000.0,0.07119444080241248,102070000.0,49684000.0,51564000.0,28935000.0,52386000.0,8031000.0,-563769000.0,363962160.0,359851160.0,0.8845763526625955,1.7820632452047693,0.013539727637895562,0.027815795829643344,-0.044440638216577295,0.8845763526625955,-0.06368247323081877,23.860112757309558,-28.758072060682682,7.325540616697529,-0.3416561314791403,1.7641638650230358,0.00297008897848062,0.1494464583129225,1.4776568170036288,-0.030998334476339765,-145.23629688747008,0.07119444080241248,-10.402075670174064,0.8902094490386283,0.26443688445320146,-0.6549152099870276,-0.7023026315789473,-10.416666666666666,-45.973333333333336,0.8256197214395327,0.6572823451641422,-0.26034266272934165,Biotechnology,Healthcare,CDMO
2019Q4,2019,Q4,2019-06-27,2019-04-30,336000.0,17055000.0,75000.0,0.005991444003982171,3648000.0,0.213896218117854,78395000.0,53068000.0,51318000.0,23162000.0,25327000.0,6557000.0,-560605000.0,268623056.3,236365056.3,0.9462915190575173,2.2156117779120974,0.0,0.0,0.0019768217369741247,0.9462915190575173,0.006331499208562599,15.750399079448842,199.8683454613095,5.061865084419989,3.2172619047619047,2.04468506939149,0.004024226419316487,0.21755213980483448,1.9019082980744322,0.004285987626761911,49.80034414163886,0.213896218117854,1.2949370844547952,1.014960074418552,0.20202256886875766,-0.6423287272790824,0.7795121951219512,1.2949956101843723,1.0629194630872483,1.0172563241989263,-0.44581033509854384,-0.353167113148539,Biotechnology,Healthcare,CDMO
2019Q3,2019,Q3,2019-03-11,2019-01-31,-1139000.0,13781000.0,-1192000.0,-0.020314312169517887,2050000.0,0.14875553298019012,76110000.0,53064000.0,48782000.0,20848000.0,23046000.0,8660000.0,-560941000.0,215865049.4,188200049.4,0.9464079551916569,2.339888718342287,0.0,0.0,-0.02159010587164633,0.9464079551916569,-0.021464646464646464,15.663961207459547,-47.38038836698859,4.068013142620233,-0.9499561018437226,1.3546189376443418,0.005012390857192651,0.1810668768887137,1.8973042977743668,-0.014965181973459467,-55.57802507723996,0.14875553298019012,0.2158683762693029,0.9512873135170975,0.47520717856563904,-0.5992806362472004,5.137724550898204,0.21502412129565818,0.5197421434327155,0.9608302367693389,0.19007063471879967,-0.4870396875448348,Biotechnology,Healthcare,CDMO
2019Q2,2019,Q2,2018-12-10,2018-10-31,-1451000.0,10178000.0,-2482000.0,-0.025906763041729654,334000.0,0.0328158773825899,80224000.0,54797000.0,52493000.0,23208000.0,25427000.0,9736000.0,-559802000.0,293484754.84000003,260883754.84000003,0.9783686384546243,2.261849362288866,0.0,0.0,-0.04190722845298183,0.9783686384546243,-0.026479551800281036,28.835208767930833,-50.56594673328739,5.35585442341734,-0.7450034458993797,1.0110928512736237,0.0036833259042342156,0.12686976465895491,1.8089882799034815,-0.01808685680095732,-42.12498275297833,0.0328158773825899,0.263221329542238,0.9254352410800253,-0.4459582603016043,-0.3846629090626897,-0.7197986577181208,0.26007139214686387,-0.226890756302521,0.9428107891784862,-0.4440400881806791,-0.588241702361992,Biotechnology,Healthcare,CDMO
2019Q1,2019,Q1,2018-09-10,2018-07-31,-1961000.0,12589000.0,-2023000.0,-0.035162205531321544,1192000.0,0.09468583684168719,84708000.0,56746000.0,56920000.0,25724000.0,27962000.0,9168000.0,-558351000.0,310639501.56,273248501.56,1.0174984778584255,2.2127196392473953,0.0,0.0,-0.035591759179436654,1.0174984778584255,-0.03455750185035068,24.675470772896972,-39.602180209077005,5.4742096634124,-0.5512493625701173,1.2431282722513088,0.003479918022567406,0.14861642347830192,1.7575027211942156,-0.023150115691552155,-40.65962062303665,0.09468583684168719,-2.172073517710718,0.9012593219363093,0.027627539352364703,-0.3327174445481769,1.607853136155023,-1.649337748344371,0.6707356770833334,0.9277739447083422,-0.34206162788663597,-0.48271438816835155,Biotechnology,Healthcare,CDMO
2018Q4,2018,Q4,2018-07-16,2018-04-30,3020000.0,6943000.0,-6144000.0,0.03,-1961000.0,-0.2824427480916031,95760000.0,55738000.0,67827000.0,37863000.0,40022000.0,16129000.0,-559129000.0,195832756.07999998,153567756.07999998,1.0445569173138505,1.7913794469534903,0.0,0.0,-0.11023000466468119,1.0445569173138505,0.054182066094944206,28.20578367852513,16.21132086754967,3.5134514349276973,0.3579470198675497,0.5520491040982082,0.005520016271222771,0.07250417710944027,1.215408182130312,0.03153717627401838,440.0736091685393,-0.2824427480916031,1.1071428571428572,1.1319353082471328,-0.3975665431556805,-0.13410676197120366,0.5254114230396902,1.2744456561250455,0.31397945511389014,1.1314663912386593,-0.6059617605065182,-0.5012425532174993,Biotechnology,Healthcare,CDMO
2018Q3,2018,Q3,2018-03-12,2018-01-31,-11004000.0,6819000.0,-8956000.0,-0.28,-4132000.0,-0.6059539521924036,69857000.0,31519000.0,41029000.0,36274000.0,38338000.0,14218000.0,-562149000.0,157385797.92,139447797.92,0.6969251447691234,1.1310856260682582,0.0,0.0,-0.28414607062406805,0.6969251447691234,-0.34912275135632476,23.08048070391553,-3.5756497164667396,4.993362667597323,-0.09832788077062886,0.7702208468138979,0.0068748261552162805,0.09761369655152669,0.7141478745106687,-0.1575217945230972,-17.549709848349686,-0.6059539521924036,0.09677419354838701,0.06991345256270294,-0.5976373511504244,-0.24758737275523174,-0.19421965317919074,0.12832699619771862,0.291287489119253,0.511760159637471,-0.30748801829218536,-0.6350604678847647,Biotechnology,Healthcare,CDMO
2018Q2,2018,Q2,2017-12-11,2017-10-31,-12624000.0,12782000.0,-12637000.0,-0.31,-3460000.0,-0.2706931622594273,78627000.0,42906000.0,48976000.0,33550000.0,35721000.0,16518000.0,-551145000.0,206997405.66,179270405.66,0.9514058370541996,1.4597913561847988,0.0,0.0,-0.2945275719013658,0.9514058370541996,-0.2942245839742693,16.194445756532623,-4.099283223621673,4.824439604251153,-0.08563054499366286,0.9832909553214675,0.005222287673380689,0.16256502219339414,0.9309985096870342,-0.16055553435842648,-26.83399088151413,-0.2706931622594273,-10.518552174273859,0.5001615987979592,-0.2784096092899924,0.1736293853941596,-1.521949011917333,-9.476348547717842,-9.282343368592352,0.40523913157530733,0.15661557205817966,-0.5838581591087059,Biotechnology,Healthcare,CDMO
2018Q1,2018,Q1,2017-09-11,2017-07-31,-1205000.0,27077000.0,-1229000.0,-0.026913104642818767,6629000.0,0.2448203272149795,100275000.0,56008000.0,70763000.0,42387000.0,44267000.0,24235000.0,-538521000.0,190288339.75,153032339.75,1.2509121699875465,1.6694505390803784,0.0,0.0,-0.02194329381516926,1.2509121699875465,-0.021514783602342522,7.027674400782952,-39.47890866182573,3.3975207068633053,-0.8970954356846473,0.843738394883433,0.005680852549453178,0.2700274245823984,1.0649491589402411,-0.012016953378209922,-14.045493043253616,0.2448203272149795,0.831792044682662,0.9481865390766812,1.0990389209877445,3.703618798632482,0.08281607317869977,0.7714339908952959,0.7682880844645551,0.9475466152883372,1.8156063754116276,-0.5120028223618176,Biotechnology,Healthcare,CDMO
2017Q4,2017,Q4,2017-07-14,2017-04-30,-5272000.0,17904000.0,-5304000.0,-0.159999,6122000.0,0.34193476318141197,118112000.0,53582000.0,89100000.0,62931000.0,64530000.0,33099000.0,-537435000.0,191744826.0,144945826.0,1.2714715963183278,1.415836392239119,0.0,0.0,-0.0989884662759882,1.2714715963183278,-0.09839125079317682,10.709608243967828,-9.092603660849772,3.57853058863051,-0.20504552352048558,0.3559624157829542,0.005637701014159308,0.15158493633161746,0.8666793790023994,-0.04463560010837171,-15.474523928657897,0.34193476318141197,0.23316649070697193,0.8369122780346646,1.9186673486316357,0.9020755189793283,1.2077172737107826,0.3218420375611011,0.31973836090804153,0.6876328223947341,0.679215687352898,-0.5194199092721328,Biotechnology,Healthcare,CDMO
2017Q3,2017,Q3,2017-03-13,2017-01-31,-7774000.0,10747000.0,-7797000.0,-0.20864894147297885,2773000.0,0.2580254954871127,111317000.0,40014000.0,82987000.0,69978000.0,71303000.0,33829000.0,-532163000.0,78243387.60000001,36715387.60000001,1.0739488994211186,1.1859012832604532,0.0,0.0,-0.194856800119958,1.0739488994211186,-0.19428200129954515,7.28048642411836,-2.5161881785438642,1.9554002998950368,-0.13918188834576795,0.2357149191522067,0.013828644607407055,0.09654410377570362,0.6775129326359713,-0.06983659279355355,-6.935855651094762,0.2580254954871127,-0.49034958194984885,0.7657646777739153,0.09451171604838324,0.03608015467985691,-0.6502711565140623,-0.9166666666666666,-0.9124356144223694,0.49967045961744183,0.7312220893874184,-0.5452784210886104,Biotechnology,Healthcare,CDMO
2017Q2,2017,Q2,2016-12-12,2016-10-31,-4056000.0,23370000.0,-4077000.0,-0.14,7929000.0,0.3392811296534018,109937000.0,42179000.0,82756000.0,66411000.0,67758000.0,25924000.0,-524389000.0,83237277.47999999,34182277.47999999,1.2060223861132466,1.2461188658505369,0.0,0.0,-0.0966594750942412,1.2060223861132466,-0.09616159700324806,3.5617149114249034,-5.130502803254437,1.9734293719623506,-0.2665187376725838,0.5956256750501466,0.01298696969347345,0.21257629369548015,0.8299980424929605,-0.036893857391051235,143.01937711340204,0.3392811296534018,0.6,0.8934577387572556,0.7486553933962555,0.06884921075188304,2.1130742049469964,0.6331735552138916,0.6321061180292366,0.6662067871721348,1.0372864651374625,-0.24148191437493927,Biotechnology,Healthcare,CDMO
2017Q1,2017,Q1,2016-09-08,2016-07-31,-11057000.0,5609000.0,-11082000.0,-0.35,2547000.0,0.4540916384382243,105604000.0,40934000.0,78241000.0,63256000.0,64670000.0,25274000.0,-520333000.0,88650092.64999999,44455092.64999999,1.1959272329085378,1.2368945238396358,0.0,0.0,-0.27072848976401037,1.1959272329085378,-0.27011775052523573,15.804972838295594,-2.0043884564077055,2.165683604094396,-0.09360586054083386,0.12115217219276728,0.011675114701642673,0.0531135184273323,0.8178196534716075,-0.10470247339115943,-4.871687236907182,0.4540916384382243,-0.008056399360484658,0.5970454577422538,-0.7074989355180136,0.023262894348029632,-0.7189362171706025,0.06958936385055536,0.06991187578682333,0.09285256496726475,-0.25397737863097836,-0.21570263005280568,Biotechnology,Healthcare,CDMO
2016Q4,2016,Q4,2016-07-14,2016-04-30,-11884000.0,18783000.0,-11915000.0,-0.34720279561941325,9062000.0,0.4824575413938135,109043000.0,50074000.0,81808000.0,57574000.0,58969000.0,16186000.0,-509276000.0,83858195.75,22446195.75,1.4629613587888337,1.4209191649008233,0.0,0.0,-0.2379478372009426,1.4629613587888337,-0.23732875344490154,4.464579446840228,-1.7640986988808485,1.674685380636658,-0.08717603500504881,0.6005807487952551,0.012354189006028072,0.17225314784076007,1.1163198666064542,-0.10898452903900296,-11.925226926905575,0.4824575413938135,0.379996114972271,0.6617337064536566,0.9618468049917129,-0.07426238107867471,2.2214717383576255,0.29459250905205675,0.2935910357502816,0.19061234093963353,1.5407779878091585,0.2127327166912573,Biotechnology,Healthcare,CDMO
2016Q3,2016,Q3,2016-03-09,2016-01-31,-16847000.0,6709000.0,-16867000.0,-0.560001,2813000.0,0.4192875242211954,119052000.0,59933000.0,93604000.0,58214000.0,59119000.0,15189000.0,-497392000.0,218293434.23999998,150823434.23999998,1.844992550518958,1.6079293640704986,0.0,0.0,-0.28143093120651397,1.844992550518958,-0.2810972252348456,32.53740262930392,-3.239351727904078,3.6422911290941546,-0.0614352703745474,0.2565014154980578,0.004741324463575401,0.056353526190236196,1.306713161782389,-0.14150959244699796,-20.263012553606234,0.4192875242211954,-0.14285918367346934,0.46585122280535907,-0.34119689843696616,-0.04453572968699736,-0.41175240485152653,-0.27648128504318836,-0.2201244212962963,-0.9824865656704774,-0.4488501977153161,0.9918863634097675,Biotechnology,Healthcare,CDMO
2016Q2,2016,Q2,2015-12-10,2015-10-31,-13198000.0,9523000.0,-13824000.0,-0.49,4782000.0,0.5021526829780532,112657000.0,69226000.0,89458000.0,42459000.0,43431000.0,12554000.0,-480545000.0,228415271.84,156410271.84,2.3760751005308087,2.1069266822110744,0.0,0.0,-0.1996937566810158,2.3760751005308087,-0.19065091150723718,23.98564232279744,-4.326702376117594,3.2995590073093926,-0.07842097287467799,0.37764855822845306,0.0045312206651619835,0.08453092129206352,1.7642667043500788,-0.11715206334271283,-17.874268083574616,0.5021526829780532,0.12500156249720978,0.511077104894818,-0.4325735755305401,0.657379321510168,-0.05550069128974916,0.0382569409021351,-0.005089428529882216,0.19112036957751724,-0.16783613343148046,1.9310641697560622,Biotechnology,Healthcare,CDMO
2016Q1,2016,Q1,2015-09-09,2015-07-31,-13723000.0,9671000.0,-13754000.0,-0.560001,5063000.0,0.5235239375452383,92032000.0,55446000.0,72330000.0,35550000.0,36586000.0,10457000.0,-467347000.0,242700126.48,183684126.48,1.966995513862412,2.0345991561181433,0.0,0.0,-0.24806117664033475,1.966995513862412,-0.2475020740901057,25.095659857305346,-4.421411616993368,4.377234182447787,-0.07527508562267726,0.44066175767428517,0.004256281259437768,0.10508301460361613,1.7108579465541491,-0.14911117872044508,-13.239873791937155,0.5235239375452383,-0.3008160089137206,0.5087131651880517,-0.16977395524657019,0.18987507334510437,0.11274725274725275,-0.130861145447054,-0.1302489933437423,0.0627379893560639,0.19082440200731807,6.396200387051242,Biotechnology,Healthcare,CDMO
2015Q4,2015,Q4,2015-07-14,2015-04-30,-12135000.0,9308000.0,-12169000.0,-0.43049977565054953,4550000.0,0.4888268156424581,97464000.0,59035000.0,80523000.0,37331000.0,38429000.0,7354000.0,-453624000.0,258485500.56,190484500.56,2.094318438857041,2.1570008839838204,0.0,0.0,-0.20613195561954772,2.094318438857041,-0.20555602608622003,27.770251456811344,-5.325206027194067,4.3785127561616,-0.08520807581376184,0.6469948327440849,0.004000224375293292,0.09550192891734384,1.9237095175591332,-0.12450751046540261,-38.870000084210524,0.4888268156424581,0.23125177338870903,0.5681455487216154,-0.41986536754169557,0.21303308257212436,0.7745709828393136,0.06610743420040019,0.06550453079404085,0.4387826980492357,1.26848708509658,2.133024633056493,Biotechnology,Healthcare,CDMO
2015Q3,2015,Q3,2015-03-12,2015-01-31,-12994000.0,5677000.0,-13022000.0,-0.560001,2564000.0,0.4516469966531619,79121000.0,49794000.0,68604000.0,28200000.0,29327000.0,6148000.0,-441489000.0,233625262.08,178387262.08,1.909700329612574,2.4327659574468083,0.0,0.0,-0.26151745190183556,1.909700329612574,-0.2609551351568462,41.15294382244143,-4.494868056025858,4.691835604289674,-0.05956595351700785,0.5063435263500325,0.0033129978886228496,0.0717508626028488,2.181631205673759,-0.16422947131608548,-19.98505235928144,0.4516469966531619,-0.14285918367346934,-1.2928188322729588,-0.8440170772688828,0.06849552994995954,0.18648773715872283,-0.07388429752066115,-0.07291752492378677,0.44054227989297284,-0.17383152572990673,0.8423619726820136,Biotechnology,Healthcare,CDMO
2015Q2,2015,Q2,2014-12-10,2014-10-31,-12100000.0,6300000.0,-12137000.0,-0.49,2161000.0,0.343015873015873,81437000.0,58777000.0,74368000.0,21582000.0,22660000.0,5379000.0,-428495000.0,287939344.0,223500344.0,2.28625373266114,3.4458344917060515,0.0,0.0,-0.20649233543733092,2.28625373266114,-0.20586283750446605,45.704657777777776,-5.949159999999999,4.8988438334722755,-0.06388429752066116,0.7694738799033277,0.0026845931829309164,0.07736041357122683,3.141506811231582,-0.14858111177965788,-22.611853620229308,0.343015873015873,0.12500156249720978,-0.1615622418692547,-0.7555796389455073,0.9860309079469852,0.12963930998431783,0.07837611394622591,0.07850580821501785,0.5676183489109751,-0.35872547094094925,1.0262148745089248,Biotechnology,Healthcare,CDMO
2015Q1,2015,Q1,2014-09-09,2014-07-31,-13129000.0,5496000.0,-13171000.0,-0.560001,1913000.0,0.34807132459970885,87607000.0,65592000.0,81528000.0,21123000.0,22015000.0,5998000.0,-416395000.0,270468288.72,197212288.72000003,2.563359435892097,3.8596790228660702,0.0,0.0,-0.20080192706427613,2.563359435892097,-0.2001616050737895,49.211842925764195,-5.150207341000837,4.123495071350165,-0.058724960012186765,0.5973657885961987,0.0028506114474594513,0.06273471297955643,3.5339203711594,-0.14986245391350006,-19.330209313893654,0.34807132459970885,-0.39827003788992976,-0.4130922684384816,-0.7872201465162909,2.280591330815564,-0.2767485822306238,-0.281128024980484,-0.25092601386646407,0.3599874970038726,-0.6166223430619513,1.1932693925248885,Biotechnology,Healthcare,CDMO
2014Q4,2014,Q4,2014-07-14,2014-04-30,-10248000.0,6474000.0,-10529000.0,-0.40049560158284864,2645000.0,0.4085573061476676,90545000.0,67699000.0,85771000.0,22207000.0,22846000.0,5530000.0,-403266000.0,311665445.28,234175445.27999997,2.6457017692776414,3.8623407033818165,0.0,0.0,-0.15552666952244493,2.6457017692776414,-0.15137594351467526,48.141094420759956,-7.603079754098361,4.6036934855758584,0.0,0.6924050632911393,0.0,0.07150035893754486,3.5494213536272348,-0.11318129107073831,-46.371885921737835,0.4085573061476676,0.04643904385036035,0.25793868954080074,-0.7849442300454077,18.63563800243521,0.8005445881552076,-0.053887289181406825,-0.08067330391049984,0.6098125808942407,-0.09549516655950653,0.67415608180841,Biotechnology,Healthcare,CDMO
2014Q3,2014,Q3,2014-03-07,2014-01-31,-9724000.0,3885000.0,-9743000.0,-0.42,1469000.0,0.3781209781209781,76485000.0,55071000.0,72233000.0,20749000.0,21414000.0,5224000.0,-393018000.0,297066950.18,233889950.18,2.3617724542392917,3.481276206082221,0.0,0.0,-0.1769170706905631,2.3617724542392917,-0.17657206152058252,76.46510944144144,-7.637467867647059,5.394253784750595,0.0,0.46248085758039814,0.0,0.050794273386938614,3.1789001879608656,-0.12713603974635548,-34.442544948405796,0.3781209781209781,-0.20000000000000004,0.19109121504631732,-0.8422445638255746,3.0254480708614175,-0.5349794238683128,-0.24826700898587933,-0.2468646019964167,0.5704921521828872,-0.4685341580332144,0.22308851274242966,Biotechnology,Healthcare,CDMO
2014Q2,2014,Q2,2013-12-10,2013-10-31,-7790000.0,7354000.0,-7814000.0,-0.35,3159000.0,0.4295621430514006,55107000.0,35649000.0,51286000.0,18767000.0,19458000.0,4033000.0,-383294000.0,199324041.28,154881041.28,1.5899718266037357,2.732775616774125,0.0,0.0,-0.21919268422676652,1.5899718266037357,-0.21851945356110972,27.10416661408757,-6.396792082156612,5.591294041347584,0.0,1.0401686089759483,0.0,0.13344947102908886,2.4713060158789366,-0.14136135155243434,-36.1618362264151,0.4295621430514006,0.0,0.5006544874836648,0.09215598837106341,0.5797437003845104,0.5654112983151636,-0.025,-0.025459317585301837,0.6250089864349468,-0.4306090637075029,0.10905014181079059,Biotechnology,Healthcare,CDMO
2014Q1,2014,Q1,2013-09-09,2013-07-31,-7600000.0,4688000.0,-7620000.0,-0.35,2018000.0,0.4304607508532423,53323000.0,32543000.0,50186000.0,20066000.0,20780000.0,5679000.0,-375504000.0,212138734.5,170538734.5,1.5248390199103408,2.50104654639689,0.0,0.0,-0.23415173770088807,1.5248390199103408,-0.2335371662108595,45.25143654010239,-6.978247845394736,6.5187209077220905,0.0,0.47015319598520866,0.0,0.08791703392532303,2.1863849297318847,-0.14252761472535302,-26.0260991902834,0.4304607508532423,0.16666666666666669,0.547469191808155,-0.06413557880044278,-0.08578205835903538,0.9459980713596914,0.10048526452834655,0.09961006735200284,0.6406373665744599,-0.4684479040767626,-0.07759426604253773,Biotechnology,Healthcare,CDMO
2013Q4,2013,Q4,2013-04-30,2013-04-30,-8449000.0,4254000.0,-8463000.0,-0.42,1037000.0,0.24377056887635168,45058000.0,23760000.0,41914000.0,20561000.0,21298000.0,4339000.0,-367904000.0,191642362.17000002,156438362.17000002,1.2063345357584516,2.0385195272603474,0.0,0.0,-0.35618686868686866,1.2063345357584516,-0.3555976430976431,45.049920585331456,-5.6705634444904724,8.06575598358586,0.0,0.7414150725973727,0.0,0.09441164721026232,1.7930061767423764,-0.18751387101069733,-39.24684869342617,0.24377056887635168,-0.4999999999999998,0.5498461849568141,0.5493107122862628,-0.500049638978815,-0.6939197166469894,-0.7193732193732194,-0.6397984886649875,0.5696804213806471,-0.6205469224094873,-0.30128882343084107,Biotechnology,Healthcare,CDMO
2013Q3,2013,Q3,2013-01-31,2013-01-31,-4914000.0,7039000.0,-5161000.0,-0.28,3388000.0,0.481318369086518,37157000.0,17399000.0,33751000.0,18767000.0,19758000.0,4635000.0,-359455000.0,247200940.56,220945940.56,0.9262539191044249,1.798422763361219,0.0,0.0,-0.29662624288752226,0.9262539191044249,-0.28243002471406403,35.11875842591277,-12.576360427350428,14.207767145238233,0.0,0.7877022653721683,0.0,0.18943940576472804,1.504662439388288,-0.13224964340501116,-35.67627948621735,0.481318369086518,0.500031248046997,0.7252561784248401,0.44592720299062755,-0.7219580269251107,0.39080459770114945,0.438592482577402,0.26866940626328467,-0.2035928309398738,-0.731535610370518,-0.4817521069588483,Biotechnology,Healthcare,CDMO
2013Q2,2013,Q2,2012-10-31,2012-10-31,-8753000.0,6139000.0,-7057000.0,-0.560035,2436000.0,0.39680729760547323,36528000.0,12670000.0,33074000.0,22932000.0,23858000.0,5426000.0,-354541000.0,95182930.28999999,70739930.28999999,0.8106527059516945,1.442264085121228,0.0,0.0,,0.8106527059516945,-0.6908445146014207,15.50463109464082,-2.718580209356792,7.5124649005524855,0.0,0.682454847032805,0.0,0.16806285589137102,1.1670591313448457,-0.2396243977222952,-9.837012225093012,0.39680729760547323,-0.14292857142857135,0.4168531835341686,0.3417735524264329,-0.8091511572839938,0.09384822631342614,-0.1420929018789144,0.08004171555207926,-0.38215024304273115,-0.6082259418039834,-0.29579936529750456,Biotechnology,Healthcare,CDMO
2013Q1,2013,Q1,2012-07-31,2012-07-31,-7664000.0,4251000.0,-7671000.0,-0.49,2227000.0,0.5238767348859092,31506000.0,3924000.0,27893000.0,26556000.0,27582000.0,5744000.0,-345788000.0,173516836.07999998,154525836.07999998,0.2659467579199304,1.0503464377165235,0.0,0.0,,0.2659467579199304,-1.9531090723751274,40.81788663373324,-5.66012643789144,44.21937718654434,0.0,0.35236768802228413,0.0,0.13492668063226052,0.8006476879048049,-0.24325525296768868,-596.2777872164947,0.5238767348859092,0.30000099999857144,0.34316269810749456,0.043885881188895824,-0.9532043626375976,0.969053934571176,0.29571769895239847,0.2955922865013774,-0.43054470920550525,-0.7145816087364579,-0.6596409320228648,Biotechnology,Healthcare,CDMO
2012Q4,2012,Q4,2012-07-16,2012-04-30,-10882000.0,2065000.0,-10890000.0,-0.700001,1131000.0,0.5476997578692494,28262000.0,9483000.0,24792000.0,17639000.0,18779000.0,3611000.0,-338124000.0,46672680.25,28639680.25,0.6684653598825622,1.4055218549804411,0.0,0.0,,0.6684653598825622,-1.1475271538542655,22.60178220338983,-1.072244997472891,4.921721000738163,0.0,0.25865411243422876,0.0,0.07306630811690609,1.1557344520664437,-0.38503998301606396,-5.080296097746817,0.5476997578692494,0.23076897717694814,0.13875090752182015,-0.6173913569765741,-0.7683348679707672,0.4190715181932246,0.018755635707844904,0.01829982872081493,-0.4212939782644931,-0.8762705785115202,3.9611577450792206,Biotechnology,Healthcare,CDMO
2012Q3,2012,Q3,2012-03-09,2012-01-31,-11090000.0,3281000.0,-11093000.0,-0.910001,797000.0,0.24291374580920452,29440000.0,12905000.0,25821000.0,15199000.0,16535000.0,2744000.0,-327242000.0,85406684.44,65645684.44,1.0365500145623028,1.6988617672215278,0.0,0.0,,1.0365500145623028,-0.8593568384347152,26.030687119780556,-1.9253084860234446,6.618108054242542,0.0,0.9052478134110787,0.0,0.11144701086956521,1.4368708467662346,-0.3766983695652174,-9.587638576560394,0.24291374580920452,0.18749983258943526,0.010853699036264989,3.051022511196055,-0.7383547261667698,0.5505836575875487,0.08004977187888843,0.07834828846792954,-0.7278391522720543,-0.7504734834523786,0.7667147607643474,Biotechnology,Healthcare,CDMO
2012Q2,2012,Q2,2011-12-12,2011-10-31,-12055000.0,4232000.0,-12036000.0,-1.120001,514000.0,0.12145557655954631,27276000.0,12496000.0,23549000.0,13335000.0,14780000.0,3178000.0,-316152000.0,81399067.05,63677067.05,1.1283372565386178,1.7659542557180352,0.012208534975802904,0.02664852752880922,,1.1283372565386178,-0.9647087067861716,19.23418408553875,-1.6880768778515138,6.514009847151088,0.0,1.169918187539333,0.0,0.15515471476756124,1.4432695913010873,-0.44196363103094294,-8.389061841698444,0.12145557655954631,-0.454544864227449,-0.18877174697546095,2.0933479724174493,-0.7461993367067432,-0.8051554207733131,-0.48974295600593176,-0.49496956899764005,-0.5644321885964805,0.2724260144851705,0.12107877831615584,Biotechnology,Healthcare,CDMO
2012Q1,2012,Q1,2011-09-09,2011-07-31,-8092000.0,5655000.0,-8051000.0,-0.770001,2638000.0,0.4664898320070734,27015000.0,11797000.0,22961000.0,13793000.0,15218000.0,4481000.0,-304097000.0,124355431.2,108644431.2,1.1687389814623552,1.6646849851373886,0.03068665556172497,0.07027210307705349,,1.1687389814623552,-0.685937102653217,21.990350344827586,-3.8419250865051904,10.54127584979232,0.0,0.673287212675742,0.0,0.20932815102720712,1.2779670847531357,-0.29953729409587265,-12.907975005189952,0.4664898320070734,0.2666664126986545,0.22722655235197567,6.000044235964361,-0.7879327351237386,1.0015174506828528,0.19193129618534052,0.19117942535664054,-0.018755514268263274,1.386917907412582,-0.29928200157751883,Biotechnology,Healthcare,CDMO
2011Q4,2011,Q4,2011-07-14,2011-04-30,-10014000.0,2729000.0,-9954000.0,-1.050001,1318000.0,0.48296079149871746,34766000.0,15418000.0,30815000.0,17679000.0,19348000.0,5284000.0,-296005000.0,169368579.19625401,147614579.19625401,1.5803196595742588,1.743028451835511,0.0379968935166542,0.08567907640420289,,1.5803196595742588,-0.6495005837332988,62.06250611808502,-4.22829486709242,10.985119937492152,0.0,0.2670325510976533,0.0,0.07849623195075649,1.3890491543639345,-0.28804003911867915,-23.377305617150313,0.48296079149871746,-0.07142849854234838,-0.07169362283122563,0.6330518246271997,-0.5283764336046747,0.13915298184961106,-0.12151416731996864,-0.12563609634739342,-0.07710685198666006,1.0065045568481545,-0.3450561507498552,Biotechnology,Healthcare,CDMO
2011Q3,2011,Q3,2011-03-11,2011-01-31,-8929000.0,2883000.0,-8843000.0,-0.980001,1157000.0,0.4013180714533472,35410000.0,17758000.0,31799000.0,16661000.0,17652000.0,3916000.0,-285991000.0,151279407.396316,129021407.39631599,1.9309906271163366,1.9085889202328792,0.05111550409488845,0.10192589255546795,,1.9309906271163366,-0.502815632391035,52.472912728517514,-4.235620097332176,8.518943991233021,0.0,0.440755873340143,0.0,0.08141767862185824,1.5919812736330352,-0.25216040666478395,-22.194748737722417,0.4013180714533472,-0.07692299239231612,-0.5270013736447912,0.004470099865666889,-0.42121505518500196,-0.30635491606714627,-0.1884733129242646,-0.055502506564812606,-0.019708288268240528,0.20965200399877196,-0.42035716893737124,Biotechnology,Healthcare,CDMO
2011Q2,2011,Q2,2010-12-09,2010-10-31,-7513000.0,4671000.0,-8378000.0,-0.910001,1668000.0,0.357096981374438,28769000.0,11625000.0,25361000.0,15698000.0,17144000.0,3555000.0,-277062000.0,85709646.05,70735646.05,1.4336338517641096,1.6155561217989554,0.0797386075289374,0.19733333333333333,,1.4336338517641096,-0.6462795698924731,18.34931407621494,-2.852044657593505,7.3728727784946235,0.0,0.8447257383966245,0.0,0.16236226493795405,1.2877436616129443,-0.26114915360283636,-14.963276195879887,0.357096981374438,0.07142849854234849,0.03906714782538863,3.911633460829116,-0.45514856945574195,-0.18753044325377496,0.023651721897335932,-0.11528221512247071,0.035235236256520294,0.9677889842556231,-0.6624851067801475,Biotechnology,Healthcare,CDMO
2011Q1,2011,Q1,2010-09-09,2010-07-31,-7695000.0,3209000.0,-7512000.0,-0.980001,2053000.0,0.6397631660953568,29301000.0,12837000.0,26354000.0,15158000.0,16464000.0,4692000.0,-269549000.0,88059171.06,72734171.06,1.6531109508266135,1.7386198706953424,0.09071362752124501,0.20705772376723533,,1.6531109508266135,-0.5994391212900211,27.441312265503274,-2.8609217368421054,6.859793648048609,0.0,0.2463768115942029,0.0,0.10951844646940377,1.3105290935479614,-0.2626190232415276,-11.609646810810812,0.6397631660953568,0.01691518080881025,-0.04425323877628856,8.084337046401549,-0.5455019392434944,-0.0629849383842994,0.005942384704818499,0.0075307173999207295,-0.25309413282640514,0.4972847311720206,-0.7091207985397254,Biotechnology,Healthcare,CDMO
2010Q4,2010,Q4,2010-07-14,2010-04-30,-7741000.0,4420000.0,-7569000.0,-0.9968631199149969,2191000.0,0.49570135746606336,29335000.0,13407000.0,26778000.0,14403000.0,15928000.0,3123000.0,-261854000.0,217973627.13,201500627.13,1.7265138675494591,1.8591960008331598,0.10935742287370036,0.23927798911016634,,1.7265138675494591,-0.5773849481614082,49.315300255656105,-7.039582325603927,16.258195504587157,0.0,0.7137367915465899,0.0,0.15067325720129537,1.4947580365201694,-0.2638827339355718,-51.43313523596036,0.49570135746606336,-3.7469672376904617,0.021236677801887982,1.8320023854901186,-0.17852362387166296,-0.7262276646257654,-4.033159947984395,-4.747152619589977,-0.11923795287354745,0.49610576025617675,-0.4016547646591365,Biotechnology,Healthcare,CDMO
2010Q3,2010,Q3,2010-03-11,2010-01-31,-1538000.0,9877000.0,-1317000.0,-0.21,8003000.0,0.8102662751847727,27522000.0,12647000.0,24747000.0,12864000.0,14875000.0,3861000.0,-254113000.0,145131159.67000002,131961159.67000002,1.7872796619954137,1.923740671641791,0.1332388634546908,0.28995018581481774,,1.7872796619954137,-0.12160986795287419,14.693850326009924,-23.59089071358908,11.475540418281016,0.0,0.48536648536648536,0.0,0.3588765351355279,1.5247978855721394,-0.05588256667393358,-58.052463868000004,0.8102662751847727,0.5,0.7592041756401073,3.2791322934858247,-0.2848374401768932,1.384684147794994,0.4481521349120919,0.48088293259755616,0.7586440208008592,20.4563686120813,-0.5488560416673983,Biotechnology,Healthcare,CDMO
2010Q2,2010,Q2,2009-12-10,2009-10-31,-2787000.0,6896000.0,-2537000.0,-0.42,3356000.0,0.4866589327146172,27529000.0,7918000.0,24755000.0,17302000.0,19611000.0,5850000.0,-252575000.0,135776378.64,126180378.63999999,1.1511672469511078,1.4307594497745926,0.14541029459842347,0.5055569588279869,,1.1511672469511078,-0.3519828239454408,19.689150034802783,-12.179438342303552,17.14781240717353,0.0,0.6051282051282051,0.0,0.25049947328272004,1.0219049820829962,-0.1012386937411457,-35.460010091407675,0.4866589327146172,-0.20000000000000004,0.5495716209594237,0.8573552955488739,-0.504364224873386,-0.40884269860841993,-0.14785831960461285,-0.15844748858447488,0.5574898423884111,7.115875681017888,-0.7410641108014642,Biotechnology,Healthcare,CDMO
2010Q1,2010,Q1,2009-09-03,2009-07-31,-2428000.0,6750000.0,-2190000.0,-0.35,5677000.0,0.841037037037037,26213000.0,5225000.0,23312000.0,18092000.0,20988000.0,6177000.0,-249788000.0,191915844.78696302,183702844.78696302,0.7813711545884133,1.2885253150563785,0.1741502308015107,0.8736842105263158,,0.7813711545884133,-0.464688995215311,28.431977005476003,-19.760692420403934,36.73030522238526,0.0,0.17370892018779344,0.0,0.2575058177240301,0.8811629449480434,-0.09262579636058445,-53.280356687108,0.841037037037037,0.3514998476032143,0.5704677329911039,7.086426368528049,-0.7256231976075483,0.26860335195530727,0.32723746190080355,0.3505338078291815,0.6499983196251629,11.61238088902142,-0.858220487007767,Biotechnology,Healthcare,CDMO
2009Q4,2009,Q4,2009-07-14,2009-04-30,-3609000.0,7867000.0,-3372000.0,-0.5397068893606859,4475000.0,0.5688318291597814,23127000.0,901000.0,20134000.0,18864000.0,22226000.0,4707000.0,-247360000.0,88936607.9,83608607.9,0.13473979144194456,1.0673240033927056,0.2027932719332382,5.205327413984461,,0.13473979144194456,-4.005549389567148,11.305021977882294,-6.160751447769465,98.70877680355161,0.0,0.7206288506479711,0.0,0.3401651749037921,0.7279474130619169,-0.15605136853028928,-65.29853737151248,0.5688318291597814,-0.5420196838876741,0.31518997913890934,1.5606406537342454,-0.9631403456557173,0.6452205882352942,-0.08313325330132053,-0.04267161410018553,0.4364867661597233,5.868466114375824,-0.9597888562670088,Biotechnology,Healthcare,CDMO
2009Q3,2009,Q3,2009-03-12,2009-01-31,-3332000.0,6826000.0,-3234000.0,-0.35,2720000.0,0.3984764137122766,22826000.0,3792000.0,19682000.0,15211000.0,19034000.0,5547000.0,-243751000.0,97270467.7,91056467.7,0.5867104512750276,1.2939320228781803,0.20310172610181373,1.2225738396624473,,0.5867104512750276,-0.8786919831223629,14.249995268092588,-7.298204359243697,25.651494646624474,0.0,0.7402199387056067,0.0,0.29904494874266185,0.8679245283018868,-0.14597388942434067,-50.39920606217617,0.3984764137122766,0.500000714284694,0.5092411909527031,17.1626591836914,-0.8574697145535525,1.1283255086071988,0.25906159661996886,0.28923076923076924,0.18920515414416816,2.3839819425640285,-0.8241425041660024,Biotechnology,Healthcare,CDMO
2009Q2,2009,Q2,2008-12-10,2008-10-31,-4497000.0,1941000.0,-4550000.0,-0.700001,1278000.0,0.6584234930448223,21747000.0,6505000.0,18636000.0,15232000.0,15242000.0,6700000.0,-240419000.0,58814701.4,50637701.4,1.006474547875542,1.2234768907563025,0.0010576171425943808,0.003535741737125288,,1.006474547875542,-0.6913143735588009,30.30123719732097,-3.269663186568824,9.041460630284396,0.0,0.09895522388059702,0.0,0.08925369016416057,0.7086397058823529,-0.20678714305421436,-33.646854347826086,0.6584234930448223,0.0,0.0870128219015868,0.33880892065533796,-0.6575907880369856,1.0814332247557004,0.11580810066850176,0.1182170542635659,0.2783730399637323,1.5606594705928407,-0.6174901307320659,Biotechnology,Healthcare,CDMO
2009Q1,2009,Q1,2008-09-09,2008-07-31,-5086000.0,1517000.0,-5160000.0,-0.700001,614000.0,0.4047462096242584,22808000.0,10780000.0,19682000.0,12012000.0,12028000.0,4628000.0,-235922000.0,83697844.3,73772844.3,1.6679163145424045,1.6385281385281385,0.0009645738337425465,0.0020408163265306124,,1.6679163145424045,-0.47179962894248606,55.173265853658535,-4.114129192882422,7.764178506493506,0.0,0.19511668107173724,0.0,0.06651175026306559,1.1535131535131535,-0.2229919326552087,-16.360016477716965,0.4047462096242584,0.26543038429063165,0.3178195288979003,1.2486043395717368,-0.19782161340373683,20.806451612903224,0.1742165936028576,0.18056217246307765,0.1707402301531101,4.159720027499791,-0.54143142655694,Biotechnology,Healthcare,CDMO
2008Q4,2008,Q4,2008-07-14,2008-04-30,-6159000.0,901000.0,-6297000.0,-0.9529403136611011,-31000.0,-0.03440621531631521,23057000.0,15595000.0,19843000.0,7440000.0,7462000.0,2900000.0,-230836000.0,95008363.8,79922363.8,2.4129086201566605,2.667069892473118,0.0009541570889534632,0.001410708560436037,,2.4129086201566605,-0.39493427380570695,105.447684572697,-3.856484973209936,6.09223236934915,0.0,0.3213793103448276,0.0,0.039077069870321376,2.1149193548387095,-0.26712061413019905,-17.922724731182797,-0.03440621531631521,0.09243866085736953,-0.8180412623391379,-0.7853001011005384,3.035267530889896,-1.0803108808290156,-0.0008124796880077998,0.01640112464854733,0.06436198849950193,-0.3063934739519534,0.14806342796915728,Biotechnology,Healthcare,CDMO
2008Q3,2008,Q3,2008-03-11,2008-01-31,-6154000.0,1675000.0,-6402000.0,-1.050001,386000.0,0.23044776119402985,28241000.0,21531000.0,24913000.0,6693000.0,6710000.0,2394000.0,-224677000.0,113105195.0,93076195.0,3.3313456556968934,3.72224712386075,0.0006019616869091037,0.000789559240165343,,3.3313456556968934,-0.28582044493985415,67.52548955223881,-4.594783677283068,5.2531324601737035,0.0,0.5384294068504595,0.0,0.05931093091604405,3.194232780516958,-0.21791013066109557,-19.022064413050792,0.23044776119402985,0.0,-0.21991166121528108,0.7185477960915055,1.9385497966123952,-0.21224489795918366,0.008538746576445948,0.023042881123149703,-0.05487405051814696,-0.20549621243834898,0.33300553765820784,Biotechnology,Healthcare,CDMO
2008Q2,2008,Q2,2007-12-10,2007-10-31,-6207000.0,1892000.0,-6553000.0,-1.050001,490000.0,0.25898520084566595,34445000.0,27453000.0,31151000.0,6928000.0,6992000.0,2500000.0,-218523000.0,137988337.9,112140337.9,4.247616566153305,4.496391454965358,0.008419219044854116,0.010563508541871562,,4.247616566153305,-0.22609550868757514,72.93252531712474,-5.557770980344772,5.026348227880377,0.0,0.5608,0.0,0.05492814632022064,3.921333718244804,-0.18020031934968792,-33.8538611138371,0.25898520084566595,-0.4999992857153061,-0.008819200613839319,0.5796170364301734,1.8795291328752424,0.1036036036036036,-0.3331185567010309,-0.3406301145662848,-0.06758654250623683,-0.45768522539950657,0.8288139579908105,Biotechnology,Healthcare,CDMO
2008Q1,2008,Q1,2007-09-10,2007-07-31,-4656000.0,1625000.0,-4888000.0,-0.700001,444000.0,0.2732307692307692,38668000.0,33461000.0,35684000.0,5112000.0,5207000.0,2363000.0,-212316000.0,154553516.25,124321516.25,5.683152808889911,6.980438184663536,0.01042205441191683,0.012043871970353545,,5.683152808889911,-0.13914706673440722,95.10985615384615,-8.298620932667525,4.618915042885748,0.0,0.49978840457046125,0.0,0.04202441295127754,6.288928012519562,-0.12040964104686046,-24.551789714058778,0.2732307692307692,0.21406693597387488,0.3530074694146127,0.8345723236915076,11.947220656953863,1.324607329842932,0.11212814645308924,0.10130538701967273,0.06450941468731806,1.2109838314392496,0.9956269002946078,Biotechnology,Healthcare,CDMO
2007Q4,2007,Q4,2007-07-11,2007-04-30,-5244000.0,2240000.0,-5439000.0,-0.8906623630441018,191000.0,0.08526785714285715,22997000.0,16989000.0,19898000.0,5855000.0,6008000.0,1916000.0,-207660000.0,206071355.0,190542355.0,2.885481099495852,3.398462852263023,0.022394225333739182,0.03031373241509212,,2.885481099495852,-0.3086703160868797,91.996140625,-9.824149265827613,12.129693036670787,0.0,1.0694154488517744,0.0,0.09740400921859373,2.8683176771989753,-0.22802974300995782,-52.67672673824131,0.08526785714285715,0.15175093829043793,0.5077661728638443,2.065710030143923,0.7885765007594476,0.36428571428571427,-0.04358208955223881,-0.030113636363636363,-0.1301217817303064,-0.17193039806206753,-0.2106427150720033,Biotechnology,Healthcare,CDMO
2007Q3,2007,Q3,2007-03-12,2007-01-31,-5025000.0,363000.0,-5280000.0,-1.050001,140000.0,0.3856749311294766,28371000.0,22106000.0,25267000.0,6054000.0,6265000.0,2871000.0,-202416000.0,228500268.479982,209010268.479982,3.96166152507302,4.173604228609184,0.021994289943956857,0.02822763050755451,,3.96166152507302,-0.22731385144304714,629.477323636314,-11.368172561193134,10.336572355015923,0.0,0.0776732845698363,0.0,0.012794755207782595,3.480508754542451,-0.17711747911599873,-50.13169558577928,0.3856749311294766,0.0,0.25272369295849717,0.6021960931056767,0.1703609590705834,-0.2631578947368421,0.008875739644970414,0.022222222222222223,0.14274330928786166,0.11874596224104832,-0.03758873430025828,Biotechnology,Healthcare,CDMO
2007Q2,2007,Q2,2006-12-08,2006-10-31,-5070000.0,684000.0,-5400000.0,-1.050001,190000.0,0.2777777777777778,29805000.0,24616000.0,27417000.0,4865000.0,5189000.0,1899000.0,-197391000.0,,,,,,,,,,,,,,,,,,,,,,,,,,,,,,,Biotechnology,Healthcare,CDMO
2007Q1,2007,Q1,2006-09-11,2006-07-31,-5457000.0,421000.0,-5791000.0,-1.050001,-109000.0,-0.2589073634204275,33355000.0,28990000.0,30860000.0,3919000.0,4365000.0,971000.0,-192321000.0,,,,,,,,,,,,,,,,,,,,,,,,,,,,,,,Biotechnology,Healthcare,CDMO
