Quarters,Year,Quarter,FillingDate,Date,NetIncome,Revenue,OperatingIncome,EPSDiluted,GrossProfit,GrossProfitRatio,TotalAssets,CommonStockEquity,CurrentAssets,CurrentLiability,TotalLiability,Inventory,RetainedEarnings,MarketCap,EnterpriseValue,bookValuePerShare,currentRatio,debtToAssets,debtToEquity,roic,shareholdersEquityPerShare,roe,priceToSalesRatio,peRatio,pbRatio,payoutRatio,inventoryTurnover,dividendYield,assetTurnover,quickRatio,returnOnAssets,priceToFreeCashFlowsRatio,grossProfitMargin,epsdilutedGrowth,fiveYNetIncomeGrowthPerShare,fiveYRevenueGrowthPerShare,fiveYShareholdersEquityGrowthPerShare,grossProfitGrowth,netIncomeGrowth,operatingIncomeGrowth,threeYNetIncomeGrowthPerShare,threeYRevenueGrowthPerShare,threeYShareholdersEquityGrowthPerShare,Industry,Sector,Symbol
2023Q1,2023,Q1,2023-05-22,2023-03-31,995340.0,0.0,-1113042.0,0.11,-1113042.0,0.0,33293846.0,12641737.0,235796.0,8552109.0,20652109.0,0.0,-20417224.0,684650.1606,2129376.1606,1.599027484694641,0.02757167851812927,0.04490319322075317,0.11825906519017125,1.331619004838587,1.599027484694641,0.07873443340895321,0.0,0.17196389188618963,0.05415791837783051,0.0,0.0,0.0,0.0,0.005878549957677106,0.02989561494337422,-1.4878459338233057,0.0,0.28205128205128205,0.0,0.0,0.0,0.0,-0.49581568657843667,0.5234092295834806,0.0,0.0,0.0,Shell Companies,Financial Services,IOACW
2022Q4,2022,Q4,2023-03-31,2022-12-31,1974159.0,0.0,-2335425.0,0.0858,0.0,0.0,238208934.0,219179621.0,221041.0,6929313.0,19029313.0,0.0,-18809183.0,579600.0,1069164.0,9.529548739130435,0.03189941051876283,0.0020989976807502947,0.0022812339838839306,0.05981663082331657,9.529548739130435,0.009007037200780632,0.0,0.07339834329453707,0.002644406434118252,0.0,0.0,0.0,0.0,0.0015060656085242505,0.008287510324864642,-2.1035592832800427,0.0,1.568862275449102,10.430035156772457,0.0,20159.00683890857,1.0,1.5671801913916663,0.03004526600788199,10.430035156772457,0.0,20159.00683890857,Shell Companies,Financial Services,IOACW
2022Q3,2022,Q3,2022-11-18,2022-09-30,768999.0,0.0,-2407767.0,0.0334,-2407767.0,0.0,236338161.0,219530483.0,318282.0,4707678.0,16807678.0,0.0,-16473759.0,632500.0,846531.0,9.544803608695652,0.06760912704734691,0.0012693675821569925,0.001366552817177558,0.006244393635471658,9.544803608695652,0.0035029258328557497,0.0,0.2056244546481855,0.0028811488562160183,0.0,0.0,0.0,0.0,0.01826144438935713,0.0032538080043704835,-0.7890400158681249,0.0,0.6292682926829267,0.0,0.0,24015.02483316924,-4.0275036070817825,0.6308937054631829,-4.0275036070817825,0.0,0.0,24015.02483316924,Shell Companies,Financial Services,IOACW
2022Q2,2022,Q2,2022-08-08,2022-06-30,471520.0,0.0,-478919.0,0.0205,-478919.0,0.0,235839418.0,220804825.0,819889.0,2934593.0,15034593.0,0.0,-14140511.0,1727300.0,1139724.0,9.600209782608696,0.2793876356959892,0.0,0.0,0.006308912972053183,9.600209782608696,0.002135460581533941,0.0,0.9158148116728877,0.007822745721249524,0.0,0.0,0.0,0.0,0.20022401743614873,0.001999326507835938,-8.469481818538423,0.0,1.1708333333333332,30.73201336780377,0.0,24154.434306968604,0.0,1.1735631951205596,0.825234367872717,30.73201336780377,0.0,24154.434306968604,Shell Companies,Financial Services,IOACW
2022Q1,2022,Q1,2022-05-12,2022-03-31,-2716705.0,0.0,-2740350.0,-0.12,0.0,0.0,235784486.0,220966931.0,1023833.0,2717555.0,14817555.0,0.0,-13661610.0,5241700.0,4450180.0,9.607257869565217,0.3767478487095937,0.0,0.0,-0.012189446344034037,9.607257869565217,-0.012294622492629904,0.0,-0.48235822439315273,0.02372164910051631,0.0,0.0,0.0,0.0,0.29126181438830123,-0.011521983681318201,-27.864486428442326,0.0,-12.186813186813186,0.0,0.0,0.0,0.0,-11.97698091216539,-11.605453692374214,0.0,0.0,0.0,Shell Companies,Financial Services,IOACW
2021Q4,2021,Q4,2022-03-29,2021-12-31,-209348.0,0.0,-217394.0,-0.0091,0.0,0.0,1402.2520000000004,-10873.08,1211.947,175.332,12275.332,0.0,-10873.991,9662300.0,9661320.366,-0.00047274260869565216,6.912297812150662,0.0,0.0,19.616810362184253,-0.00047274260869565216,19.253790094435065,0.0,-11.538562584787053,-888.644247995968,0.0,0.0,0.0,0.0,5.587308648734972,-149.29413543357396,-20.107924298991513,0.0,0.0,0.0,0.0,0.0,0.0,0.0,0.0,0.0,0.0,0.0,Shell Companies,Financial Services,IOACW
2021Q3,2021,Q3,2021-12-10,2021-09-30,0.0,0.0,0.0,0.0,0.0,0.0,349398.0,9141.0,0.0,340257.0,340257.0,0.0,-15859.0,9662300.0,9742189.0,0.0003974347826086956,0.0,0.22864755951665436,8.739634613280822,,0.0003974347826086956,0.0,0.0,0.0,1057.0287714692047,0.0,0.0,0.0,0.0,0.0,0.0,0.0,0.0,1.0,0.0,0.0,0.0,0.0,1.0,1.0,0.0,0.0,0.0,Shell Companies,Financial Services,IOACW
2021Q2,2021,Q2,2021-06-30,2021-06-30,-15859.0,0.0,-15859.0,-6.895217391304348e-10,0.0,0.0,34501.0,9141.0,0.0,25360.0,25360.0,0.0,-15859.0,9662300.0,9662660.0,0.0003974347826086956,0.0,0.010434480159995362,0.03938299967180833,-1.669192716556152,0.0003974347826086956,-1.7349305327644677,0.0,-152.3157197805662,1057.0287714692047,0.0,0.0,0.0,0.0,0.0,-0.4596678357149068,0.0,0.0,0.0,0.0,0.0,0.0,0.0,0.0,0.0,0.0,0.0,0.0,Shell Companies,Financial Services,IOACW
2021Q1,2021,Q1,2021-04-30,2021-04-30,,,,,,,9501.0,9141.0,0.0,360.0,360.0,0.0,-15859.0,0.0,0.0,0.0,0.0,0.0,0.0,,0.0,,0.0,0.0,0.0,0.0,0.0,,,0.0,,0.0,0.0,0.0,0.0,0.0,0.0,0.0,0.0,0.0,0.0,0.0,0.0,Shell Companies,Financial Services,IOACW
