Quarters,Year,Quarter,FillingDate,Date,NetIncome,Revenue,OperatingIncome,EPSDiluted,GrossProfit,GrossProfitRatio,TotalAssets,CommonStockEquity,CurrentAssets,CurrentLiability,TotalLiability,Inventory,RetainedEarnings,MarketCap,EnterpriseValue,bookValuePerShare,currentRatio,debtToAssets,debtToEquity,roic,shareholdersEquityPerShare,roe,priceToSalesRatio,peRatio,pbRatio,payoutRatio,inventoryTurnover,dividendYield,assetTurnover,quickRatio,returnOnAssets,priceToFreeCashFlowsRatio,grossProfitMargin,epsdilutedGrowth,fiveYNetIncomeGrowthPerShare,fiveYRevenueGrowthPerShare,fiveYShareholdersEquityGrowthPerShare,grossProfitGrowth,netIncomeGrowth,operatingIncomeGrowth,threeYNetIncomeGrowthPerShare,threeYRevenueGrowthPerShare,threeYShareholdersEquityGrowthPerShare,Industry,Sector,Symbol
2023Q1,2023,Q1,2023-05-09,2023-03-31,-6089000.0,37000.0,-7089000.0,-0.14,-31000.0,-0.8378378378,68639000.0,64846000.0,63097000.0,2643000.0,3793000.0,0.0,-170042000.0,279651963.5,221151963.5,1.5072270357937252,23.87325009458948,0.02115415434374044,0.022391512198130955,-0.09669458266293089,1.5072270357937252,-0.09389939240662493,7558.161175675676,-11.48185102233536,4.312555338802701,0.0,0.0,0.0,0.0005390521423680414,22.704502459326523,-0.08871049986159472,-60.78069191480113,-0.8378378378378378,0.0,-0.5063842414192302,0.0,0.08345501070966996,-6.166666666666667,-0.07750840559193063,-0.14099468855625302,0.6402849511484999,0.0,-0.3353118388130735,Biotechnology,Healthcare,VRCA
2022Q4,2022,Q4,2023-03-06,2022-12-31,-5651000.0,68000.0,-6213000.0,-0.14,6000.0,0.0882352941,44721000.0,40033000.0,39115000.0,3459000.0,4688000.0,-487000.0,-163453000.0,113008645.75,80261645.75,0.9741798892409079,11.308181555362822,0.034122671675499205,0.03811855219443959,-0.13737237959964194,0.9741798892409079,-0.14115854420103416,1661.8918492647058,-4.999497688462219,2.822887261759049,0.0,-0.1273100616016427,0.0,0.0015205384494979986,10.049147152356172,-0.12636121732519398,-22.511682420318724,0.08823529411764706,-3.878048780487805,-0.9114296660078011,0.0,1.294951398551796,-0.999278759466282,-3.40795631825273,-5.290745856353591,0.5512465238420879,0.0,-0.6265694203790964,Biotechnology,Healthcare,VRCA
2022Q3,2022,Q3,2022-11-07,2022-09-30,-1282000.0,8319000.0,1448000.0,-0.0287,8319000.0,1.0,49147000.0,44765000.0,43395000.0,3078000.0,4382000.0,0.0,-157521000.0,117690375.16,86812375.16,1.1106583679616508,14.098440545808966,0.032453659429873646,0.03563051491120295,-0.4663850271275908,1.1106583679616508,-0.028638445213894782,14.14717816564491,-22.950541177847114,2.629071264604043,0.0,0.0,0.0,0.16926770708283315,12.954191033138402,-0.02608501027529656,67.32858990846681,1.0,0.9299999999999999,0.5331532226039267,0.0,0.0,37.873831775700936,0.8856888096299599,1.1587545225304243,0.8699858850504683,0.0,-0.6141451336668301,Biotechnology,Healthcare,VRCA
2022Q2,2022,Q2,2022-08-11,2022-06-30,-11215000.0,214000.0,-9121000.0,-0.41,214000.0,1.0,63436000.0,16333000.0,57341000.0,45711000.0,47103000.0,0.0,-157604000.0,52836581.76,91381581.75999999,0.5935160632162741,1.2544245367635798,0.6932183618134813,2.6924018857527705,-0.16228730929038707,0.5935160632162741,-0.686646666258495,246.89991476635512,-1.1778105608559963,3.2349587803832733,0.0,0.0,0.0,0.003373478781764298,0.3197479818861981,-0.17679235765180654,-7.203351296523517,1.0,-0.17142857142857143,-6.423617155017626,0.0,0.0,-0.5034802784222738,-0.17681007345225602,-0.23090418353576248,-0.4480341657212016,0.0,-0.807872312353321,Biotechnology,Healthcare,VRCA
2022Q1,2022,Q1,2022-05-09,2022-03-31,-9530000.0,431000.0,-7410000.0,-0.35,431000.0,1.0,71617000.0,25418000.0,65772000.0,44800000.0,46199000.0,0.0,-147436000.0,223179519.82999998,256426519.82999998,0.9236509701115079,1.468125,0.609548012343438,1.7174443307892044,-0.11788063349958831,0.9236509701115079,-0.3749311511527264,517.817911438515,-5.854656868572927,8.780372957353055,0.0,0.0,0.0,0.006018124188391025,0.49854910714285716,-0.13306896407277602,-26.74410063870581,1.0,0.10256410256410266,-11.118488440233268,0.0,0.0,0.0,0.10407069662498825,0.12234987563662206,-0.15100726690271368,0.0,-0.7225757990000157,Biotechnology,Healthcare,VRCA
2021Q4,2021,Q4,2022-03-02,2021-12-31,-10637000.0,0.0,-8443000.0,-0.39,0.0,0.0,80125000.0,32605000.0,74328000.0,46055000.0,47520000.0,0.0,-138966000.0,252074525.48,279731525.48,1.184815480387352,1.6138964281836934,0.5417659906396256,1.3313602208250268,-0.12110969379842765,1.184815480387352,-0.3262383070081276,0.0,-5.9244741346244245,7.7311616463732555,0.0,0.0,0.0,0.0,1.5276082944305722,-0.1327550702028081,-28.212034189143814,0.0,0.17021276595744672,-4.372762783002799,0.0,1.7911620572043636,0.0,0.17086288876763583,0.28254588715159756,-0.580728188552658,0.0,-0.6707986299258536,Biotechnology,Healthcare,VRCA
2021Q3,2021,Q3,2021-11-12,2021-09-30,-12829000.0,0.0,-11768000.0,-0.47,0.0,0.0,88756000.0,40852000.0,83158000.0,46374000.0,47904000.0,0.0,-129426000.0,343955962.5,366636962.5,1.4846377317852137,1.7932030879372063,0.48586011086574427,1.0555909135415646,-0.13723615160349853,1.4846377317852137,-0.3140360325075884,0.0,-6.702704078649934,8.419562383726623,0.0,0.0,0.0,0.0,1.7142148617759951,-0.14454234079949524,-32.33580544326408,0.0,-0.09302325581395345,-5.842966464408004,0.0,0.0,0.0,-0.08951167728237792,-0.09663591463982854,-0.7190457239904466,0.0,-0.61714558963628,Biotechnology,Healthcare,VRCA
2021Q2,2021,Q2,2021-08-10,2021-06-30,-11775000.0,0.0,-10731000.0,-0.43,0.0,0.0,99030000.0,52156000.0,93374000.0,45282000.0,46874000.0,0.0,-116597000.0,310904414.5,329037414.5,1.8956398575035351,2.0620555629168322,0.43258608502474,0.8213628345732035,-0.11082423654070578,1.8956398575035351,-0.22576501265434465,0.0,-6.600942983014862,5.961047904363832,0.0,0.0,0.0,0.0,1.9903935338545118,-0.11890336261738867,141.1277414888788,0.0,-9.75,-6.795827918226308,0.0,0.0,0.0,-11.580128205128204,-179.85,0.5869457733678028,0.0,-0.8926829857064467,Biotechnology,Healthcare,VRCA
2021Q1,2021,Q1,2021-05-07,2021-03-31,-936000.0,12000000.0,60000.0,-0.04,0.0,0.0,108102000.0,61810000.0,102046000.0,44658000.0,46292000.0,0.0,-104822000.0,387876420.6,386308420.6,2.4142264140508054,2.285055309239106,0.3934524800651237,0.6881248988836758,0.0005649345146741741,2.4142264140508054,-0.015143180715094644,32.32303505,-103.59947131410257,6.275302064390876,0.0,0.0,0.0,0.11100627185435977,2.221013032379417,-0.008658489204640062,-34.956418583273255,0.0,0.9230769230769231,-0.27933458123698063,0.0,0.0,0.0,0.9278723896123912,1.0049862877088007,0.6108747538393389,0.0,0.7354424006291256,Biotechnology,Healthcare,VRCA
2020Q4,2020,Q4,2021-03-17,2020-12-31,-12977000.0,0.0,-12033000.0,-0.52,0.0,0.0,74154000.0,32986000.0,67650000.0,39475000.0,41168000.0,0.0,-103886000.0,288473023.67,348615023.67,1.3161329789863605,1.7137428752374921,0.9551473959597594,2.147213969562845,-0.11383567475521499,1.3161329789863605,-0.3934093251682532,0.0,-5.557390453687293,8.745316912326441,0.0,0.0,0.0,0.0,1.6585180493983533,-0.17500067427246002,-43.425112700587086,0.0,-0.2380952380952382,-6.197081374630826,0.0,2.1005169108535666,0.0,-0.2375548350181194,-0.24862509079589085,-6.197081374630826,0.0,2.1005169108535666,Biotechnology,Healthcare,VRCA
2020Q3,2020,Q3,2020-11-09,2020-09-30,-10486000.0,0.0,-9637000.0,-0.42,0.0,0.0,79936000.0,39182000.0,73974000.0,39003000.0,40754000.0,0.0,-90909000.0,193414387.86,213192387.86,1.5679737342990032,1.8966233366664103,0.4406650320256205,0.8990097493747129,-0.1261337905579624,1.5679737342990032,-0.2676228880608443,0.0,-4.611252809937059,4.936307178296157,0.0,0.0,0.0,0.0,1.842960797887342,-0.13117994395516414,-25.056922899339295,0.0,-0.1052631578947368,-5.158947078040426,0.0,0.0,0.0,-0.11446487405675417,-0.11655659830842313,-5.158947078040426,0.0,0.0,Biotechnology,Healthcare,VRCA
2020Q2,2020,Q2,2020-08-05,2020-06-30,-9409000.0,0.0,-8631000.0,-0.38,0.0,0.0,87236000.0,48463000.0,83338000.0,38698000.0,38773000.0,0.0,-80423000.0,274871630.34,260783630.33999997,1.9411884352706605,2.153547986976071,0.3994222568664313,0.7189814910343973,-0.10345075571430283,1.9411884352706605,-0.19414811299341767,0.0,-7.3034230614305455,5.671783223077399,0.0,0.0,0.0,0.0,2.0575223525763606,-0.10785684809023798,-31.558166514351317,0.0,0.025641025641025664,-5.865159670633018,0.0,0.0,0.0,0.042048462634901244,0.126417004048583,-5.865159670633018,0.0,0.0,Biotechnology,Healthcare,VRCA
2020Q1,2020,Q1,2020-05-07,2020-03-31,-9822000.0,0.0,-9880000.0,-0.39,0.0,0.0,94442000.0,56608000.0,90647000.0,3302000.0,37834000.0,0.0,-71014000.0,272858345.31,252939345.31,2.2675701536526334,27.45215021199273,0.3660130026894814,0.610638072357264,-0.108177946151909,2.2675701536526334,-0.17350904465799888,0.0,-6.945081075901038,4.820137530207744,0.0,0.0,0.0,0.0,26.76620230163537,-0.10400033883229919,-31.709278943637422,0.0,-0.2580645161290323,-12.76803266057305,0.0,0.0,0.0,-0.2861071101217756,-0.23654568210262827,-12.76803266057305,0.0,0.0,Biotechnology,Healthcare,VRCA
2019Q4,2019,Q4,2020-03-13,2019-12-31,-7637000.0,0.0,-7990000.0,-0.31,0.0,0.0,68424000.0,65015000.0,64983000.0,3351000.0,3409000.0,0.0,-61192000.0,396011851.2,386958851.2,2.6087308924455743,19.39212175470009,0.0018999181573716825,0.001999538568022764,-0.1222965423292976,2.6087308924455743,-0.11746520033838345,0.0,-12.963593400549955,6.091084383603784,0.0,0.0,0.0,0.0,18.50701283199045,-0.111612884368058,-48.20007925998053,0.0,-0.2916666666666667,-3.259420299922506,0.0,5.145590435795502,0.0,-0.2540229885057471,-0.22115237658566406,-3.259420299922506,0.0,5.145590435795502,Biotechnology,Healthcare,VRCA
2019Q3,2019,Q3,2019-11-06,2019-09-30,-6090000.0,0.0,-6543000.0,-0.24,0.0,0.0,76074000.0,71653000.0,74040000.0,4330000.0,4421000.0,0.0,-53555000.0,367421211.36,357039211.36,2.8784355592463693,17.099307159353348,0.0016694271367352841,0.001772431021729725,-0.0908775243756771,2.8784355592463693,-0.08499295214436241,0.0,-15.082972551724138,5.127785457133686,0.0,0.0,0.0,0.0,16.415242494226327,-0.08005363198990456,-46.467840060705704,0.0,0.14285714285714296,-2.590739186874378,0.0,0.0,0.0,0.13012426796171975,0.13003589948145194,-2.590739186874378,0.0,0.0,Biotechnology,Healthcare,VRCA
2019Q2,2019,Q2,2019-08-07,2019-06-30,-7001000.0,0.0,-7521000.0,-0.28,0.0,0.0,81250000.0,76845000.0,79739000.0,4281000.0,4405000.0,0.0,-47465000.0,304974524.98,285370524.98,3.0891750714646853,18.62625554776921,0.0015261538461538461,0.0016136378424100462,-0.09740083142313222,3.0891750714646853,-0.09110547205413495,0.0,-10.890391550492787,3.968697052248032,0.0,0.0,0.0,0.0,18.396169119364636,-0.08616615384615385,-60.39099504554456,0.0,0.06666666666666654,-4.126686462760533,0.0,0.0,0.0,0.06391228773900254,0.06292050834786943,-4.126686462760533,0.0,0.0,Biotechnology,Healthcare,VRCA
2019Q1,2019,Q1,2019-05-07,2019-03-31,-7479000.0,0.0,-8026000.0,-0.3,0.0,0.0,85979000.0,82761000.0,84677000.0,3062000.0,3218000.0,0.0,-40464000.0,257029352.14,232880352.14,3.3293813833911337,27.654147615937298,0.0014189511392316727,0.0014741242855934558,-0.09651158595976479,3.3293813833911337,-0.09036865190125784,0.0,-8.591701836475465,3.1056820499993956,0.0,0.0,0.0,0.0,27.200522534291313,-0.0869863571337187,-37.15907938990892,0.0,0.0,-9.528594205007359,0.0,0.0,0.0,-0.23090849242922976,-0.20041878552198625,-9.528594205007359,0.0,0.0,Biotechnology,Healthcare,VRCA
2018Q4,2018,Q4,2019-03-07,2018-12-31,-6076000.0,0.0,-6686000.0,-0.3,0.0,0.0,91906000.0,89429000.0,91152000.0,2477000.0,2477000.0,0.0,-33083000.0,202510197.55,192239197.55,3.5990599921272954,36.79935405732741,0.0,0.0,-0.07476321998456877,3.5990599921272954,-0.06794216641134308,0.0,-8.33238140018104,2.26448017477552,0.0,0.0,0.0,0.0,36.257165926524024,-0.06611102648358105,-26.811888991129354,0.0,-0.111111111111111,-2.3989162854887747,0.0,7.478585786492041,0.0,0.09838254933966464,0.06685275645498953,-2.3989162854887747,0.0,7.478585786492041,Biotechnology,Healthcare,VRCA
2018Q3,2018,Q3,2018-11-07,2018-09-30,-6739000.0,0.0,-7165000.0,-0.27,0.0,0.0,98805000.0,96354000.0,98677000.0,2451000.0,2451000.0,0.0,-27007000.0,400541893.44,362230893.44,3.877812796709787,40.25989392084863,0.0,0.0,-0.07436120970587624,3.877812796709787,-0.06994001286921145,0.0,-14.85909977147945,4.156982516968679,0.0,0.0,0.0,0.0,39.565483476132194,-0.06820505035170285,-77.77512493980582,0.0,0.7403846153846154,-2.980677400786829,0.0,0.0,0.0,-0.13089444537674105,-0.17228403141361257,-2.980677400786829,0.0,0.0,Biotechnology,Healthcare,VRCA
2018Q2,2018,Q2,2018-08-07,2018-06-30,-5959000.0,0.0,-6112000.0,-1.04,0.0,0.0,104716000.0,101591000.0,104590000.0,3125000.0,3125000.0,0.0,-20268000.0,113473661.98,10324661.980000004,17.663926544939375,33.4688,0.0,0.0,-0.06016280969770944,17.663926544939375,-0.0586567707769389,0.0,-4.760600015942273,1.1169656955832703,0.0,0.0,0.0,0.0,33.00768,-0.056906298941899996,-30.06721303126656,0.0,-10.555555555555557,-17.873618560422287,0.0,0.0,0.0,-2.17982924226254,-2.1916449086161878,-17.873618560422287,0.0,0.0,Biotechnology,Healthcare,VRCA
2018Q1,2018,Q1,2018-03-31,2018-03-31,-1874000.0,0.0,-1915000.0,-0.09,0.0,0.0,29396000.0,27748000.0,28905000.0,1648000.0,1648000.0,0.0,-14309000.0,349061492.5,321576492.5,1.3911302461986694,17.539441747572816,0.0,0.0,-0.06901398298976502,1.3911302461986694,-0.06753639901974917,0.0,-46.566367729455706,12.579699167507568,0.0,0.0,0.0,0.0,16.677791262135923,-0.06375017009116887,-160.78373675725473,0.0,-0.25104253544620503,-2.287719298245614,0.0,0.0,0.0,-0.3059233449477352,-0.33542538354253837,-2.287719298245614,0.0,0.0,Biotechnology,Healthcare,VRCA
2017Q4,2017,Q4,2017-12-31,2017-12-31,-1435000.0,0.0,-1434000.0,-0.07194,0.0,0.0,9083000.0,8467000.0,9083000.0,616000.0,616000.0,0.0,-12435000.0,349061492.5,340398492.5,0.42448824400187884,14.74512987012987,0.0,0.0,-0.16936341088933507,0.42448824400187884,-0.16948151647572932,0.0,-60.81210670731708,41.226112259359866,0.0,0.0,0.0,0.0,14.063311688311689,-0.1579874490807002,-188.9883554412561,0.0,-0.05587600722117043,0.0,0.0,0.0,0.0,-0.05592347314201619,-0.055964653902798235,0.0,0.0,0.0,Biotechnology,Healthcare,VRCA
2017Q3,2017,Q3,2017-09-30,2017-09-30,-1359000.0,0.0,-1358000.0,-0.068133,0.0,0.0,,,,,,,,349061492.5,,,0.0,0.0,0.0,0.0,,0.0,0.0,-64.21293092347314,0.0,0.0,0.0,0.0,0.0,0.0,0.0,-324.7083651162791,0.0,-0.2411060713700202,0.0,0.0,0.0,0.0,-0.2410958904109589,-0.2401826484018265,0.0,0.0,0.0,Biotechnology,Healthcare,VRCA
2017Q2,2017,Q2,2017-06-30,2017-06-30,-1095000.0,0.0,-1095000.0,-0.054897,0.0,0.0,,,,,,,,349061492.5,,,0.0,0.0,0.0,0.0,,0.0,0.0,-79.6944046803653,0.0,0.0,0.0,0.0,0.0,0.0,0.0,-303.0047677951389,0.0,-0.9210204010218007,0.0,0.0,0.0,0.0,-0.9210526315789473,-0.9210526315789473,0.0,0.0,0.0,Biotechnology,Healthcare,VRCA
2017Q1,2017,Q1,2017-03-31,2017-03-31,-570000.0,0.0,-570000.0,-0.028577,0.0,0.0,,,,,,,,349061492.5,,,0.0,0.0,0.0,0.0,,0.0,0.0,-153.09714583333331,0.0,0.0,0.0,0.0,0.0,0.0,0.0,-685.778963654224,0.0,0.0,0.0,0.0,0.0,0.0,0.0,0.0,0.0,0.0,0.0,Biotechnology,Healthcare,VRCA
