Quarters,Year,Quarter,FillingDate,Date,NetIncome,Revenue,OperatingIncome,EPSDiluted,GrossProfit,GrossProfitRatio,TotalAssets,CommonStockEquity,CurrentAssets,CurrentLiability,TotalLiability,Inventory,RetainedEarnings,MarketCap,EnterpriseValue,bookValuePerShare,currentRatio,debtToAssets,debtToEquity,roic,shareholdersEquityPerShare,roe,priceToSalesRatio,peRatio,pbRatio,payoutRatio,inventoryTurnover,dividendYield,assetTurnover,quickRatio,returnOnAssets,priceToFreeCashFlowsRatio,grossProfitMargin,epsdilutedGrowth,fiveYNetIncomeGrowthPerShare,fiveYRevenueGrowthPerShare,fiveYShareholdersEquityGrowthPerShare,grossProfitGrowth,netIncomeGrowth,operatingIncomeGrowth,threeYNetIncomeGrowthPerShare,threeYRevenueGrowthPerShare,threeYShareholdersEquityGrowthPerShare,Industry,Sector,Symbol
2023Q1,2023,Q1,2023-03-29,2023-03-31,656000.0,12141000.0,902000.0,0.11,2664000.0,0.2194217939,31633000.0,17316000.0,21616000.0,11385000.0,14317000.0,6930000.0,0.0,15248858.600000001,15749858.600000001,3.0368291827428973,1.8986385595081248,0.0883570954383081,0.1614114114114114,0.04270024616549896,3.0368291827428973,0.03788403788403789,1.2559804464212174,5.811302820121951,0.8806224647724648,,1.3675324675324676,,0.38380804855688677,1.277119016249451,0.020737837068883762,0.0,0.21942179392142327,1.7857142857142856,0.8839705366538059,-0.1378721548398167,-0.01974658014731675,0.02857142857142857,0.23540489642184556,1.9003215434083602,8.071696740584851,0.21402769435808158,0.02471025121794569,Communication Equipment,Technology,BOSC
2022Q4,2022,Q4,2022-12-31,2022-12-31,531000.0,11328000.0,311000.0,-0.14,2590000.0,0.2286370056,30595000.0,16634000.0,20574000.0,11195000.0,13961000.0,6433000.0,-69132000.0,11905776.0,13150776.0,2.9172220273588216,1.8377847253238053,0.09831671841804217,0.1808344354935674,0.014806217605431124,2.9172220273588216,0.031922568233738124,1.0510042372881356,5.6053559322033895,0.715749428880606,0.0,1.3583087206591016,0.0,0.37025657787220134,1.2515408664582404,0.017355777087759438,-6.942143440233236,0.2286370056497175,-3.8,-0.04688609473783262,-0.15845353946315804,-0.04158207615545465,0.295647823911956,0.9379562043795621,0.32340425531914896,2.1836632341624043,-0.09565463115808036,-0.01078829397994245,Communication Equipment,Technology,BOSC
2022Q3,2022,Q3,2022-09-30,2022-09-30,274000.0,9045000.0,235000.0,0.05,1999000.0,0.2210060807,29142000.0,16084000.0,19264000.0,10146000.0,13058000.0,6340000.0,0.0,12601420.0,14938420.0,2.8207646439845666,1.8986792824758525,0.12181730835220644,0.22071623974135787,0.013019258193314068,2.8207646439845666,0.017035563292713257,1.393191818684356,11.49764598540146,0.7834755036060682,,1.1113564668769715,,0.31037677578752315,1.2610881135422827,0.009402237320705512,0.0,0.22100608070757324,0.6722408026755854,0.1780342888725911,-0.28971635217461,-0.059551371529563364,-0.09914375844975214,0.7341772151898734,-0.5615671641791045,1.2713673921477595,-0.1465246755125491,-0.0678451025156162,Communication Equipment,Technology,BOSC
2022Q2,2022,Q2,2022-06-30,2022-06-30,158000.0,10349000.0,536000.0,0.0299,2219000.0,0.2144168519,25928000.0,15783000.0,18231000.0,8849000.0,10145000.0,5618000.0,-69792000.0,11499690.0,12024690.0,3.0057131974861933,2.060232794666064,0.06344492440604751,0.1042260660204017,0.029478083924544905,3.0057131974861933,0.01001077108281062,1.1111885206300125,18.195712025316453,0.7286124310967497,,1.4471342114631542,,0.39914378278309165,1.4106678720759407,0.00609379821042888,0.0,0.21441685186974588,-0.3796680497925311,-0.43736247599424544,-0.08910693887513862,-0.032486387535295654,-0.014653641207815276,-0.3803921568627451,0.15268817204301074,5.078080365644639,-0.09375309822507655,-0.1075857045752759,Communication Equipment,Technology,BOSC
2022Q1,2022,Q1,2022-03-31,2022-03-31,255000.0,10789000.0,465000.0,0.0482,2252000.0,0.208731115,26581000.0,14687000.0,19040000.0,10133000.0,11894000.0,5541000.0,0.0,15858020.0,16726020.0,2.7969910493239385,1.8790091779334848,0.08156201798276964,0.14761353577994143,0.021157966636879865,2.7969910493239385,0.017362293184448832,1.4698322365372138,15.54707843137255,1.0797317355484441,,1.5406966251579137,,0.405891426206689,1.3085956774893912,0.009593318535796246,0.0,0.20873111502456204,1.536842105263158,-0.009926194816147697,-0.1282835788383511,-0.06818784183816762,0.30324074074074076,1.55,7.017241379310345,0.13560786956330662,-0.03447301021381553,-0.19026876057981687,Communication Equipment,Technology,BOSC
2021Q4,2021,Q4,2021-12-31,2021-12-31,100000.0,9079000.0,58000.0,0.019,1728000.0,0.1903293314,24757000.0,14347000.0,17870000.0,8752000.0,10410000.0,5567000.0,0.0,15411685.0,16060685.0,2.7322414778137496,2.041819012797075,0.10195096336389708,0.1759252805464557,0.005378138793071473,2.7322414778137496,0.006970098278385725,1.697509086903844,38.52921250000001,1.0742095908552312,,1.320459852703431,,0.3667245627499293,1.378085009140768,0.00403926162297532,0.0,0.19032933142416567,-0.050000000000000044,-0.7579934763458841,-0.289978142263535,-0.11418592349071936,0.09714285714285714,0.14942528735632185,-0.3958333333333333,-0.8204712301862926,-0.32421860625836285,-0.1564254876075001,Communication Equipment,Technology,BOSC
2021Q3,2021,Q3,2021-09-30,2021-09-30,87000.0,7998000.0,96000.0,0.02,1575000.0,0.19692423105776444,24335000.0,14197000.0,17459000.0,8228000.0,10138000.0,5149000.0,0.0,18280500.0,18982500.0,2.718169634309784,2.121900826446281,0.11111567700842408,0.1904627738254561,0.005326231691078562,2.718169634309784,0.006128055222934423,2.285633908477119,52.5301724137931,1.2876311896879622,,1.2474266847931637,,0.3286624203821656,1.4674282936315022,0.003575097596055065,0.0,0.19692423105776444,-0.20000000000000004,1.217029741808044,-0.34818923044181693,-0.09201712190577378,-0.017467248908296942,-0.3829787234042553,-0.2558139534883721,-0.7259291169400302,-0.29449651580475283,-0.13677286387838689,Communication Equipment,Technology,BOSC
2021Q2,2021,Q2,2021-06-30,2021-06-30,141000.0,9229000.0,129000.0,0.025,1603000.0,0.17369162422797702,24803000.0,14065000.0,17993000.0,8690000.0,10738000.0,4816000.0,0.0,20056320.0,20981320.0,2.6928968026038675,2.0705408515535098,0.11506672579929847,0.20291503732669747,0.0071023869861810175,2.6928968026038675,0.010024884464984002,2.173184527034348,35.56085106382979,1.4259736935655882,,1.583471760797342,,0.3720920856348022,1.5003452243958573,0.005684796194008789,0.0,0.17369162422797702,0.25000000000000006,-0.4617944439885853,-0.29634047541779934,-0.1510345421509896,-0.04583333333333333,0.14634146341463414,-0.44871794871794873,-0.5031052556002298,-0.173126289926888,-0.12898615226047344,Communication Equipment,Technology,BOSC
2021Q1,2021,Q1,2021-03-31,2021-03-31,123000.0,7328000.0,234000.0,0.02,1680000.0,0.2292576419213974,24479000.0,13854000.0,17772000.0,8457000.0,10625000.0,5841000.0,0.0,18668340.0,19235340.0,2.6864456079115766,2.1014544164597373,0.09105764124351486,0.16089216110870508,0.013609398627428172,2.6864456079115766,0.008878302295365958,2.547535480349345,37.94378048780488,1.3475054135989606,,0.9669577127204246,,0.29935863393112466,1.394820858460447,0.005024715061889783,0.0,0.2292576419213974,-0.6666666666666666,-0.7420831350150721,-0.5809453015405519,-0.10577107860338032,-0.1148577449947313,-0.5040322580645161,-0.3709677419354839,-0.6094240837696334,-0.42464915487956306,-0.13284635521546515,Communication Equipment,Technology,BOSC
2020Q4,2020,Q4,2020-12-31,2020-12-31,248000.0,10426000.0,372000.0,0.06,1898000.0,0.18204488778054864,23028000.0,11869000.0,16530000.0,8909000.0,11159000.0,4871000.0,-70715000.0,9865420.0,11417420.0,2.7310170271514034,1.8554270961948591,0.1123849227027966,0.21804701322773612,0.02418568363565438,2.7310170271514034,0.02089476788271969,0.9462324956838672,9.944979838709678,0.8311921813126633,,1.750769862451242,,0.45275317005384746,1.1701650016836906,0.010769498002431823,0.0,0.18204488778054864,0.4999999999999999,-0.44189307172563874,-0.31926776111476585,-0.12128844921938708,0.1413108839446783,0.3854748603351955,0.6387665198237885,-0.4159642171663318,0.01620205533642751,-0.10275747111496758,Communication Equipment,Technology,BOSC
2020Q3,2020,Q3,2020-09-30,2020-09-30,179000.0,8179000.0,227000.0,0.04,1663000.0,0.20332558992541874,23653000.0,11533000.0,16853000.0,9527000.0,12120000.0,5315000.0,0.0,10519470.0,12887470.0,2.664125664125664,1.768972394247927,0.1283980890373314,0.26333131015347266,0.01459525493473928,2.664125664125664,0.015520679788433191,1.2861560092920894,14.691997206703912,0.9121191363912252,0.0,1.225964252116651,0.0,0.3457912315562508,1.1926104754907105,0.0075677503910709,0.0,0.20332558992541874,1.120612712579906,-0.2521216869042956,-0.37571884831614777,-0.08300821092480859,0.9049255441008018,1.1243919388464212,1.167157584683358,0.013678013678013566,-0.15401418597765631,-0.11177512372649398,Communication Equipment,Technology,BOSC
2020Q2,2020,Q2,2020-06-30,2020-06-30,-1439000.0,7478000.0,-1358000.0,-0.33164,873000.0,0.11674244450387804,23903000.0,11345000.0,16853000.0,9698000.0,12558000.0,5972000.0,-71140000.0,12597390.0,15583390.0,2.6206976206976207,1.737780985770262,0.14362213948039995,0.3026002644336712,-0.08535512256442489,2.6206976206976207,-0.12684001762891142,1.68459347419096,-2.1885667129951356,1.110391361833407,0.0,1.105994641661085,0.0,0.3128477596954357,1.1039389564858735,-0.06020164832866168,0.0,0.11674244450387804,-34.164,-22.629531388152078,-0.465720205598914,-0.17053733474397675,-0.4815914489311164,-27.64814814814815,-13.345454545454546,-7.215654022882938,-0.2016213767256054,-0.15641963967173964,Communication Equipment,Technology,BOSC
2020Q1,2020,Q1,2020-05-27,2020-03-31,54000.0,7468000.0,110000.0,0.01,1684000.0,0.225495447241564,24646000.0,12619000.0,16767000.0,9373000.0,12027000.0,5727000.0,0.0,7587756.0,10459756.0,2.9635979333020197,1.7888616238130801,0.15974194595471883,0.3119898565654965,0.00631240674853667,2.9635979333020197,0.004279261431175212,1.0160358864488483,35.1285,0.6012961407401538,,1.0099528548978522,,0.3030106305282805,1.1525658807212205,0.002191024912764749,0.0,0.225495447241564,1.125,1.9596054485674026,-0.45340018763980994,0.038574652041001106,-0.11554621848739496,1.1611940298507464,1.4741379310344827,-0.7414422791192569,-0.2558941745522519,-0.012683080690734382,Communication Equipment,Technology,BOSC
2019Q4,2019,Q4,2020-02-26,2019-12-31,-335000.0,9354000.0,-232000.0,-0.08,1904000.0,0.20354928372888603,25199000.0,12557000.0,17322000.0,10009000.0,12642000.0,5407000.0,-69755000.0,8473420.0,11390420.0,2.9490371066228276,1.7306424218203618,0.12921147664589866,0.2592976029306363,-0.014493872553133322,2.9490371066228276,-0.026678346738870748,0.9058605943981185,-6.323447761194029,0.6747965278330812,,1.3778435361568337,,0.3712052065558157,1.0473573783594765,-0.013294178340410334,0.0,0.20354928372888603,0.5555555555555556,0.6435348947321364,-0.44405478277346544,-0.0591140815192413,0.3877551020408163,0.5557029177718833,0.6795580110497238,-1.9997887403994845,-0.09787352338987036,-0.04389908344229624,Communication Equipment,Technology,BOSC
2019Q3,2019,Q3,2019-10-24,2019-09-30,-754000.0,7914000.0,-724000.0,-0.18,1372000.0,0.17336365933788223,25741000.0,12885000.0,17364000.0,10020000.0,12856000.0,5048000.0,0.0,9793400.0,12438400.0,3.026068576796618,1.732934131736527,0.14525465211141758,0.2901823826154443,-0.03732402744180513,3.026068576796618,-0.05851765618936748,1.2374778872883498,-3.2471485411140577,0.7600620876988746,,1.295958795562599,,0.3074472631210909,1.1962075848303393,-0.029291791305699078,0.0,0.17336365933788223,-37.37833468067906,-34.01904209722875,-0.5917319198682478,-0.1112301343331493,-0.20785219399538107,-38.7,-5.859060402684563,-1.3072025111984327,-0.20886509387532076,0.010834063109525616,Communication Equipment,Technology,BOSC
2019Q2,2019,Q2,2019-08-27,2019-06-30,20000.0,8786000.0,149000.0,0.004948,1732000.0,0.19713180059185068,25229000.0,13607000.0,16674000.0,8608000.0,11622000.0,4272000.0,-68666000.0,11372600.0,13378600.0,3.368069306930693,1.9370353159851301,0.13639066154029095,0.2528845447196296,0.007510648486528718,3.368069306930693,0.0014698317042698612,1.294400182107899,142.1575,0.8357904019989711,,1.6512172284644195,,0.3482500297276943,1.4027648698884758,0.000792738515200761,0.0,0.19713180059185068,-0.8763,1.0769333139196273,-0.5831187914067855,0.015761258137800122,0.0496969696969697,-0.8717948717948718,-0.1534090909090909,-0.9013044161559014,-0.13396033325590018,0.06182104656248751,Communication Equipment,Technology,BOSC
2019Q1,2019,Q1,2019-04-01,2019-03-31,156000.0,7763000.0,176000.0,0.04,1650000.0,0.21254669586500063,22672000.0,12601000.0,15764000.0,7559000.0,10071000.0,3565000.0,0.0,10433280.0,10921280.0,3.45422149122807,2.085461039820082,0.11754587155963303,0.21149115149591302,0.009835635694588035,3.45422149122807,0.012379969843663201,1.343975267293572,16.72,0.8279723831441949,,1.714726507713885,,0.3424047282992237,1.5708427040613837,0.006880733944954129,0.0,0.21254669586500063,-0.6363636363636365,2.248576238390093,-0.6204679772621549,0.14587697850054757,-0.14151925078043703,-0.5862068965517241,-0.5707317073170731,-0.5375747607655502,-0.37243727287258677,0.14979612811411488,Communication Equipment,Technology,BOSC
2018Q4,2018,Q4,2019-01-07,2018-12-31,377000.0,9093000.0,410000.0,0.11,1922000.0,0.21137138458154625,20111000.0,11511000.0,14069000.0,6432000.0,8600000.0,2874000.0,-68842000.0,7712180.0,8636180.0,3.238885762521103,2.187344527363184,0.11605588981154592,0.20276257492832941,0.03435175153485012,3.238885762521103,0.03275128138302493,0.848144726712856,5.114177718832891,0.6699834940491703,,2.4951287404314546,,0.45214061956143403,1.5736940298507462,0.01874595992243051,0.0,0.21137138458154625,0.8333333333333334,2.1858673358547858,-0.5317223701664121,0.12957256166234893,0.19825436408977556,0.7453703703703703,0.49635036496350365,0.037479159982959934,-0.27399754729326403,0.04211958508173223,Communication Equipment,Technology,BOSC
2018Q3,2018,Q3,2018-11-27,2018-09-30,216000.0,7714000.0,274000.0,0.06,1604000.0,0.20793362717137673,19990000.0,11191000.0,13944000.0,6478000.0,8799000.0,2991000.0,0.0,8494060.0,9606060.0,3.1488463702870004,2.1525162087063907,0.1266633316658329,0.22625323921007953,0.01899894097211633,3.1488463702870004,0.019301224198016262,1.101122634171636,9.831087962962963,0.7590081315342687,,2.042795051822133,,0.38589294647323663,1.642945353504168,0.010805402701350676,0.0,0.20793362717137673,0.1999999999999999,-0.6736738384687136,-0.592423789138585,0.15707410321117043,0.030848329048843187,0.125,0.1759656652360515,0.09926353649286783,-0.28281728895788255,0.08383260800876409,Communication Equipment,Technology,BOSC
2018Q2,2018,Q2,2018-07-11,2018-06-30,192000.0,7552000.0,233000.0,0.05,1556000.0,0.20603813559322035,19977000.0,10926000.0,14001000.0,6624000.0,9051000.0,2751000.0,-69435000.0,8163540.0,9303540.0,3.0916808149405774,2.1136775362318843,0.1319517445061821,0.2412593812923302,0.017180356879516294,3.0916808149405774,0.01757276221856123,1.0809772245762712,10.629609375000001,0.747166392092257,,2.179571065067248,,0.3780347399509436,1.6527777777777777,0.00961105271061721,0.0,0.20603813559322035,-0.1666666666666666,2.0653925354666054,-0.6284867101468317,0.1999403369045267,-0.06321493076459964,-0.06341463414634146,-0.18815331010452963,2.535156021310228,-0.3390534936937333,-0.021469020833131493,Communication Equipment,Technology,BOSC
2018Q1,2018,Q1,2018-04-13,2018-03-31,205000.0,8291000.0,287000.0,0.06,1661000.0,0.20033771559522373,21146000.0,10400000.0,15220000.0,8094000.0,10746000.0,2957000.0,0.0,7486110.0,9406110.0,3.0980041703902295,1.8804052384482333,0.13539203631892557,0.27528846153846154,0.02196051996061402,3.0980041703902295,0.01971153846153846,0.9029200337715595,9.12940243902439,0.7198182692307692,,2.242137301318904,,0.39208360919322804,1.4896219421793921,0.009694504870897569,0.0,0.20033771559522373,-0.38775510204081637,1.3468230196149213,-0.5198219388044714,0.19058985205044196,-0.14951356886840758,-0.375,-0.29310344827586204,5.620693079138119,-0.23029129187573438,0.08567649043393606,Communication Equipment,Technology,BOSC
2017Q4,2017,Q4,2018-03-29,2017-12-31,328000.0,7925000.0,406000.0,0.098,1953000.0,0.2464353312302839,21407000.0,10218000.0,15722000.0,8380000.0,11189000.0,3240000.0,-69832000.0,7351494.300000001,8846494.3,3.0437890974084003,1.8761336515513127,0.14144905871911057,0.29633979252299864,0.02983219613692236,3.0437890974084003,0.03210021530632218,0.9276333501577289,5.603273094512196,0.7194650910158544,,1.84320987654321,,0.3702060073807633,1.359546539379475,0.01532209090484421,0.0,0.2464353312302839,1.45,1.9525122978206089,-0.5710947378423076,0.07832208336023354,0.3195945945945946,1.4848484848484849,0.9901960784313726,1.442690676358711,-0.40256835943685726,-0.028883599278799934,Communication Equipment,Technology,BOSC
2017Q3,2017,Q3,2017-10-19,2017-09-30,132000.0,7227000.0,204000.0,0.04,1480000.0,0.20478760204787602,20601000.0,9706000.0,14984000.0,8136000.0,10895000.0,2925000.0,0.0,5921880.0,7212880.0,2.99938195302843,1.8416912487708947,0.1433425561865929,0.30424479703276325,0.015303469366066512,2.99938195302843,0.01359983515351329,0.8194105437941054,11.215681818181817,0.6101256954461158,,1.9647863247863249,,0.3508082131935343,1.4573500491642084,0.006407455948740352,0.0,0.20478760204787602,-0.20000000000000004,1.6909326328800989,-0.5364491145725515,0.10809519741147373,0.01092896174863388,-0.20481927710843373,-0.14285714285714285,6.6061379789864025,-0.5094259409812922,-0.11906811500662837,Communication Equipment,Technology,BOSC
2017Q2,2017,Q2,2017-08-28,2017-06-30,166000.0,6716000.0,238000.0,0.05,1464000.0,0.21798689696247767,20456000.0,9643000.0,14972000.0,7943000.0,10813000.0,2759000.0,-70292000.0,5525120.0,6791120.0,3.1066365979381443,1.8849301271559864,0.14939382088384826,0.3169138234989111,0.018741633199464525,3.1066365979381443,0.01721455978429949,0.8226801667659321,8.320963855421688,0.5729669190086073,,1.9035882566147155,,0.3283144309737974,1.5120231650509883,0.00811497849041846,0.0,0.21798689696247767,0.0,1.2793695412612005,-0.5910778095615725,0.12502008829427702,0.011049723756906077,0.1292517006802721,0.0,1.8310979002425711,-0.5852451623363509,-0.06308308656086709,Communication Equipment,Technology,BOSC
2017Q1,2017,Q1,2017-05-09,2017-03-31,147000.0,7064000.0,238000.0,0.05,1448000.0,0.20498301245753114,19714000.0,8996000.0,14345000.0,7854000.0,10718000.0,2648000.0,0.0,6443550.0,8467550.0,3.001668335001668,1.8264578558696205,0.15471238713604546,0.3390395731436194,0.019757595882450605,3.001668335001668,0.016340595820364606,0.9121673272933183,10.958418367346939,0.7162683414851045,,2.120845921450151,,0.35832403368164756,1.4642220524573466,0.007456629806229076,0.0,0.20498301245753114,-0.375,1.1791399504079243,-0.6262498836331603,0.017482716970331977,0.008356545961002786,-0.3287671232876712,-0.23717948717948717,2.726094682918212,-0.5796242877320077,-0.004249539032996563,Communication Equipment,Technology,BOSC
2016Q4,2016,Q4,2017-03-21,2016-12-31,219000.0,6777000.0,312000.0,0.08,1436000.0,0.21189316806846686,18144000.0,8584000.0,12716000.0,6617000.0,9560000.0,2314000.0,-70605000.0,5899960.0,7747960.0,3.0844412504491556,1.9217167900861418,0.17272927689594356,0.3650978564771668,0.026625704045058884,3.0844412504491556,0.025512581547064307,0.8705858049284344,6.735114155251142,0.6873205964585275,,2.308124459809853,,0.37351190476190477,1.4050173794771044,0.01207010582010582,0.0,0.21189316806846686,2.0,1.041858931710051,-0.6465131649083694,-0.041926941086166604,0.4189723320158103,2.0682926829268293,3.6440677966101696,1.3633860565392875,-0.5543048345640808,0.07570950630098701,Communication Equipment,Technology,BOSC
2016Q3,2016,Q3,2016-11-01,2016-09-30,-205000.0,6275000.0,-118000.0,-0.08,1012000.0,0.16127490039840636,17656000.0,7996000.0,12193000.0,6522000.0,9660000.0,2340000.0,0.0,6009750.0,8237750.0,2.9936353425683264,1.8695185525912297,0.18752831898504757,0.41408204102051027,-0.010804963046937044,2.9936353425683264,-0.025637818909454727,0.9577290836653386,-7.328963414634146,0.7515945472736368,,2.249145299145299,,0.3554032623470775,1.4819073903710518,-0.011610783869506118,0.0,0.16127490039840636,-2.6,0.9352836243102538,-0.8004309373502965,-0.18233957407448192,-0.23100303951367782,-2.626984126984127,-1.561904761904762,-1.4120932850556203,-0.5588498222686122,0.10004030746911265,Communication Equipment,Technology,BOSC
2016Q2,2016,Q2,2016-08-29,2016-06-30,126000.0,6308000.0,210000.0,0.05,1316000.0,0.20862396956246038,17151000.0,7968000.0,11658000.0,5852000.0,9183000.0,2111000.0,-70619000.0,7586240.0,9386240.0,3.171974522292994,1.9921394395078607,0.19462422016208966,0.41892570281124497,0.01857420838492836,3.171974522292994,0.01581325301204819,1.2026379201014585,15.05206349206349,0.9520883534136546,,2.364756039791568,,0.3677919654830622,1.599794941900205,0.007346510407556411,0.0,0.20862396956246038,-0.4444444444444444,1.106920758138712,-0.7933616353406424,-0.4048588188269249,-0.15151515151515152,-0.42727272727272725,-0.304635761589404,1.983616660369211,-0.5634329365402192,0.23110385733851554,Communication Equipment,Technology,BOSC
2016Q1,2016,Q1,2016-04-12,2016-03-31,220000.0,8067000.0,302000.0,0.09,1551000.0,0.19226478244700632,17783000.0,7147000.0,12266000.0,6903000.0,10636000.0,2351000.0,0.0,4829370.0,7855370.0,3.0042034468263976,1.7769085904679125,0.21081932182421415,0.5245557576605568,0.027716593245227607,3.0042034468263976,0.030782146355114035,0.5986574934920045,5.487920454545454,0.6757198824681684,,2.7715865589111015,,0.453635494573469,1.410691003911343,0.012371365911263567,0.0,0.19226478244700632,-0.10000000000000009,0.8762067601315433,-0.7441648167225003,-0.46451199166262075,0.013063357282821686,0.028037383177570093,0.12267657992565056,1.525210783187041,-0.34072841962449685,0.15454142104525714,Communication Equipment,Technology,BOSC
2015Q4,2015,Q4,2016-01-06,2015-12-31,214000.0,7376000.0,269000.0,0.1,1531000.0,0.2075650759219089,16825000.0,6505000.0,11913000.0,6667000.0,10320000.0,2503000.0,-70965000.0,4081350.0,6520350.0,3.107978977544195,1.7868606569671517,0.22930163447251115,0.5930822444273636,0.030354946059145897,3.107978977544195,0.0328977709454266,0.5533283622559653,4.767932242990654,0.6274173712528823,,2.3351977626847784,,0.4383952451708767,1.2783860806959653,0.012719167904903418,0.0,0.2075650759219089,0.6666666666666669,1.1068641373119634,1.5270159456380192,-0.42258973809946304,0.22873194221508827,0.8608695652173913,0.4010416666666667,2.0896818222905176,-0.3597270937791772,0.10106260941626291,Communication Equipment,Technology,BOSC
2015Q3,2015,Q3,2015-10-22,2015-09-30,115000.0,6295000.0,192000.0,0.06,1246000.0,0.19793486894360604,16306000.0,6043000.0,11356000.0,10063000.0,10263000.0,2921000.0,0.0,4804800.0,7822800.0,2.9052884615384613,1.1284905097883335,0.2629706856371888,0.7095813337746153,0.01737607154408588,2.9052884615384613,0.019030282972033758,0.7632724384432089,10.445217391304348,0.7951017706437201,,1.7285176309483055,,0.38605421317306515,0.8062208089039054,0.007052618667974978,0.0,0.19793486894360604,2.904137931034483,2.654191346153846,-0.7864781631823556,-0.5097783728717032,0.06223358908780904,2.9655172413793105,0.5118110236220472,1.9364935533216783,-0.37182554352095176,0.07333318721719442,Communication Equipment,Technology,BOSC
2015Q2,2015,Q2,2015-07-14,2015-06-30,29000.0,6101000.0,127000.0,0.015368309485956544,1173000.0,0.19226356335027045,16624000.0,5962000.0,11618000.0,10394000.0,10662000.0,2651000.0,-71294000.0,4887141.3,8238141.3,3.1595124536301005,1.11776024629594,0.28392685274302215,0.791680644079168,0.011889159333458153,3.1595124536301005,0.004864139550486414,0.8010393869857401,42.13052844827587,0.8197150788326066,,1.8589211618257262,,0.3669995187680462,0.8306715412738118,0.00174446583253128,0.0,0.19226356335027045,2.5368309485956546,-0.9122416073362365,-0.7960625046161838,-0.42826667589574247,-0.011794439764111205,2.2083333333333335,0.27,1.0802821097623188,-0.3889442594501418,0.1441682564059515,Communication Equipment,Technology,BOSC
2015Q1,2015,Q1,2015-04-16,2015-03-31,-24000.0,5827000.0,100000.0,-0.01,1187000.0,0.20370688175733653,15456000.0,5182000.0,10443000.0,9888000.0,10274000.0,2865000.0,0.0,3759119.9999999995,7888120.0,2.85352422907489,1.056128640776699,0.3053830227743271,0.9108452335005789,0.01053805555311619,2.85352422907489,-0.004631416441528367,0.6451209885018019,-39.1575,0.7254187572365881,,1.6195462478184992,,0.37700569358178054,0.7403923948220065,-0.0015527950310559005,0.0,0.20370688175733653,0.9545454545454545,0.9132127753303966,-0.7769297594441299,-0.4837793867792866,0.18344965104685942,0.935656836461126,1.4115226337448559,0.9517322276928393,-0.49120063241610706,-0.03273404603570988,Communication Equipment,Technology,BOSC
2014Q4,2014,Q4,2014-12-31,2014-12-31,-373000.0,6678000.0,-243000.0,-0.22,1003000.0,0.1501946690625936,16261000.0,5297000.0,11215000.0,10581000.0,10964000.0,2843000.0,-71299000.0,5340400.0,8875400.0,3.134319526627219,1.0599187222379738,0.31098948404157184,0.9546913347177648,-0.028796079318442913,3.134319526627219,-0.07041721729280725,0.7997005091344714,-3.579356568364611,1.0081933169718709,,1.9961308476960957,,0.410675850193715,0.727246952083924,-0.022938318676588156,0.0,0.1501946690625936,-42.022437499999995,0.9555949482973662,-0.6818809691171702,-0.435005135893267,-0.25977859778597784,-47.625,-2.481707317073171,0.8825969555213212,-0.4264006179239446,-0.026434011005456774,Communication Equipment,Technology,BOSC
2014Q3,2014,Q3,2014-10-23,2014-09-30,8000.0,6791000.0,164000.0,0.005362918768539778,1355000.0,0.19952878810189958,17170000.0,5079000.0,11990000.0,11632000.0,12091000.0,3731000.0,0.0,6309847.5775,11069847.5775,3.4047830531766916,1.0307771664374141,0.3454863133372161,1.167946446150817,0.002906184724366542,3.4047830531766916,0.0015751132112620594,0.9291485167869238,197.18273679687496,1.2423405350462688,,1.456982042347896,,0.3955154338963308,0.7100240715268226,0.00046592894583576003,0.0,0.19952878810189958,1.089381979475663,1.0012914126480064,-0.6313128682314443,-0.6681941111216386,0.06274509803921569,1.0941176470588236,7.631578947368421,1.0045220507629316,-0.6132784821340624,-0.07004159061804675,Communication Equipment,Technology,BOSC
2014Q2,2014,Q2,2014-07-18,2014-06-30,-85000.0,6891000.0,19000.0,-0.06,1275000.0,0.1850239442751415,18418000.0,4380000.0,13226000.0,13420000.0,14038000.0,3987000.0,0.0,5242830.705,11032830.705,3.3158080010901285,0.9855439642324888,0.34927788033445545,1.4687214611872146,0.0016781714062452915,3.3158080010901285,-0.019406392694063926,0.7608229146713105,-15.42009030882353,1.1969933116438356,,1.4085778781038374,,0.37414485829080246,0.6884500745156483,-0.004615050494081877,0.0,0.1850239442751415,-6.999999999999999,0.983320697399563,-0.5968216150412653,-0.756244006160241,-0.09702549575070822,-6.0,-0.8944444444444445,0.8628343676891623,-0.5707241852660265,-0.3778720867892165,Communication Equipment,Technology,BOSC
2014Q1,2014,Q1,2014-04-14,2014-03-31,17000.0,7241000.0,180000.0,0.01,1412000.0,0.19500069051236016,19230000.0,3893000.0,13775000.0,14298000.0,15337000.0,3656000.0,0.0,8471936.1834,14996936.1834,3.014478478962146,0.96342145754651,0.3763910556422257,1.8592345235037246,0.010181774623424072,3.014478478962146,0.004366812227074236,1.169995329843944,124.58729681470588,2.1761973242743387,,1.5943654266958425,,0.3765470618824753,0.7077213596307176,0.0008840353614144566,0.0,0.19500069051236016,-0.6969696969696969,1.0109223451881062,-0.6162540564802156,-0.8188614777337203,-0.041412084181941616,-0.6046511627906976,-0.0625,-0.7329275053932295,-0.5769721243688888,-0.46268050568260605,Communication Equipment,Technology,BOSC
2013Q4,2013,Q4,2013-12-31,2013-12-31,43000.0,7056000.0,192000.0,0.033,1473000.0,0.20875850340136054,19187000.0,3703000.0,13679000.0,14179000.0,15484000.0,3718000.0,-70866000.0,10008613.5,16501613.5,2.867355203595383,0.9647365822695536,0.3907854276332934,2.0248447204968945,0.012708224942969994,2.867355203595383,0.011612206319200648,1.418454294217687,58.18961337209303,2.7028391844450446,0.0,1.50161377084454,0.0,0.36774899671652683,0.6511037449749629,0.0022411007452962945,17.52821978984238,0.20875850340136054,-0.8263157894736842,1.0037533824219749,-0.7059704273176569,-0.842152147044479,0.09030347890451518,-0.8036529680365296,-0.4725274725274725,1.034800355357852,2.9178035799280093,-0.46729359141994564,Communication Equipment,Technology,BOSC
2013Q3,2013,Q3,2013-10-16,2013-09-30,219000.0,6262000.0,364000.0,0.19,1351000.0,0.2157457681251996,17252000.0,3200000.0,11669000.0,12557000.0,14052000.0,3020000.0,0.0,4327205.28,11644205.280000001,2.7213869548615452,0.9292824719280083,0.45044052863436124,2.4284375,0.03411298159937659,2.7213869548615452,0.0684375,0.6910260747365059,4.93973205479452,1.3522516500000001,0.0,1.626158940397351,0.0,0.3629724089960584,0.6887791669984868,0.012694180384882911,22.65552502617801,0.2157457681251996,4.8,1.1388942806026394,-0.7546091365464409,-0.9013707160785697,0.1517476555839727,4.711864406779661,3.0444444444444443,11.309522728258457,-0.6242808934507716,-0.5408088529868392,Communication Equipment,Technology,BOSC
2013Q2,2013,Q2,2013-08-28,2013-06-30,-59000.0,6655000.0,90000.0,-0.05,1173000.0,0.17625845229151013,18134000.0,2981000.0,12317000.0,13375000.0,15153000.0,3261000.0,-71128000.0,3413099.85,11171099.85,2.5765287821860823,0.9208971962616822,0.4493217161133782,2.7333109694733313,0.008675123959516088,2.5765287821860823,-0.019792016101979202,0.512862486851991,-14.4622875,1.1449513082858103,0.0,1.681079423489727,0.0,0.366990184184405,0.6770841121495327,-0.003253556854527407,-17.77656171875,0.17625845229151013,0.7222222222222223,-5.149489664065937,-0.7619459001467805,-0.9071796176872529,0.1344294003868472,0.7093596059113301,2.4516129032258065,-1.2911974694002681,-0.6371818215922854,-0.5337611777421388,Communication Equipment,Technology,BOSC
2013Q1,2013,Q1,2013-04-03,2013-03-31,-203000.0,5930000.0,-62000.0,-0.18,1034000.0,0.17436762225969646,18090000.0,3000000.0,12209000.0,13176000.0,15090000.0,3223000.0,-71069000.0,3689363.2,11275363.2,2.6020750681309988,0.9266089860352156,0.46196793808734105,2.7856666666666667,-0.005459188165888879,2.6020750681309988,-0.06766666666666667,0.622152310286678,-4.543550738916257,1.2297877333333334,0.0,1.5190816009928638,0.0,0.32780541735765617,0.6819975713418336,-0.011221669430624654,7.718333054393306,0.17436762225969646,-7.0,0.14426180952744228,-0.8169045484769436,-0.9286828303941158,-0.17871326449563146,-6.486486486486487,-1.9841269841269842,-0.15625868442553997,-0.6424261736328848,-0.5292681331980866,Communication Equipment,Technology,BOSC
2012Q4,2012,Q4,2013-01-03,2012-12-31,37000.0,6154000.0,63000.0,0.03,1259000.0,0.204582385440364,18049000.0,3156000.0,12137000.0,12876000.0,14893000.0,3160000.0,-70866000.0,5042518.25,13105518.25,2.8227086733895312,0.9426063995029512,0.4663416255748241,2.666983523447402,-0.0010770967460218806,2.8227086733895312,0.011723700887198986,0.8193887309067274,34.07106925675676,1.597756099493029,0.0,1.5490506329113924,0.0,0.3409607180453211,0.6567256912084498,0.002049975067870796,14.085246508379889,0.204582385440364,1.7500000000000002,1.0020905799250504,-0.6689655495748804,-0.9154340880541182,0.052675585284280936,1.5606060606060606,-0.11267605633802817,1.0066579578301817,-0.5568849550630829,-0.4911763495118937,Communication Equipment,Technology,BOSC
2012Q3,2012,Q3,2012-10-09,2012-09-30,-66000.0,5386000.0,71000.0,-0.04,1196000.0,0.2220571852952098,17199000.0,3026000.0,11577000.0,12677000.0,14173000.0,3435000.0,-70903000.0,2414726.64,9406726.64,2.706790860600271,0.9132286818647946,0.4158962730391302,2.3638466622604097,0.009395093138935502,2.706790860600271,-0.021810971579643092,0.44833394727070186,-9.14669181818182,0.7979929411764706,0.0,1.2197962154294033,0.0,0.3131577417291703,0.6069259288475192,-0.0038374324088609802,11.444202085308058,0.2220571852952098,0.7999999999999999,0.9506169292349574,-0.7081754648928473,-0.9506505271645722,-0.0898021308980213,0.6915887850467289,-0.4621212121212121,0.9857834724818242,-0.6098198743102742,-0.7362154552927137,Communication Equipment,Technology,BOSC
2012Q2,2012,Q2,2012-07-19,2012-06-30,-214000.0,5915000.0,132000.0,-0.2,1314000.0,0.22214708368554523,17742000.0,3087000.0,12058000.0,13046000.0,14655000.0,3685000.0,-70837000.0,3577308.8000000003,10718308.8,2.7614054453448356,0.9242679748581941,0.4250929996618194,2.443148688046647,0.013490531841580809,2.7614054453448356,-0.06932296728215095,0.6047859340659341,-4.17909906542056,1.1588301911240688,0.0,1.2485753052917232,0.0,0.33338969676473906,0.5876897133220911,-0.012061774320820652,3.520973228346457,0.22214708368554523,0.28571428571428575,0.9224643586712908,-0.689591477231454,-0.9502821887369133,0.011547344110854504,0.3006535947712418,2.7837837837837838,0.9503806560079752,-0.5910708943827029,-0.7969999684833211,Communication Equipment,Technology,BOSC
2012Q1,2012,Q1,2012-03-31,2012-03-31,-306000.0,7048000.0,-74000.0,-0.28,1299000.0,0.18430760499432464,20153000.0,3297000.0,13882000.0,14139000.0,16856000.0,4032000.0,-70623000.0,4470368.0,13120368.0,2.9500926993035024,0.9818233255534338,0.4527365652756413,2.767364270548984,-0.006016639019992492,2.9500926993035024,-0.09281164695177434,0.6342746878547105,-3.6522614379084968,1.3558895966029725,0.0,1.425843253968254,0.0,0.34972460675829903,0.637456680104675,-0.015183843596486876,0.0,0.18430760499432464,0.8510582840850457,0.71968791841987,-0.6089975257264625,-0.9190567709312278,0.0906801007556675,0.8543550690147549,0.9298578199052133,0.7728162130349688,-0.5683814739505062,-0.82273038741867,Communication Equipment,Technology,BOSC
2011Q4,2011,Q4,2012-01-20,2011-12-31,-2101000.0,7699000.0,-1055000.0,-1.87993,1191000.0,0.1546954149889596,20069000.0,3598000.0,13682000.0,13758000.0,16471000.0,4020000.0,-70317000.0,4469473.9264,13084473.9264,3.219421756777071,0.9944759412705335,0.44974836812995167,2.508615897720956,-0.07674065577166812,3.219421756777071,-0.5839355197331851,0.5805265523314717,-0.5318269783912423,1.2422106521400778,0.0,1.618905472636816,0.0,0.3836264886142807,0.6482046809129234,-0.1046888235587224,-7.116996698089173,0.1546954149889596,-0.5666083333333335,-3.0109878580982077,-0.6205979392114547,-0.9129903626751682,-0.18591934381408065,-1.5435835351089588,-4.197044334975369,0.7880812691924315,-0.6292717407545333,-0.822770889554128,Communication Equipment,Technology,BOSC
2011Q3,2011,Q3,2011-11-09,2011-09-30,-826000.0,8199000.0,-203000.0,-1.2,1463000.0,0.17843639468227832,21348000.0,2550000.0,14535000.0,17531000.0,18798000.0,4762000.0,-68220000.0,3092411.16,13836411.16,3.661220780227685,0.829102732302778,0.5089469739554057,4.26078431372549,-0.01580188601453267,3.661220780227685,-0.323921568627451,0.3771693084522503,-0.9359597941888621,1.2127102588235295,0.0,1.4145317093658127,0.0,0.38406408094435074,0.5080143745365353,-0.03869214914746112,-16.536958074866313,0.17843639468227832,-1.5,-0.008736386295138362,-0.25536611771216755,-0.8964931436481709,-0.14991284137129576,-1.5493827160493827,-1.2808988764044944,0.11556542283242457,-0.45756009679610976,-0.8673089899299202,Communication Equipment,Technology,BOSC
2011Q2,2011,Q2,2011-08-29,2011-06-30,-324000.0,8393000.0,-89000.0,-0.48,1721000.0,0.20505182890503992,23893000.0,3681000.0,16303000.0,16165000.0,20212000.0,5608000.0,-67393000.0,6740714.72,17367714.72,5.32978496974576,1.0085369625734613,0.4859163771816013,3.154034229828851,-0.004679442147402428,5.32978496974576,-0.08801955990220049,0.8031353175265101,-5.201168765432098,1.831218342841619,0.0,1.1897289586305277,0.0,0.35127443184196205,0.604144757191463,-0.013560457037626083,6.481456461538461,0.20505182890503992,-13.0,-5.249083634425205,-0.08625169942271577,-0.8504938881919296,-0.19466541881141788,-10.529411764705882,-1.2367021276595744,-39.17319701671042,-0.4970605797776034,-0.8079925666047514,Communication Equipment,Technology,BOSC
2011Q1,2011,Q1,2011-05-25,2011-03-31,34000.0,9143000.0,376000.0,0.04,2137000.0,0.23373072295745378,24006000.0,3870000.0,16516000.0,16035000.0,20136000.0,5222000.0,-67069000.0,7394795.36,18603795.36,5.610216102045047,1.0299968818210166,0.4746313421644589,2.944186046511628,0.00890985324947589,5.610216102045047,0.008785529715762274,0.8087931051077327,54.37349529411765,1.910799834625323,0.0,1.3416315587897358,0.0,0.38086311755394486,0.7043342687870284,0.0014163125885195368,-7.808654023231257,0.23373072295745378,1.0430602951783234,-0.8767781993090881,-0.11023059844334394,-0.8337803620285096,1.2260416666666667,1.0515151515151515,0.504,1.2395487186015908,-0.5281742482063528,-0.8462362834279822,Communication Equipment,Technology,BOSC
2010Q4,2010,Q4,2010-12-31,2010-12-31,-660000.0,962000.0,250000.0,-0.92893,960000.0,0.997920997920998,22130000.0,3713000.0,14730000.0,14344000.0,18417000.0,5125000.0,-67103000.0,4552765.8,14481765.8,5.382618187827716,1.026910206358059,0.48043380027112514,2.8634527336385673,0.013321678385485577,5.382618187827716,-0.17775383786695395,4.732604781704781,-1.7245325,1.226169081605171,0.0,0.0003902439024390244,0.0,0.04347040216900135,0.5871444506413832,-0.0298237686398554,14.139024223602483,0.997920997920998,-59.058125000000004,-15.895341201166111,-0.923601416957124,-0.8363619093439559,-0.5439429928741093,-67.0,0.09170305676855896,0.9395566468326298,-0.9161254245353048,-0.8387414117505971,Communication Equipment,Technology,BOSC
2010Q3,2010,Q3,2010-10-05,2010-09-30,10000.0,9368000.0,229000.0,0.016,2105000.0,0.2247011101622545,27806000.0,3917000.0,19807000.0,19311000.0,23889000.0,7689000.0,0.0,7640373.92,21276373.92,5.926479577324142,1.0256848428356895,0.5187369632453427,3.682410007658923,-0.003672261118612431,5.926479577324142,0.0025529742149604288,0.8155821861656704,191.00934800000002,1.9505677610416137,0.0,0.944596176355833,0.0,0.3369057038049342,0.6275179949251721,0.00035963461123498527,13.717008833034111,0.2247011101622545,-0.9000000000000001,1.0027159225723898,-0.2852419768716478,-0.8336787033546205,-0.10081161896625374,-0.9130434782608695,-0.5932504440497336,1.0126558581732088,-0.1414614942417067,-0.8919500404822499,Communication Equipment,Technology,BOSC
2010Q2,2010,Q2,2010-07-01,2010-06-30,115000.0,10411000.0,563000.0,0.16,2341000.0,0.22485832292767266,26733000.0,3629000.0,18808000.0,18596000.0,23104000.0,7420000.0,0.0,2547694.5239999997,16382694.524,5.526199576664789,1.01140030114003,0.531328320802005,3.914025902452466,0.03129852249897033,5.526199576664789,0.03168917057040507,0.24471179752185188,5.538466356521739,0.7020376202810691,,1.087601078167116,,0.38944375865035724,0.6123897612389761,0.004301799274305166,0.0,0.22485832292767266,2.0,1.0460843112929674,-0.464320342340001,-0.872218644898073,0.13475521085797382,2.15,1.6186046511627907,1.0709302515543162,-0.06992625658982457,-0.9005033657705199,Communication Equipment,Technology,BOSC
2010Q1,2010,Q1,2010-05-25,2010-03-31,-100000.0,9446000.0,215000.0,-0.16,2063000.0,0.21839932246453525,27401000.0,3630000.0,18906000.0,19210000.0,23771000.0,8290000.0,0.0,3624928.8,17783928.8,5.527722365195145,0.9841749089016137,0.546366920915295,4.124242424242424,0.011915998308482471,5.527722365195145,-0.027548209366391185,0.3837527842473004,-9.062322,0.9986029752066116,,0.8905910735826297,,0.34473194408963176,0.552628839146278,-0.003649501842998431,0.0,0.21839932246453525,0.9678093023068658,0.9626085170515255,-0.5419863161452054,-0.8641969110174074,16.748091603053435,0.9693627450980392,1.0906790383804301,0.8441010208568778,-0.1081651629622627,-0.8483330039967215,Communication Equipment,Technology,BOSC
2009Q4,2009,Q4,2010-01-12,2009-12-31,-3264000.0,8157000.0,-2371000.0,-4.97038,-131000.0,-0.01605982591639083,27904000.0,3643000.0,19462000.0,19493000.0,24261000.0,8776000.0,-66468000.0,3705044.9800000004,17597044.98,5.547518616089784,0.9984096855281384,0.5192445527522935,3.9772165797419707,-0.15297899039065965,5.547518616089784,-0.8959648641229756,0.4542166213068531,-0.2837810186887255,1.017031287400494,0.0,0.9443938012762079,0.0,0.29232368119266056,0.4956138100856718,-0.11697247706422019,-3.7768042609582064,-0.01605982591639083,-0.18342380952380938,-0.39333159472424944,-0.32149753761430466,-0.8721608344391333,-1.3171912832929782,-0.2066543438077634,0.055001992825827024,-6.316874722530359,-0.3159013875317393,-0.8500700997554487,Communication Equipment,Technology,BOSC
2009Q3,2009,Q3,2009-10-01,2009-09-30,-2705000.0,8043000.0,-2509000.0,-4.2,413000.0,0.05134899912967798,31098000.0,6684000.0,21876000.0,21316000.0,24414000.0,10689000.0,0.0,5212302.75,18307302.75,10.261370178468624,1.0262713454681929,0.47601131905588784,2.214691801316577,-0.1116106690198577,10.261370178468624,-0.4046977857570317,0.6480545505408429,-0.4817285351201479,0.7798178859964094,0.0,0.7138179436804192,0.0,0.25863399575535406,0.5248170388440608,-0.08698308572898579,5.545002925531915,0.05134899912967798,-0.10526315789473695,-1.2463809274586477,0.764962084455998,-0.7940794743940977,-0.7768773635872501,-0.13274706867671693,-0.18181818181818182,-2.5322227579885186,-0.21894224018231323,-0.709899448082548,Communication Equipment,Technology,BOSC
2009Q2,2009,Q2,2009-07-01,2009-06-30,-2388000.0,8009000.0,-2123000.0,-3.8,1851000.0,0.23111499562991633,33429000.0,8420000.0,24667000.0,22719000.0,25009000.0,12889000.0,0.0,5075652.399999999,18498652.4,13.602980377458472,1.0857432105286324,0.4257979598552155,1.6904988123515439,-0.09535123684433944,13.602980377458472,-0.2836104513064133,0.6337435884629791,-0.5313706448911222,0.6028090736342042,,0.4777717433470401,,0.23958239851625834,0.5184207051366697,-0.07143498160279996,0.0,0.23111499562991633,-2.1666666666666665,-0.9823753146893399,0.9274737375782229,-0.7222739297133942,-0.18422212428382548,-2.201072386058981,-5.299703264094956,-35.94320220812429,-0.02710546788800637,-0.6184219969886877,Communication Equipment,Technology,BOSC
2009Q1,2009,Q1,2009-04-02,2009-03-31,-746000.0,9044000.0,-337000.0,-1.2,2269000.0,0.25088456435205664,34795000.0,10301000.0,24986000.0,19462000.0,24494000.0,10785000.0,0.0,5570838.0,18332838.0,16.641840958218495,1.2838351659644436,0.3993964650093404,1.3490923211338706,-0.017490523606731558,16.641840958218495,-0.07242015338316668,0.6159705882352942,-1.8669028150134048,0.5408055528589457,,0.6281872971719982,,0.2599224026440581,0.72967834754907,-0.02143986204914499,0.0,0.25088456435205664,0.8647280696019173,0.4253214551356772,1.5606268317621457,-0.6687607594164888,0.7494217424826523,0.8641413221635403,0.9132114344578934,-4.013011686931122,-0.01914986699352117,-0.5069350754161043,Communication Equipment,Technology,BOSC
2008Q4,2008,Q4,2009-02-11,2008-12-31,-5491000.0,11502000.0,-3883000.0,-8.87102,1297000.0,0.11276299773952356,37345000.0,11244000.0,26452000.0,21537000.0,26101000.0,10346000.0,-57367000.0,2834937.56,13752937.56,18.165310138259272,1.2282119143799044,0.33618958361226403,1.1165955176093916,-0.16466913065908914,18.165310138259272,-0.4883493418712202,0.24647344461832726,-0.12907200692041523,0.2521289185343294,0.0,0.9863715445582834,0.0,0.3079930378899451,0.7478293169893672,-0.147034408890079,17.18143975757576,0.11276299773952356,-5.336442857142857,-1.4386520048251152,1.537385317818989,-0.6518719304644739,-0.5635935397039031,-5.61566265060241,-8.493887530562347,-139.10560947432455,0.017974618730521637,-0.44775264314274804,Communication Equipment,Technology,BOSC
2008Q3,2008,Q3,2008-10-28,2008-09-30,-830000.0,13433000.0,-409000.0,-1.4,2972000.0,0.22124618476885283,43786000.0,17079000.0,28881000.0,21667000.0,26707000.0,11391000.0,0.0,9532322.8,20754322.8,27.592078606486133,1.3329487238657867,0.2927876490202348,0.7506294279524562,-0.012559614418690418,27.592078606486133,-0.04859769307336495,0.709619801980198,-2.8711815662650606,0.5581312020610106,0.0,0.9183565973136687,0.0,0.30678755766683413,0.8072183504869156,-0.018955830630795232,0.0,0.22124618476885283,-115.62256427050924,-1.419491329694308,2.163085847135163,-0.5097882967024184,-0.024934383202099737,-119.57142857142857,-4.243589743589744,0.7593010274579579,0.09436937491970099,-0.22565323458955483,Communication Equipment,Technology,BOSC
2008Q2,2008,Q2,2008-07-09,2008-06-30,7000.0,13763000.0,-78000.0,0.012214,3048000.0,0.2214633437477294,44385000.0,15811000.0,29005000.0,22243000.0,28574000.0,11450000.0,0.0,15948716.0,23153716.0,27.75822204119755,1.3040057546194308,0.20592542525628027,0.5780785529062046,0.00014302542787785646,27.75822204119755,0.000442729745114161,1.1588110150403255,569.597,1.0087101385111632,0.0,0.9358078602620087,0.0,0.3100822349892982,0.7892370633457717,0.00015771093838008336,0.0,0.2214633437477294,1.06107,1.0029073732736082,2.09072911953055,-0.4765211045221037,0.13773796192609183,1.0786516853932584,0.15217391304347827,1.0032340446450025,-0.18357080293048988,-0.35815144233623525,Communication Equipment,Technology,BOSC
2008Q1,2008,Q1,2008-04-01,2008-03-31,-89000.0,12151000.0,-92000.0,-0.2,2679000.0,0.22047568101390833,43435000.0,15782000.0,28414000.0,20131000.0,27653000.0,10940000.0,0.0,14620189.999999998,22565190.0,36.485955380880824,1.4114549699468482,0.2300218717624036,0.6330629831453555,-0.0010382248839731704,36.485955380880824,-0.0056393359523507795,1.2032087894000492,-41.06794943820225,0.9263838550247115,0.0,0.8658135283363803,0.0,0.27975135259583284,0.8680145049923005,-0.0020490387935996317,0.0,0.22047568101390833,0.9827910062356789,-1.0584798492228922,2.159681771713351,-0.4681079503929209,1.3983885407341092,0.9870016065430115,0.9277297721916732,0.9494772731145162,-0.10552826898688017,-0.10362621024477933,Communication Equipment,Technology,BOSC
2007Q4,2007,Q4,2008-04-01,2007-12-31,-6847000.0,7192000.0,-1273000.0,-11.62183,1117000.0,0.15531145717463848,31132000.0,14438000.0,22651000.0,12244000.0,16694000.0,8321000.0,-50967000.0,16436900.0,20479900.0,33.378800138712286,1.8499673309376021,0.2670564049852242,0.5758415292976866,-0.05538490011258671,33.378800138712286,-0.474234658539964,2.2854421579532813,-0.6001497005988025,1.1384471533453386,0.0,0.7300805191683691,0.0,0.23101631761531544,1.1703691604050963,-0.21993447256841836,-3.417945518818881,0.15531145717463848,-13.527287499999998,-0.9643547011399624,-0.08787990551474911,-0.37955023098934176,-0.030381944444444444,-16.160401002506266,-2.264102564102564,-3.437401741964358,-0.09177232543700245,-0.23080601392129482,Communication Equipment,Technology,BOSC
2007Q3,2007,Q3,2007-10-01,2007-09-30,-399000.0,5510000.0,-390000.0,-0.8,1152000.0,0.20907441016333939,28675000.0,18306000.0,16929000.0,8491000.0,10369000.0,4896000.0,0.0,15552750.0,15744750.0,54.84943820224719,1.9937580968083854,0.16129032258064516,0.2526494045668087,-0.021044354515076275,54.84943820224719,-0.02179613241560144,2.822640653357532,-9.74483082706767,0.8495984922976073,0.0,0.8901143790849673,0.0,0.192153443766347,1.4171475680131904,-0.013914559721011334,7.108203839122487,0.20907441016333939,0.6666666666666666,0.9068641047936311,0.1932228909667111,-0.12146262486490503,-0.09433962264150944,0.5157766990291263,-3.3333333333333335,0.35330598569969357,1.3598191553625916,0.10069366442842584,Communication Equipment,Technology,BOSC
2007Q2,2007,Q2,2007-07-25,2007-06-30,-824000.0,5689000.0,-90000.0,-2.4,1272000.0,0.2235893830198629,28401000.0,18537000.0,16728000.0,7642000.0,9864000.0,4570000.0,-43719000.0,18623250.0,17402250.0,55.54157303370786,2.1889557707406437,0.1547480722509771,0.23709338080595566,-0.0038498916049936453,55.54157303370786,-0.04445163726600852,3.273554227456495,-5.650257888349515,1.0046528564492636,0.0,0.9665207877461707,0.0,0.20030984824478013,1.5909447788537032,-0.02901306292031971,-8.511540219378428,0.2235893830198629,-1.4,-3.3006537558389093,0.0009889445011918446,-0.26202728753953,0.12169312169312169,-1.5276073619631902,0.46745562130177515,-0.2686315734960928,1.5392347625596854,0.13396787969712626,Communication Equipment,Technology,BOSC
2007Q1,2007,Q1,2007-04-10,2007-03-31,-326000.0,5383000.0,-169000.0,-1.0,1134000.0,0.2106631989596879,25245000.0,12164000.0,13299000.0,9658000.0,13081000.0,4053000.0,0.0,17088000.33375,21569000.33375,36.446441947565546,1.3769931662870158,0.2796593384828679,0.5804011838211115,-0.008118687806436478,36.446441947565546,-0.02680039460703716,3.174438107700167,-13.104294734470859,1.4048010797229529,,1.0483592400690847,,0.21323034264210736,0.9573410644025678,-0.012913448207565854,0.0,0.2106631989596879,-2.0869565217391304,0.9681252599689243,0.41835893618512865,-0.519388702881286,-0.1409090909090909,-2.0448717948717947,0.4028268551236749,0.5342418087230778,1.8266163300920104,-0.2745699359228226,Communication Equipment,Technology,BOSC
