Quarters,Year,Quarter,FillingDate,Date,NetIncome,Revenue,OperatingIncome,EPSDiluted,GrossProfit,GrossProfitRatio,TotalAssets,CommonStockEquity,CurrentAssets,CurrentLiability,TotalLiability,Inventory,RetainedEarnings,MarketCap,EnterpriseValue,bookValuePerShare,currentRatio,debtToAssets,debtToEquity,roic,shareholdersEquityPerShare,roe,priceToSalesRatio,peRatio,pbRatio,payoutRatio,inventoryTurnover,dividendYield,assetTurnover,quickRatio,returnOnAssets,priceToFreeCashFlowsRatio,grossProfitMargin,epsdilutedGrowth,fiveYNetIncomeGrowthPerShare,fiveYRevenueGrowthPerShare,fiveYShareholdersEquityGrowthPerShare,grossProfitGrowth,netIncomeGrowth,operatingIncomeGrowth,threeYNetIncomeGrowthPerShare,threeYRevenueGrowthPerShare,threeYShareholdersEquityGrowthPerShare,Industry,Sector,Symbol
2023Q1,2023,Q1,2023-05-15,2023-03-31,5780000.0,38452000.0,18303000.0,1.52,19037000.0,0.495084781,2144475000.0,12827000.0,170073000.0,0.0,64952000.0,0.0,-63863000.0,58925953.857200004,-86147046.1428,3.4401707453265225,0.0,0.011657864978607818,1.949013799017697,0.32194256300325347,3.4401707453265225,0.45061199033289157,1.5324548490897745,2.5487004263494812,4.593899887518516,1.1115916955017302,0.0,0.10903514630531426,0.01793072896629711,0.0,0.0026952983830541275,1.2699559020948277,0.49508478102569436,1.7794871794871794,1.0955223708327302,-0.2701919688267679,-0.8265902194665078,2.9993697478991597,1.7979017117614577,4.057123768164356,-0.8527533036143512,-0.13538459936333214,-0.16357077564728745,Insurance—Life,Financial Services,MDWT
2022Q4,2022,Q4,2023-03-27,2022-12-31,-7244000.0,8590000.0,-5987000.0,-1.95,4760000.0,0.5541327125,1920431000.0,23906000.0,1806371000.0,25000000.0,1886054000.0,0.0,-63019000.0,47361676.18,-119052323.82,6.430567170859788,72.25484,0.026035822167003137,2.0915251401321844,-0.16809629964741182,6.430567170859788,-0.30302016230235085,5.513582791618161,-1.6345139487852016,1.981162728185393,-1.5356156819436775,0.0,0.2348734440420305,0.004472954248291139,57.48476,-0.0037720699155554143,5.730390342407744,0.5541327124563445,-3.142857142857143,0.5863191340732361,-0.919800651107211,-0.8676957947789303,-0.6318923517129379,-3.096671490593343,-1.689667089045041,-1.2869665627132914,11.465584236242252,-0.062139087597943815,Insurance—Life,Financial Services,MDWT
2022Q3,2022,Q3,2022-11-14,2022-09-30,3455000.0,18999000.0,8681000.0,0.91,12931000.0,0.6806147692,1686068000.0,31776000.0,1282115000.0,0.0,1646198000.0,0.0,-53276000.0,49439623.59,-157032376.41,8.50322978763601,0.0,0.0013000661895012538,0.0689828801611279,0.17629084456377608,8.50322978763601,0.10872985901309164,2.602222411179536,3.577396786541245,1.5558793929380665,0.0,0.0,0.0,0.011268228802159818,0.0,0.002049146297776839,1.6984891985021302,0.6806147691983788,0.0,1.0628460289254729,-0.7575739309949595,-0.8344797225994924,6.931651376146789,0.017673048600883652,0.21565607057835037,2.138067662553328,22.015762049014647,0.12045175633383819,Insurance—Life,Financial Services,MDWT
2022Q2,2022,Q2,2022-08-15,2022-06-30,3395000.0,-122000.0,7141000.0,0.91,-2180000.0,17.868852459,1435975000.0,52083000.0,1054026000.0,0.0,1371479000.0,0.0,-60707000.0,44888143.64,-81826856.36,13.935012216513215,0.0,0.001566183255279514,0.043181076358888695,0.3373839914820742,13.935012216513215,0.06518441718026996,-367.9356036065574,3.30545976730486,0.8618578737783922,0.0,0.0,0.0,-8.495969637354411e-05,0.0,0.0023642472884277234,1.8827339837261976,17.868852459016395,1.8437500000000002,1.0523168484026189,-1.001243336928271,-0.7830742363568866,-1.8439798683701123,1.8577441077441077,0.45467508657567735,1.4821672967465482,-1.0092013075885575,-0.6314594514104337,Insurance—Life,Financial Services,MDWT
2022Q1,2022,Q1,2022-05-16,2022-03-31,1188000.0,2583000.0,4909000.0,0.32,2583000.0,1.0,1301898000.0,60759000.0,955778000.0,0.0,1222707000.0,0.0,-69972000.0,62604197.0,-79772803.0,16.25631025983769,0.0,0.001772028223409207,0.037969683503678464,0.015094668385192323,16.25631025983769,0.019552658865353283,24.237010065814943,13.17428388047138,1.0303691140407183,0.0,0.0,0.0,0.00198402639838144,0.0,0.0009125138835761327,6.191079608386076,1.0,1.172972972972973,1.0137374920776252,-0.9708822179164645,-0.785668816986361,-0.8386431784107946,1.1701761925225613,2.2141973781845166,1.0097206901853417,-0.968581861659047,1.164416705778392,Insurance—Life,Financial Services,MDWT
2021Q4,2021,Q4,2022-03-25,2021-12-31,-6981000.0,16008000.0,-4043000.0,-1.85,16008000.0,1.0,1219917000.0,70756000.0,889934000.0,0.0,1134161000.0,0.0,-70159000.0,65631623.839999996,-74017376.16,18.931047067020124,0.0,0.0019378367544677219,0.03341059415455933,-0.09248317524243548,18.931047067020124,-0.09866301091073548,4.099926526736631,-2.350366130926801,0.9275767968794165,0.0,0.0,0.0,0.013122204215532696,0.0,-0.005722520466556331,-2.473677967737072,1.0,-1.2560975609756102,0.9639422512350041,-0.8318716751646197,-0.7999232474796338,0.0,-1.2783942558746737,0.0,0.9399844655733343,1.2038182549684955,1.2093422956948887,Insurance—Life,Financial Services,MDWT
2021Q3,2021,Q3,2021-11-12,2021-09-30,-3064000.0,5771000.0,0.0,-0.82,0.0,0.0,1107625000.0,80128000.0,0.0,0.0,1027497000.0,0.0,-63178000.0,145391239.6,64203239.599999994,21.43856265738861,0.0,0.00026994695858255277,0.003731529552715655,0.0,21.43856265738861,-0.0382388178913738,25.19342221452088,-11.862862238903393,1.8144873152955272,0.0,0.0,0.0,0.005210247150434488,0.0,-0.0027662792009931158,15.108575225390087,0.0,0.3880597014925374,-1.207628134964708,-0.9367524971595058,-0.8759044528670652,0.0,0.38634997198118837,0.0,0.9808979173041669,-0.8844624743403002,1.4166816823139405,Insurance—Life,Financial Services,MDWT
2021Q2,2021,Q2,2021-08-13,2021-06-20,-4993074.0,8897307.0,0.0,-1.34,0.0,0.0,987475788.0,81606435.0,0.0,0.0,905869353.0,0.0,-60115614.0,150623829.2,80676200.19999999,21.83412377687713,0.0,0.0003355525310358293,0.00406034156497585,0.0,21.83412377687713,-0.06118480730104189,16.92914824676725,-7.541638137147576,1.8457347046222519,0.0,0.0,0.0,0.009010152054482575,0.0,-0.005056401443637218,-9.091305373119427,0.0,-2.116279069767442,0.9344916971299873,-0.90150640719391,-0.8852271551649327,0.0,-2.1197704162922957,0.0,0.8996414046662311,-0.8150152716504862,-0.32309903585247174,Insurance—Life,Financial Services,MDWT
2021Q1,2021,Q1,2021-05-14,2021-03-31,-1600462.0,-613771.0,0.0,-0.43,0.0,0.0,866191049.0,85632183.0,0.0,0.0,780558866.0,0.0,-55122540.0,186840824.36,86277800.36000001,22.91122854351123,0.0,0.00042037839160353644,0.004252233065225022,0.0,22.91122854351123,-0.018689959124363324,-304.4145525937198,-29.18545150712732,2.18189958277719,0.0,0.0,0.0,-0.0007085861724253398,0.0,-0.0018477009221553385,23.930006494783107,0.0,0.9001541805212415,0.9790539565912381,-1.005174038763047,-0.9039138154006522,0.0,0.8656681980268158,0.0,0.973613664510158,-1.0116212415348342,0.15489358162827613,Insurance—Life,Financial Services,MDWT
2020Q4,2020,Q4,2021-03-15,2020-12-31,-11914245.0,-831992.0,0.0,-4.30664,0.0,0.0,726400759.0,86329499.0,0.0,0.0,640071260.0,0.0,-53522078.0,145872579.54999998,-5409783.450000018,31.75084471418741,0.0,0.0005464077440480758,0.004597628905503089,0.0,31.75084471418741,-0.13800896724768436,-175.3293055101491,-3.0608859300358517,1.6897188242688632,0.0,0.0,0.0,-0.0011453622393585632,0.0,-0.01640175185995366,-7.626836702154941,0.0,-1.1110980392156862,0.6296083276882752,-1.0198865589564126,-0.827025308700465,0.0,-1.1516569078974694,0.0,0.06973385029033351,-1.0106206360960048,-0.3467496468983295,Insurance—Life,Financial Services,MDWT
2020Q3,2020,Q3,2020-11-16,2020-09-30,-5537242.0,-516257.0,0.0,-2.04,0.0,0.0,536649261.0,25078163.0,0.0,0.0,511571098.0,0.0,-41607833.0,152941893.75,16938959.75,9.223415731047858,0.0,0.0007991271602626878,0.017100574711154084,0.0,9.223415731047858,-0.22079934642740778,-296.2514672924532,-6.905147623582282,6.098608329086943,0.0,0.0,0.0,-0.0009620007657105485,0.0,-0.0103181768846226,405.0561037072742,0.0,0.6861538461538461,0.8852394445051244,-1.0053734200479267,-0.9578749307321759,0.0,0.666427969572476,0.0,0.8615685817247816,-1.0090536959344922,-0.8204608873909222,Insurance—Life,Financial Services,MDWT
2020Q2,2020,Q2,2020-08-14,2020-06-30,-16599839.0,-12483353.0,0.0,-6.5,0.0,0.0,395709195.0,25952718.0,0.0,0.0,369756477.0,0.0,-36070591.0,143141343.75,68560232.75,10.198593566717163,0.0,0.001164468771063053,0.017755018954084115,0.0,10.198593566717163,-0.6396185170277734,-11.466578230223883,-2.1557640370789137,5.515466385832883,0.0,0.0,0.0,-0.03154678525981687,0.0,-0.04194959129013921,1118.5539091193248,0.0,-1.8125,0.7905735063022458,-1.121886719810272,-0.9561335570566208,0.0,-1.7703492751082235,0.0,0.6242908723391305,-1.1868556905793057,-0.8412389122325843,Insurance—Life,Financial Services,MDWT
2020Q1,2020,Q1,2020-05-14,2020-03-31,21548458.0,24413491.0,0.0,8.0,0.0,0.0,264028177.0,8418405.0,0.0,0.0,255422795.0,0.0,-19533252.0,115133456.25,90119330.25,4.1129250929614125,0.0,0.0018662023333971662,0.05853008972602292,0.0,4.1129250929614125,2.5596841682005085,4.715976762602284,1.3357505238889946,13.67639787465678,0.0,0.0,0.0,0.09246547575867253,0.0,0.08161423619570725,49.89638187333122,0.0,13.492192379762649,1.3556630846072146,-0.7396199635899156,-0.9853932651897261,0.0,13.355951407532451,0.0,1.455005697254608,-0.4974568083905361,-0.9457731744331445,Insurance—Life,Financial Services,MDWT
2019Q4,2019,Q4,2020-03-13,2019-12-31,-1743974.0,379404.0,0.0,-0.6404,0.0,0.0,219915886.0,14034271.0,0.0,0.0,205757138.0,0.0,-41081710.0,115133456.25,71943359.25,6.856632029145742,0.0,0.0023923146688911777,0.037487376437294107,0.0,6.856632029145742,-0.12426537865771582,303.4587306670462,-16.504468565758433,8.203736143473359,0.0,0.0,0.0,0.0017252232519482471,0.0,-0.00793018654414079,-1.4149549805761996,0.0,0.35960000000000003,0.9691744700734929,-0.9962846438469035,-0.9775149314829796,0.0,-0.048808826483298796,0.0,0.9835513371456868,-0.992723620558527,-0.9275342423077844,Insurance—Life,Financial Services,MDWT
2019Q3,2019,Q3,2019-11-08,2019-09-30,-1662814.0,452136.0,0.0,-1.0,0.0,0.0,142526651.0,15533516.0,0.0,0.0,126944474.0,0.0,-39337736.0,115133456.25,91322488.25,7.58910835702459,0.0,0.0039195546663058824,0.03596358995606661,0.0,7.58910835702459,-0.10704685275374873,254.6434175778969,-17.310032308183597,7.411937918627052,0.0,0.0,0.0,0.0031722909142094416,0.0,-0.011666688218191558,1.37398744115559,0.0,0.4691809089852278,0.978945645848386,-0.9958208560074864,-0.9804584973071593,0.0,-0.998930098142458,0.0,-1.2057551607273291,-0.9909516160779241,-0.9560710030393982,Insurance—Life,Financial Services,MDWT
2019Q2,2019,Q2,2019-08-08,2019-06-30,-831852.0,1566442.0,0.0,-1.883881,0.0,0.0,94206195.0,16696089.0,0.0,0.0,77508260.0,0.0,-37674922.0,24837918.75,15154868.75,37.811340624101206,0.0,0.006275319791867191,0.035407932959629046,0.0,37.811340624101206,-0.04982316517359245,15.85626454729891,-7.464644777556585,1.4876489188575839,0.0,0.0,0.0,0.01662780244972212,0.0,-0.008830119930010972,-5.312140895170744,0.0,0.9461748285714285,0.9693053791907343,-0.939499807658623,-0.8792553249590405,0.0,0.44358395684868007,0.0,0.9076216132825649,-0.8532224326825603,-0.8012416172591404,Insurance—Life,Financial Services,MDWT
2019Q1,2019,Q1,2019-05-23,2019-03-31,-1495018.0,1005706.0,0.0,-35.0,0.0,0.0,74661997.0,-4520555.0,0.0,0.0,79182552.0,0.0,-36843070.0,2571806.25,18331776.25,-98.8726187091271,0.0,0.2621749991498352,-4.330111899976884,0.0,-98.8726187091271,0.33071558691355374,2.5572147824513327,-0.43006275676948374,-0.5689138280587229,0.0,0.0,0.0,0.013470119209375018,0.0,-0.020023814792952833,-10.15472613341125,0.0,-50.76213082508836,0.18947202048863657,-0.6268994643280303,-1.290499122794598,0.0,-0.05007055405831579,0.0,-0.5994695299038995,-0.30694568482862256,-1.4146566245919066,Insurance—Life,Financial Services,MDWT
2018Q4,2018,Q4,2019-05-01,2018-12-31,-1423731.0,-961320.0,0.0,-0.67617,0.0,0.0,65899184.0,-4136950.0,0.0,0.0,70036134.0,0.0,-35348052.0,2573268.75,18679406.75,-90.43106651802304,0.0,0.2873890669116631,-4.577939061385804,0.0,-90.43106651802304,0.3441499172095384,-2.6768076707027837,-0.4518530449221096,-0.6220207520032874,0.0,0.0,0.0,-0.014587737535566449,0.0,-0.021604683299265133,-0.16434422962922374,0.0,0.984974,-0.062373787873400435,-1.2744106364233785,-1.246502359913959,0.0,0.27481982947915196,0.0,-1.6306553038983675,-2.3656826339817436,-1.492657312132966,Insurance—Life,Financial Services,MDWT
2018Q3,2018,Q3,2018-11-09,2018-09-30,-1963279.0,611367.0,0.0,-45.0,0.0,0.0,46136679.0,-2353715.0,0.0,0.0,48490394.0,0.0,-33924321.0,2573268.75,3167825.75,-51.450696220517194,0.0,0.024925937993933202,-0.48858931518896725,0.0,-51.450696220517194,0.8341192540303308,4.209040968845227,-0.3276748681669798,-1.0932796663997129,0.0,0.0,0.0,0.013251213855249529,0.0,-0.04255353966851407,-0.6741223898168638,0.0,-2.0,-1.1442343934252301,-0.7597975240969153,-1.1280469738714263,0.0,-2.2258302498143316,0.0,-1.418368492796966,-0.6217942316646735,-1.2349849779481679,Insurance—Life,Financial Services,MDWT
2018Q2,2018,Q2,2018-08-14,2018-06-30,-608612.0,588369.0,0.0,-15.0,0.0,0.0,49980056.0,1474777.0,0.0,0.0,48505279.0,0.0,-31607275.0,2571806.25,1061143.25,32.256009273637936,0.0,0.023009177900881105,0.7797789089469119,0.0,32.256009273637936,-0.412680696810433,4.371077079179902,-1.0564227496335925,1.7438611057807383,0.0,0.0,0.0,0.011772075645533491,0.0,-0.012177097200531348,-6.958124330378884,0.0,0.0,0.561460351860923,-0.8165613997681302,-0.9232491972051433,0.0,0.17974829578076018,0.0,0.5726387909747866,-0.6802564716630244,-0.8612596549586191,Insurance—Life,Financial Services,MDWT
2018Q1,2018,Q1,2018-05-15,2018-03-31,-741982.0,646072.0,0.0,-15.0,0.0,0.0,48624216.0,907031.0,0.0,0.0,47717185.0,0.0,-30994953.0,2571806.25,2616586.25,19.83838936156252,0.0,0.011311236360088562,0.6063739828076439,0.0,19.83838936156252,-0.8180337827483294,3.980680558823165,-0.8665325607629296,2.8354116342219835,0.0,0.0,0.0,0.013287041995700249,0.0,-0.015259515958056784,-4.777502897926126,0.0,-2.1844632162653888,0.4070348842966109,-0.8183429847478277,-0.9599401386807876,0.0,-2.445262185240733,0.0,0.4517492208558372,-0.6915235515611128,-0.9295454972026594,Insurance—Life,Financial Services,MDWT
2017Q4,2017,Q4,2018-04-16,2017-12-31,-215363.0,1317287.0,0.0,-4.71037,0.0,0.0,49022602.0,2222242.0,0.0,0.0,46800360.0,0.0,-30252971.0,2571806.25,2170279.25,48.604404978018856,0.0,0.01121931471528174,0.2474977972696043,0.0,48.604404978018856,-0.09691248747886144,1.9523507405751366,-2.9854318638763386,1.1573025125076386,-4.643323133500183e-06,0.0,3.888317792213158e-07,0.026871013496998792,0.0,-0.004393136863685857,-4.770050745886634,0.0,0.6859753333333333,0.4467246532781986,-0.6395173126051469,-0.9071637499000218,0.0,0.6784580654601049,1.0,0.8295861326293006,-0.42251295386476834,-0.8406107588223717,Insurance—Life,Financial Services,MDWT
2017Q3,2017,Q3,2017-11-13,2017-09-30,-669782.0,954805.0,-669782.0,-15.0,0.0,0.0,47539335.0,2338898.0,0.0,0.0,45200437.0,0.0,-30037608.0,2560950.0,2433514.0,51.37273765594799,0.0,0.011569366714952995,0.2351534782619849,-0.23184688417521146,51.37273765594799,-0.28636648541321597,2.6821707050130654,-0.9558893789322497,1.0949387275546005,0.0,0.0,0.0,0.020084525793219447,0.0,-0.014089006503772088,-0.34019185548059644,0.0,0.0,-7.014215911661875,-0.7481601229034454,-0.9031980065717661,0.0,0.15268414560865304,0.15268414560865304,0.6187304110445491,-0.6032349817202891,-0.8677182556876948,Insurance—Life,Financial Services,MDWT
2017Q2,2017,Q2,2017-08-11,2017-06-30,-790475.0,1195256.0,-790475.0,-15.0,0.0,0.0,47516336.0,2924656.0,0.0,0.0,44591680.0,0.0,-29367826.0,2560950.0,828448.0,64.23862238622387,0.0,0.011574966554660275,0.18805630474148072,-0.22749734074394704,64.23862238622387,-0.2702796499827672,2.142595393790117,-0.809940225813593,0.8756414429594455,-0.011364053259116354,0.0,0.0035076826958745774,0.025154633135012767,0.0,-0.016635857613263784,9.120647040806878,0.0,0.4,0.5825332721204743,-0.5842483760793061,-0.8770260990219562,0.0,0.24277040800686653,0.24277040800686653,0.7171094438570361,-0.5522686841819503,-0.7948638832403767,Insurance—Life,Financial Services,MDWT
2017Q1,2017,Q1,2017-05-12,2017-03-31,-1043904.0,1070823.0,-1043904.0,-25.0,0.0,0.0,46939493.0,3421975.0,0.0,0.0,43517518.0,0.0,-28577351.0,2537831.25,1866321.25,75.84668750138529,0.0,0.011717212199117703,0.16072589659480271,-0.2628173641576294,75.84668750138529,-0.30505892065254714,2.369982013834219,-0.60777409848032,0.7416276419319252,-0.020653240144687633,0.0,0.008495442713143357,0.022812836943083302,0.0,-0.02223935397001412,-3.1652937632831444,0.0,0.517375262740907,0.4081028608723112,-0.640111586152818,-0.8592751579071551,0.0,0.5533267381637815,0.5533267381637815,0.4264679949687858,-0.5974238624632824,-0.777153710767504,Insurance—Life,Financial Services,MDWT
2016Q4,2016,Q4,2017-03-31,2016-12-31,-2337064.0,1149338.0,-2337064.0,-51.80008,0.0,0.0,47267129.0,4268922.0,0.0,0.0,42998207.0,0.0,-27533447.0,2537831.25,2426286.25,94.61892413059378,0.0,0.011635993377131072,0.12883814696075496,-0.48497651549454424,94.61892413059378,-0.5474599910703452,2.208080869161204,-0.2714764390277716,0.5944899555438118,-0.0008985633256085413,0.0,0.0008274781863451323,0.024315798829245585,0.0,-0.04944374768351173,-4.8151439516404455,0.0,-11.360016,0.2900751341878839,-0.5912789678242912,-0.8282568844773439,0.0,-14.119475459898842,-1.0350804474790336,-0.76824490779078,-0.6673380460111644,-0.7420821296400086,Insurance—Life,Financial Services,MDWT
2016Q3,2016,Q3,2016-11-14,2016-09-30,178137.0,1101436.0,-1148389.0,5.0,0.0,0.0,50352821.0,7794346.0,0.0,0.0,42558475.0,0.0,-25196383.0,2537831.25,697800.25,172.758516745351,0.0,0.010922923265808682,0.07056397034465753,-0.13762480606628727,172.758516745351,0.022854643609611376,2.304111405474308,3.5616284797655737,0.3255989982995366,0.13281912236087956,0.0,0.00932292089948849,0.021874365291271368,0.0,0.003537775966911566,3.3011709009361745,0.0,1.25,1.081402713796454,-0.6416694267939432,0.0,0.0,1.1936113903757846,-0.24814716191614813,1.1972726032982985,-0.5612095580569291,-0.5700504190468675,Insurance—Life,Financial Services,MDWT
2016Q2,2016,Q2,2016-08-12,2016-06-30,-920075.0,1090441.0,-920075.0,-20.0,0.0,0.0,65353668.0,8582955.0,0.0,0.0,56770713.0,0.0,-25374520.0,2537831.25,-126254.75,190.23771527362192,0.0,0.008415747988314902,0.06408049442179296,-0.1007423117709438,190.23771527362192,-0.10719792891842028,2.3273439369942985,-0.6895718419694047,0.2956826931983216,0.0,0.0,0.0,0.01668523027659289,0.0,-0.014078398782452425,-2.4668285245770973,0.0,0.0,0.5960482473949499,-0.22997381309685103,0.0,0.0,-0.1965809186911512,-0.1965809186911512,0.3281580935971759,-0.6554766795895647,-0.5473433416624532,Insurance—Life,Financial Services,MDWT
2016Q1,2016,Q1,2016-05-13,2016-03-31,-768920.0,1193753.0,-768920.0,-20.0,0.0,0.0,65310242.0,8968377.0,0.0,0.0,56341865.0,0.0,-24454445.0,2115675.0,-974788.0,238.44456556418163,0.0,0.008421343776371246,0.06132659231430614,-0.08078267965221382,238.44456556418163,-0.08573680611330232,1.7722887397979314,-0.6878722753992612,0.23590388762649028,-0.02803932788846694,0.0,0.010190601108393302,0.018278189812862736,0.0,-0.01177334483004978,-12.212604697610788,0.0,-0.6905527684914774,0.4770253679469664,-0.51874147329831,-0.5575934171640179,0.0,-0.7280382590169608,0.430237598598046,0.2530247278024015,-0.5919860388716277,-0.518506464676595,Insurance—Life,Financial Services,MDWT
2015Q4,2015,Q4,2016-03-30,2015-12-31,-444967.0,578738.0,-1349545.0,-11.83045,0.0,0.0,62926404.0,6903974.0,0.0,0.0,56022430.0,0.0,-23685525.0,2115675.0,1473339.0,183.5577475273849,0.0,0.008740369146153656,0.07966426293030651,-0.18105040344922052,183.5577475273849,-0.06445085106056309,3.655669750387913,-1.1886696092069748,0.3064430717728659,0.0,0.0,0.0,0.009197061379830318,0.0,-0.007071228796102825,-4.531634209241156,0.0,0.40847749999999994,0.8378625371969247,-0.7531261974976712,-0.6668237381862062,0.0,0.052973564297222345,-1.8722462366209294,-0.38959205889219006,-0.8074802458222118,-0.6493977662117747,Insurance—Life,Financial Services,MDWT
2015Q3,2015,Q3,2015-11-13,2015-09-30,-469857.0,935578.0,-469857.0,-20.0,0.0,0.0,59256441.0,5797222.0,0.0,0.0,53459219.0,0.0,-23240558.0,1489331.25,830199.25,218.95312913094384,0.0,0.009281691419840756,0.09487302711540113,-0.07402561309498865,218.95312913094384,-0.08104864709338369,1.5918835735769759,-0.7924385770564235,0.25690429830011685,-0.04588630157686275,0.0,0.014476295988551909,0.015788629627621408,0.0,-0.007929213973549306,-13.488242299645888,0.0,0.3333333333333333,0.6341341371029533,-0.4813480242157307,0.0,0.0,0.42915130272086116,0.42915130272086116,-8.667252569762214,-0.5756740304916482,-0.5874251532170216,Insurance—Life,Financial Services,MDWT
2015Q2,2015,Q2,2015-08-14,2015-06-30,-823085.0,1063524.0,-823085.0,-30.0,0.0,0.0,59494245.0,6143599.0,0.0,0.0,53350646.0,0.0,-22770701.0,1486406.25,276112.25,232.49192052980132,0.0,0.009244591640754496,0.08952407212775443,-0.12296598586201533,232.49192052980132,-0.13397440164958682,1.3976236079298634,-0.4514741035251523,0.2419438915202636,0.0,0.0,0.0,0.017876081963894154,0.0,-0.013834699473873481,-4.129640408294808,0.0,0.0,0.38301277540470263,0.28225923435161077,0.0,0.0,-0.055074860277905965,-0.055074860277905965,0.2510686809978516,-0.36264133682411154,-0.5549338178279752,Insurance—Life,Financial Services,MDWT
2015Q1,2015,Q1,2015-05-15,2015-03-31,-780120.0,1207275.0,-780120.0,-30.0,0.0,0.0,60503856.0,7420970.0,0.0,0.0,53082886.0,0.0,-21947616.0,1482468.75,-415662.25,281.5773098083855,0.0,0.009090329713861542,0.07411430042164299,-0.09787014629336203,281.5773098083855,-0.10512372371805842,1.227946201155495,-0.47507715159206276,0.19976751691490466,0.0,0.0,0.0,0.019953686918731263,0.0,-0.012893723666141213,-4.931256174595096,0.0,-0.08535248088061162,0.24277614926151736,-0.30540192477280936,-0.4775655501238681,0.0,-0.07089761734477462,-0.07089614728871586,0.24277614926151736,-0.30540192477280936,-0.4775655501238681,Insurance—Life,Financial Services,MDWT
2014Q4,2014,Q4,2015-03-31,2014-12-31,-728473.0,1314878.0,-728474.0,-27.64079,0.0,0.0,60427118.0,8036735.0,0.0,0.0,52390383.0,0.0,-21167496.0,1482468.75,-277578.25,304.94156706507306,0.0,0.009101873764689555,0.0684357515831989,-0.08483713541875929,304.94156706507306,-0.09064290411466845,1.1274572621946675,-0.5087589896948823,0.18446156928155524,0.0,0.0,0.0,0.021759733767213588,0.0,-0.012055398703608536,-1.5273153094308172,0.0,0.30898025,0.6211804047658668,-0.19953587401242076,-0.4464995743575258,0.0,0.15410590266690044,0.0,0.6211804047658668,-0.19953587401242076,-0.4464995743575258,Insurance—Life,Financial Services,MDWT
2014Q3,2014,Q3,2014-11-14,2014-09-30,-861187.0,1179716.0,0.0,-40.0,0.0,0.0,61363824.0,8667773.0,0.0,0.0,52696051.0,0.0,-20423946.0,1255443.75,-646361.25,388.35848380303776,0.0,0.008962935556297796,0.0634534383860768,0.0,388.35848380303776,-0.09935504771525512,1.0641915088038139,-0.36445155059238005,0.14484040479601853,0.0,0.0,0.0,0.019224942695878926,0.0,-0.01403411560531169,-1.9123053336745326,0.0,0.3333333333333333,0.20448623879796995,-0.2241682499588245,0.0,0.0,0.23072518555506624,1.0,0.20448623879796995,-0.2241682499588245,0.0,Insurance—Life,Financial Services,MDWT
2014Q2,2014,Q2,2014-08-19,2014-06-30,-1119479.0,1069522.0,-1369786.0,-60.0,0.0,0.0,62092817.0,5711878.0,0.0,0.0,52554673.0,0.0,-19562760.0,1026000.0,-2025640.0,313.1512061403509,0.0,0.008857707325470513,0.0962905720325259,-0.21875002994309375,313.1512061403509,-0.1959914059789092,0.9593070549273414,-0.22912444092296505,0.17962568528249376,0.0,0.0,0.0,0.01722456882573068,0.0,-0.018029122434564372,-0.96029741140882,0.0,-0.5,-0.21573129862775084,0.8681357217284497,0.0,0.0,-0.5213475083814978,-0.4866775055514916,-0.21573129862775084,0.8681357217284497,0.0,Insurance—Life,Financial Services,MDWT
2014Q1,2014,Q1,2014-05-20,2014-03-31,-735847.0,1075361.0,-921374.0,-40.0,0.0,0.0,62510978.0,6208062.0,0.0,0.0,52228572.0,0.0,-18443280.0,1026000.0,-1338480.0,340.3542763157895,0.0,0.008798454569051855,0.08859447602166344,-0.13633701496079792,340.3542763157895,-0.1185308716311145,0.9540982051608715,-0.3485778973074566,0.1652689679967758,0.0,0.0,0.0,0.01720275437060031,0.0,-0.011771484362314727,4.476381199198963,0.0,-0.36543796593437083,-0.032021114663819086,-0.10603639835866373,-0.3685116203751261,0.0,-0.37712928617681074,-0.7085420240137221,-0.032021114663819086,-0.10603639835866373,-0.3685116203751261,Insurance—Life,Financial Services,MDWT
2013Q4,2013,Q4,2014-03-31,2013-12-31,-534334.0,1396784.0,-539275.0,-29.29463,0.0,0.0,62238672.0,6691468.0,0.0,0.0,51224517.0,0.0,-17707433.0,1026000.0,-1801978.0,366.856798245614,0.0,0.008836949477328179,0.08219422105881699,-0.07447039743875136,366.856798245614,-0.0798530307549853,0.7345444965005327,-0.48003683089603133,0.15332958328426588,0.0,0.0,0.0,0.022442381161346118,0.0,-0.008585241021852137,3.918483325440352,0.0,-0.4647315000000001,0.5985144010966862,0.22863774253374872,-0.334117037788254,0.0,-0.4663955256239263,-0.10097015626212184,0.5985144010966862,0.22863774253374872,-0.334117037788254,Insurance—Life,Financial Services,MDWT
2013Q3,2013,Q3,2013-11-19,2013-09-30,-364386.0,1012923.0,-489818.0,-20.0,0.0,0.0,61784937.0,7315373.0,0.0,0.0,50153648.0,0.0,-17173099.0,1024087.5,-1653391.5,401.8111062287158,0.0,0.00890184609235743,0.07518413620194077,-0.06227524111062501,401.8111062287158,-0.049810993916509796,1.011022061894142,-0.7026117221847162,0.13999115287764546,0.0,0.0,0.0,0.01639433572619812,0.0,-0.005897651073108644,-111.09649598611412,0.0,0.3333333333333333,0.587359255996821,-0.18336741425068037,0.0,0.0,0.34135046418139225,0.20093378663203848,0.587359255996821,-0.18336741425068037,0.0,Insurance—Life,Financial Services,MDWT
2013Q2,2013,Q2,2013-08-13,2013-06-30,-553232.0,1278600.0,-612988.0,-30.0,0.0,0.0,62044507.0,7659829.0,0.0,0.0,49962369.0,0.0,-16808713.0,1025212.5,-2387260.5,420.26934050257876,0.0,0.008864604242886482,0.07180316949634254,-0.07466513614351773,420.26934050257876,-0.0722251110305465,0.8018242609103707,-0.4632832609104318,0.13384273983139833,0.0,0.0,0.0,0.0206077872453721,0.0,-0.008916695880910134,6.253087775155075,0.0,-0.2,0.3987398690744247,1.2350480832061133,0.0,0.0,-0.1098223223474233,-0.06451282389695731,0.3987398690744247,1.2350480832061133,0.0,Insurance—Life,Financial Services,MDWT
2013Q1,2013,Q1,2013-05-15,2013-03-31,-498487.0,1416832.0,-575839.0,-25.0,0.0,0.0,62657002.0,9019912.0,0.0,0.0,49079974.0,0.0,-16255481.0,1024537.5,-2942709.5,495.2186230372241,0.0,0.008777949509936656,0.060976204645898986,-0.06017181767188664,495.2186230372241,-0.055265173318764085,0.7231185489881652,-0.5138235801535446,0.11358619684981405,0.0,0.0,0.0,0.02261250865465922,0.0,-0.007955806758835988,601.6074574280681,0.0,-1.9364712073125183,0.29987691491520985,0.17951485133194497,-0.0811785613303599,0.0,-2.2146556004823723,-4.662634844774857,0.29987691491520985,0.17951485133194497,-0.0811785613303599,Insurance—Life,Financial Services,MDWT
2012Q4,2012,Q4,2013-04-01,2012-12-31,-155067.0,1455746.0,-101691.0,-8.51362,0.0,0.0,62878763.0,9535937.0,0.0,0.0,48637515.0,0.0,-15756994.0,1024537.5,-2672017.5,523.5498517623806,0.0,0.010337353487695043,0.06816320200101993,-0.00998347034740152,523.5498517623806,-0.016261328068757165,0.703788641699857,-1.6517658496004952,0.10743962549249224,0.0,0.0,0.0,0.02315163229276632,0.0,-0.00246612675888678,-4.187117880729746,0.0,-3.6378895420692126,0.8833200997619873,0.2823297201717073,-0.04970296904884333,0.0,-3.638141955552897,0.4937724014336918,0.8833200997619873,0.2823297201717073,-0.04970296904884333,Insurance—Life,Financial Services,MDWT
2012Q3,2012,Q3,2012-11-14,2012-09-30,-33433.0,1516677.0,-200880.0,-1.8356668313841762,0.0,0.0,56192642.0,9665624.0,0.0,0.0,46344818.0,0.0,-15601927.0,1024481.25,240289.25,530.699170921869,0.0,0.01156735075741767,0.06724863288702312,-0.019473373593298864,530.699170921869,-0.003458959297402837,0.6754775407024699,-7.6607038704274215,0.10599225150905932,0.0,0.0,0.0,0.0269906689918584,0.0,-0.0005949711351888384,-1.8511520899699871,0.0,0.9541083292153957,0.9621541011516114,0.22229609558238697,0.0,0.0,0.9558481142378705,0.8180390281284053,0.9621541011516114,0.22229609558238697,0.0,Insurance—Life,Financial Services,MDWT
2012Q2,2012,Q2,2012-08-14,2012-06-30,-757227.0,1149706.0,-1103973.0,-40.0,0.0,0.0,58884961.0,9510901.0,0.0,0.0,46434207.0,0.0,-15568494.0,1024143.75,-2083678.25,522.3760641511507,0.0,0.011038472115146684,0.06834263126069759,-0.10864912471836898,522.3760641511507,-0.07961674714099116,0.8907875143732398,-0.3381230958484048,0.10768104409876625,0.0,0.0,0.0,0.01952461172556436,0.0,-0.012859429422055658,-0.7596902545569454,0.0,0.0,0.17617649450506223,1.0118330673694045,0.0,0.0,-0.0635808191471431,0.007901039302997489,0.17617649450506223,1.0118330673694045,0.0,Insurance—Life,Financial Services,MDWT
2012Q1,2012,Q1,2012-05-15,2012-03-31,-711960.0,1201133.0,-1112765.0,-40.0,0.0,0.0,58471954.0,9816289.0,4164740.0,959121.0,48655665.0,0.0,-14973953.0,1024481.25,-2844122.75,538.971558776698,4.342246702970741,0.0,0.0,-0.11335903007745596,538.971558776698,-0.07252842698498384,0.8529290678051473,-0.35973975012641163,0.1043654328025591,0.0,0.0,0.0,0.020542036272637648,4.342246702970741,-0.012176093858604417,-1.4050195568038752,0.0,0.45179623759534804,0.0,0.0,0.0,0.0,0.46425749592526877,0.0,0.0,0.0,0.0,Insurance—Life,Financial Services,MDWT
2011Q4,2011,Q4,2012-04-02,2011-12-31,-1328922.0,1135173.0,0.0,-72.96557,0.0,0.0,57550906.0,10034140.0,0.0,0.0,46083766.0,0.0,-14235077.0,1024481.25,-495243.75,550.9328501619722,0.0,0.016507125013809514,0.0946767734952871,0.0,550.9328501619722,-0.13244004967042516,0.9024890919710036,-0.19272787454794185,0.10209955711201957,0.0,0.0,0.0,0.019724676445580198,0.0,-0.023091243776422913,-0.9197147081636611,0.0,-0.4593114,0.0,0.0,0.0,0.0,-0.49832401100864887,1.0,0.0,0.0,0.0,Insurance—Life,Financial Services,MDWT
2011Q3,2011,Q3,2011-09-30,2011-09-30,-886939.0,1245816.0,-886939.0,-50.0,0.0,0.0,,,,,,,,1028587.5,,,0.0,0.0,0.0,0.0,,0.0,0.8256335606542218,-0.2899262237876562,0.0,0.0,0.0,0.0,0.0,0.0,0.0,-0.9342489132389566,0.0,0.0,0.0,0.0,0.0,0.0,0.04869371408223198,0.04869371408223198,0.0,0.0,0.0,Insurance—Life,Financial Services,MDWT
2011Q2,2011,Q2,2011-06-30,2011-06-30,-932338.0,579664.0,-932338.0,-50.0,0.0,0.0,,,,,,,,1038825.0,,,0.0,0.0,0.0,0.0,,0.0,1.7921157774158822,-0.27855375411063366,0.0,,0.0,,0.0,0.0,0.0,0.0,0.0,0.0,0.0,0.0,0.0,0.0,0.0,0.0,0.0,0.0,0.0,Insurance—Life,Financial Services,MDWT
