Year,Date,FillingDate,NetIncome,Revenue,OperatingIncome,EPSDiluted,GrossProfit,GrossProfitRatio,TotalAssets,CommonStockEquity,CurrentAssets,CurrentLiability,TotalLiability,Inventory,RetainedEarnings,EnterpriseValue,bookValuePerShare,currentRatio,debtToAssets,debtToEquity,roic,shareholdersEquityPerShare,roe,priceToSalesRatio,peRatio,pbRatio,payoutRatio,inventoryTurnover,dividendYield,assetTurnover,quickRatio,returnOnAssets,priceToFreeCashFlowsRatio,grossProfitMargin,epsdilutedGrowth,fiveYNetIncomeGrowthPerShare,fiveYRevenueGrowthPerShare,fiveYShareholdersEquityGrowthPerShare,grossProfitGrowth,netIncomeGrowth,operatingIncomeGrowth,threeYNetIncomeGrowthPerShare,threeYRevenueGrowthPerShare,threeYShareholdersEquityGrowthPerShare,Industry,Sector,Price,MarketCap,AvgVolume,Symbol
2022,2022-12-31,2023-03-14,-120097000.0,107055000.0,-81740000.0,-2.42,41335000.0,0.3861099435,1841721000.0,720469000.0,652702000.0,81892000.0,1119122000.0,0.0,-640531000.0,1490484070.0,14.487904442076053,7.970277927025839,0.5623381608832174,1.4374941878137713,-0.04656971703785563,14.487904442076053,-0.1666928070465211,5.495250758955677,-4.898490969799412,0.8165432100478993,-0.0408003530479529,0.0,0.0083291677578868,0.0581276968661377,6.808625995213208,-0.0652091169075012,-4.988798368426854,0.3861099434869927,-1.6304347826086956,-0.10689123104825025,-0.6980620887364384,-0.44766963901952994,0.13495332235035695,-2.0805951006797487,-0.44241119483315394,0.029408874816337416,-0.5351518310311429,-0.2787334421866054,REIT—Retail,Real Estate,9.52,534753632,446970,SRG
2021,2021-12-31,2022-03-16,-38985000.0,116683000.0,-56669000.0,-0.92,36420000.0,0.3121277307,2414138000.0,687741000.0,152882000.0,87981000.0,1569338000.0,0.0,-553771000.0,1922455110.0,16.222984926756777,1.7376706334322183,0.6074640306395077,2.1323463338669644,-0.026109382892372707,16.222984926756777,-0.05668558367176015,4.821225971221172,-14.430040015390535,0.8179752406792673,-0.12568936770552777,0.0,0.008710257738126314,0.048333193877069164,1.5425262272536115,-0.0161486211641588,-4.1365562957734054,0.3121277306891321,0.7694235588972431,0.4396515002266823,-0.6522765790870054,-0.3665317753012019,-0.055571402639836114,0.7451361104573625,0.3398529874305418,0.5549146725500587,-0.5442423930971008,-0.2611276765302573,REIT—Retail,Real Estate,9.52,534753632,446970,SRG
2020,2020-12-31,2021-03-15,-152964000.0,116495000.0,-85843000.0,-3.99,38563000.0,0.3310270827,2648943000.0,649041000.0,208340000.0,123298000.0,1766216000.0,0.0,-528636000.0,2046019640.0,16.94712517624941,1.6897273272883584,0.6144084640552855,2.507596592511105,-0.03730033390429436,16.94712517624941,-0.2356769449079488,4.826083866260355,-3.6754703067388403,0.8662236129920915,-0.032033681127585575,0.0,0.008715532558881783,0.04397791873966333,1.543398919690506,-0.05774529689766824,-11.882627552098745,0.3310270827074123,-0.6024096385542168,-4.611834063158549,-0.15938001353198972,-0.4001291641638173,-0.5613604049365865,-0.6882884672692957,-0.28139180797707186,-0.8306092441199033,-0.5733697874027411,-0.3539154124322935,REIT—Retail,Real Estate,9.52,534753632,446970,SRG
2019,2019-12-31,2020-03-02,-90603000.0,168633000.0,-66992000.0,-2.49,87915000.0,0.5213392397,2750612000.0,731419000.0,210025000.0,79240000.0,1707242000.0,0.0,-418711000.0,2926328040.0,20.08675473045341,2.650492175668854,0.5839264134672575,2.1959437750454938,-0.02862699751043736,20.08675473045341,-0.12387291005565892,8.65449253704791,-16.10799907287838,1.995344720331301,-0.2523536748231295,0.0,0.01566635766996203,0.06130744721538334,2.4448510853104493,-0.03293921498197492,-25.311013527575444,0.5213392396506022,-0.13181818181818183,-2.4960513323147713,0.27983689473341206,-0.28899691103478564,-0.38779134140651655,-0.23316365418118468,0.43283354639890953,-0.5161457155845538,-0.41493163903594404,-0.21566093314466925,REIT—Retail,Real Estate,9.52,534753632,446970,SRG
2018,2018-12-31,2019-03-01,-73472000.0,214754000.0,-118117000.0,-2.2,143603000.0,0.6686860314592511,2876076000.0,780770000.0,602776000.0,104085000.0,1725618000.0,0.0,-344132000.0,2214850800.0,21.956411698537682,5.791189892876015,0.5556365687137614,2.046765372644953,-0.049792681284284865,21.956411698537682,-0.09410197625421059,5.353356864132915,-15.647522865853658,1.4724628251597782,-0.5403010670731707,0.0,0.03452949528849878,0.07466909775680476,5.474208579526349,-0.025545917423600767,20.941270332792946,0.6686860314592511,-0.004566210045662206,-1.903031802732958,0.6689680778174382,-0.22281738639520499,-0.18251320703160578,0.0038235214361254984,-0.03098623512878927,-1.903031802732958,0.6689680778174382,-0.22281738639520499,REIT—Retail,Real Estate,9.52,534753632,446970,SRG
2017,2017-12-31,2018-02-28,-73754000.0,241017000.0,-114567000.0,-2.19,175664000.0,0.7288448532676118,2775817000.0,886696000.0,468169000.0,81054000.0,1454957000.0,0.0,-229760000.0,2471664840.0,26.230505265649036,5.776013521849631,0.4847308017783593,1.517458069056362,-0.05143962832074298,26.230505265649036,-0.08317845123920713,5.674744271150997,-18.544212381701332,1.5424788653608452,-0.46435447568945415,0.0,0.02504039891970069,0.08682740973198161,3.360179633330866,-0.02657019536950743,19.637460372157133,0.7288448532676118,-0.3353658536585366,-2.0655554052205902,0.9703714402935644,-0.07152894933696403,-0.042614302142432815,-0.43050545017262115,-2.762833776726771,-2.0655554052205902,0.9703714402935644,-0.07152894933696403,REIT—Retail,Real Estate,9.52,534753632,446970,SRG
2016,2016-12-31,2017-03-01,-51558000.0,248674000.0,-30447000.0,-1.64,183483000.0,0.7378455327054698,2712237000.0,804557000.0,177866000.0,88520000.0,1287926000.0,0.0,-121338000.0,2456622360.0,25.609784823020117,2.009331224582015,0.4302245710828368,1.4503273229864384,-0.015530311081791481,25.609784823020117,-0.0640824702289583,5.395728383345263,-26.02462003956709,1.6677219389055096,-0.7632957058070523,0.0,0.029329754080811142,0.09168594042482275,0.8495029371893358,-0.019009400727148844,14.517472112523668,0.7378455327054698,-1.304276962850559,-1.305880824236515,1.1874997523785764,-0.0935003507910731,0.7109248242293131,-1.308084877786731,-2.248372986237064,-1.305880824236515,1.1874997523785764,-0.0935003507910731,REIT—Retail,Real Estate,9.52,534753632,446970,SRG
2015,2015-12-31,2016-03-11,-22338000.0,113571000.0,-9373000.0,-0.71172,107242000.0,0.9442727456833171,2833359000.0,886695000.0,188237000.0,79769000.0,1263282000.0,0.0,-38145000.0,2341899920.0,28.251290384247753,2.3597763542228183,0.40320411215098406,1.2884046938349714,-0.004504071353165738,28.251290384247753,-0.025192428061509314,11.11502866048551,-56.51109857641687,1.4236517855632433,-1.2487241471931239,0.0,0.022096971721484806,0.04008351924341391,0.9106169063169903,-0.007883928580882268,71.43596400882802,0.9442727456833171,0.0,0.0,0.0,0.0,0.0,0.0,0.0,0.0,0.0,0.0,REIT—Retail,Real Estate,9.52,534753632,446970,SRG
TTM,,,,,,,,,,,,,,,,1219885632.0,11.718136249308763,7.990329876004055,0.5312729783503135,1.2263653759207924,-0.06490137841983139,11.718136249308763,-0.18201744328560018,6.9604002707346275,-4.636839507889066,0.8124158823090635,-0.042573156321679295,0.0,0.0,0.05066563437887644,2.855377056850971,-0.07590216918924302,-4.869054349112695,0.2677409277867444,,,,,,,,,,,REIT—Retail,Real Estate,9.52,534753632,446970,SRG
