Quarters,Year,Quarter,FillingDate,Date,NetIncome,Revenue,OperatingIncome,EPSDiluted,GrossProfit,GrossProfitRatio,TotalAssets,CommonStockEquity,CurrentAssets,CurrentLiability,TotalLiability,Inventory,RetainedEarnings,MarketCap,EnterpriseValue,bookValuePerShare,currentRatio,debtToAssets,debtToEquity,roic,shareholdersEquityPerShare,roe,priceToSalesRatio,peRatio,pbRatio,payoutRatio,inventoryTurnover,dividendYield,assetTurnover,quickRatio,returnOnAssets,priceToFreeCashFlowsRatio,grossProfitMargin,epsdilutedGrowth,fiveYNetIncomeGrowthPerShare,fiveYRevenueGrowthPerShare,fiveYShareholdersEquityGrowthPerShare,grossProfitGrowth,netIncomeGrowth,operatingIncomeGrowth,threeYNetIncomeGrowthPerShare,threeYRevenueGrowthPerShare,threeYShareholdersEquityGrowthPerShare,Industry,Sector,Symbol
2023Q2,2023,Q2,2023-05-08,2023-03-31,58503000.0,62285000.0,94946000.0,0.34,62285000.0,1.0,5671750000.0,2506145000.0,107997000.0,31211000.0,3165605000.0,0.0,-161053000.0,2316528498.6,5326758498.6,14.669936597170253,3.460222357502163,0.5461635297747609,1.2360430062905379,0.016889016251953343,14.669936597170253,0.023343820888256664,37.192397826121855,9.899186787857033,0.9243393732605257,0.7443720834828983,0.0,0.018798819020063143,0.010981619429629302,3.3089295440710007,0.010314805835941288,77.7750041497398,1.0,1.2666666666666668,-0.06298951171716083,-0.0642895121028926,-0.04133521454065616,0.8886260953940386,1.2869707986396153,-0.03222978758103315,1.2111032994972883,1.2276566478285338,0.058581004248867155,Asset Management,Financial Services,GBDC
2023Q1,2023,Q1,2023-02-08,2022-12-31,25581000.0,32979000.0,98108000.0,0.15,32979000.0,1.0,5665751000.0,2513685000.0,5514664000.0,32543000.0,3152066000.0,0.0,-163160000.0,2248987017.2,5230196017.2,14.708886421756619,169.45776357434778,0.5443966739802014,1.2270495308680285,0.01628156433466264,14.708886421756619,0.010176692783702016,68.19451824494375,21.979076435635825,0.8946972342198805,1.8468785426683867,0.0,0.021007235541457354,0.005820764096410167,169.68048428233413,0.004515023692357818,42.49947120450508,1.0,1.9999999999999998,-0.5586175281096486,-0.46660489867159055,-0.03530203842969204,1.8832837908725302,2.164790300630954,1.6351158980419542,-0.5547106678788568,-0.454766555515073,-0.07647055190078081,Asset Management,Financial Services,GBDC
2022Q4,2022,Q4,2022-11-21,2022-09-30,8083000.0,11438000.0,37231000.0,0.05,11438000.0,1.0,5681224000.0,2544500000.0,144931000.0,26677000.0,3136724000.0,0.0,-132345000.0,2117397351.3000002,5069652351.3,14.889201113170392,5.432807287176219,0.5415016200734208,1.209035959913539,0.006495901471929234,14.889201113170392,0.0031766555315386126,185.1195446144431,65.48921660583942,0.8321467287482807,4.976246443152295,0.0,0.018996434455396213,0.0020132985427084023,6.644825130262023,0.0014227567862136752,13.322662215916242,1.0,-0.4444444444444444,-0.8717459828555869,-0.8277192971578613,-0.05368831815074281,-0.45978368677088743,-0.4753342853433727,-0.5177706395875968,1.048826056482707,1.0704574631332355,-0.48827395874554674,Asset Management,Financial Services,GBDC
2022Q3,2022,Q3,2022-08-09,2022-06-30,15406000.0,21173000.0,77206000.0,0.09,21173000.0,1.0,5770195000.0,2587686000.0,5635300000.0,26908000.0,3182509000.0,0.0,-89909000.0,2214807883.2000003,5265293883.200001,15.141904999699523,209.42842277389624,0.5434279084155734,1.2117718301215836,0.013083657566599632,15.141904999699523,0.005953581694224106,104.605293685354,35.94067056990783,0.8559028735325693,2.5532909256133975,0.0,0.017760456921964058,0.003669373392060407,209.5679723502304,0.002669927099517434,-11.8838654254149,1.0,-0.7692307692307693,-0.7270839971425219,-0.6488271801444161,-0.027755047033474572,-0.6878749907864672,-0.7696230167631182,-0.10480607571453418,-0.6999099897420845,-0.6201408976371653,-0.00045948956675606265,Asset Management,Financial Services,GBDC
2022Q2,2022,Q2,2022-05-10,2022-03-31,66873000.0,67835000.0,86245000.0,0.39,67835000.0,1.0,5624964000.0,2623549000.0,157420000.0,20310000.0,3001415000.0,0.0,-54046000.0,2598883115.4,5422890115.4,15.35435743667843,7.750861644510094,0.5262568791551377,1.1283097819023011,0.015423410340291531,15.35435743667843,0.025489518206063617,38.311831877349455,9.715741462922256,0.9905982756182562,0.5586410060861633,0.0,0.014374636465422625,0.012059632737205074,7.750861644510094,0.011888609420433623,-12.537426385257369,1.0,0.4444444444444444,0.1026501102871173,0.0488264866429605,-0.010685105677648868,0.018054388281906593,0.4781176782635604,0.06588476654225474,0.4024809207647147,0.3152232143917288,0.012930599911562873,Asset Management,Financial Services,GBDC
2022Q1,2022,Q1,2022-02-09,2021-12-31,45242000.0,66632000.0,80914000.0,0.27,66632000.0,1.0,5480437000.0,2607479000.0,5270075000.0,2830428000.0,2872958000.0,0.0,-69659000.0,2632227890.64,8112880890.639999,15.294829107753017,1.8619357213820666,1.0329205499488454,2.1710073216313535,0.007018906991517203,15.294829107753017,0.01735085881803842,39.503960419017886,14.545267067326819,1.0094915014234056,0.8463595773838468,0.0,0.014546992734238496,0.01215815454132581,1.8630037577355791,0.008255181110557425,-14.483959471755423,1.0,-0.3571428571428571,-0.1880416899846364,0.11579258167954931,0.021635397558489495,0.0,-0.3684195831530161,0.0,-0.08643961604200741,0.25129200520291195,0.006113638004568253,Asset Management,Financial Services,GBDC
2021Q4,2021,Q4,2021-11-29,2021-09-30,71633000.0,71128000.0,0.0,0.42,0.0,0.0,5164915000.0,2582692000.0,0.0,0.0,2582223000.0,0.0,-81729000.0,2674592181.96,5050377181.96,15.266761338574296,0.0,0.4939825728012949,0.9878754415935002,0.0,15.266761338574296,0.02773578885906643,37.60252195984704,9.334357705107982,1.0355830977754994,0.500495581645331,0.0,0.013404660434521596,0.01377137861900922,0.0,0.013869153703400734,-6.916434614754035,0.0,-0.14285714285714288,0.42919796078307215,0.3058845953219809,-0.05605136485138269,0.0,-0.1358377667595575,0.0,0.681567096786991,0.5454216874537725,-0.004836587441197336,Asset Management,Financial Services,GBDC
2021Q3,2021,Q3,2021-08-09,2021-06-30,82893000.0,86174000.0,0.0,0.49,0.0,0.0,4698609000.0,2546911000.0,0.0,0.0,2151698000.0,0.0,-105732000.0,2594444760.6,4555356760.6,15.137484604188494,0.0,0.4501832350808505,0.8305099785583399,0.0,15.137484604188494,0.03254648474171261,30.107048072504465,7.824679890340559,1.018663298639018,0.4236063358787835,0.0,0.01353430241925036,0.018340321571767303,0.0,0.017642029800734642,61.840224069218664,0.0,-0.10236353177816286,0.46376612470068324,0.41897916469842134,0.003122044119936291,0.0,-0.09223019219186333,0.0,0.4325302545042383,0.3974815078411175,-0.013739895700995338,Asset Management,Financial Services,GBDC
2021Q2,2021,Q2,2021-05-10,2021-03-31,91315000.0,94994000.0,0.0,0.545878,0.0,0.0,4605288000.0,2499131000.0,75919000.0,4177589000.0,2106157000.0,0.0,-139838000.0,2445649901.2999997,4437497901.299999,14.939707928178265,0.018172922228586873,0.4489984122599933,0.8273944022942374,0.0,14.939707928178265,0.0365387008524163,25.745309191106802,6.695641190658709,0.9786001219223801,0.37573235503476976,0.0,0.014028990814164494,0.020627157302648608,0.02257402535290092,0.019828293040522114,12.013744105496361,0.0,-0.02521785714285728,1.0869344965765666,0.9662992966794136,-0.007988147288161754,-1.0,-0.0330795539978187,-1.0,0.4936178041589156,0.4574217520109748,-0.023705944403676536,Asset Management,Financial Services,GBDC
2021Q1,2021,Q1,2021-02-08,2020-12-31,94439000.0,97169000.0,72298.0,0.56,97169000.0,1.0,4802568000.0,2442127000.0,26500000.0,4668989000.0,2360441000.0,0.0,-182648000.0,2365049485.54,4660290485.54,14.600825898624084,0.005675746933650947,0.0,0.0,2.9604520977000787e-05,14.600825898624084,0.03867079803793988,24.33954744352623,6.2607860246825995,0.9684383676770292,0.3583900718982624,0.0,0.014310905630912035,0.02023271716298447,0.009665475759313204,0.01966427128153105,-14.344761302950166,1.0,-0.01754385964912263,0.48045122292475445,0.40827378117906776,-0.0321280526107661,0.0,-0.0021765544931058164,0.0,0.6649039395083647,0.6057558384973902,-0.04238930278153192,Asset Management,Financial Services,GBDC
2020Q4,2020,Q4,2020-11-30,2020-09-30,94645000.0,98088000.0,0.0,0.57,0.0,0.0,4444284000.0,2396193000.0,184430000.0,4132153000.0,2048091000.0,0.0,-228582000.0,2214515925.64,4207748925.64,14.326198765462133,0.04463290686477485,0.0,0.0,0.0,14.326198765462133,0.0394980704809671,22.5768282118098,5.849532266997729,0.9241809510502702,0.3556342120555761,0.0,0.015199258497214227,0.02207059674854262,0.010186215273248594,0.02129589378176552,21.68224336065012,0.0,-0.3870967741935485,0.5478768476188796,0.49142838528727434,-0.05903115928993561,0.0,-0.33415644808397177,0.0,0.5343919451737641,0.5095331627317161,-0.0894710102169821,Asset Management,Financial Services,GBDC
2020Q3,2020,Q3,2020-08-07,2020-06-30,142143000.0,145251000.0,0.0,0.93,0.0,0.0,4391720000.0,2350053000.0,29266000.0,37692000.0,2041667000.0,0.0,-281347000.0,1784601498.7,3759310498.7,15.341305871335251,0.7764512363366232,0.0,0.0,0.0,15.341305871335251,0.060485018848511075,12.286328484485477,3.1387431999817084,0.7593877664461185,0.125345602667736,0.0,0.009983741475606102,0.03307382984343264,1.2696328133290884,0.03236613445301613,16.954867168617465,0.0,1.573677811437655,1.7023365744382917,1.5580448725011318,0.012419773693925894,0.0,1.620809384881466,0.0,1.8091848444327128,1.6876540076546613,-0.014951737868028779,Asset Management,Financial Services,GBDC
2020Q2,2020,Q2,2020-05-11,2020-03-31,-228964000.0,-226041000.0,0.0,-1.621119,0.0,0.0,4347146000.0,1955988000.0,23705000.0,34617000.0,2391158000.0,0.0,-374985000.0,1772767107.68,4105603107.6800003,13.858114342019142,0.6847791547505561,0.0,0.0,0.0,13.858114342019142,-0.11705797786080487,-7.842679459390111,-1.935639563075418,0.9063282124839211,-0.1927377229608148,0.0,0.024893286776824522,-0.05199756345887624,1.1147990871537106,-0.052669958634929674,19.169194503460208,0.0,-5.885714027389334,-5.519474464702426,-5.099795042579146,-0.06482202856552416,0.0,-5.866604318993368,0.0,-5.570351580586622,-5.230897701764199,-0.10709132685479643,Asset Management,Financial Services,GBDC
2020Q1,2020,Q1,2020-02-10,2019-12-31,47048000.0,49536000.0,0.0,0.331808,0.0,0.0,4597469000.0,2229082000.0,0.0,108994000.0,2368387000.0,0.0,-101858000.0,2582920553.075,4889232553.075,15.926819065737439,0.0,0.0,0.0,0.0,15.926819065737439,0.021106446510267454,52.14229152686934,13.724922170310109,1.1587373425809369,0.8676245536473389,0.0,0.015803815549573632,0.010774624037704223,0.3066315577004239,0.010233456712813071,-23.02334988077941,0.0,1.3431373664273312,0.10128278845206772,0.06143674892852918,0.0789402401256247,0.0,1.6357322379266546,0.0,0.0285189408177879,0.010417239007362735,0.0638498811221599,Asset Management,Financial Services,GBDC
2019Q4,2019,Q4,2019-11-25,2019-09-30,-74006000.0,-72572000.0,0.0,-0.966983,0.0,0.0,4394863000.0,2222854000.0,84208000.0,52556000.0,2172009000.0,0.0,-87889000.0,1439321985.72,3552311985.7200003,29.096039507137004,1.6022528350711622,0.0,0.0,0.0,29.096039507137004,-0.033293234733365304,-19.833020803064542,-4.8621800452666,0.6475108062517826,-0.25999243304596925,0.0,0.013368099835128251,-0.016512915192123168,0.4424423472105944,-0.016839205226647565,-37.69733599748566,0.0,-4.18750226623199,-3.3788909113713523,-3.187653027827007,0.9680377684781104,0.0,-4.854479166666667,0.0,-4.269601465709414,-3.95040702527004,0.7990172356724015,Asset Management,Financial Services,GBDC
2019Q3,2019,Q3,2019-08-07,2019-06-30,19200000.0,20846000.0,0.0,0.303367,0.0,0.0,2041650000.0,968220000.0,0.0,31000000.0,1073430000.0,0.0,9478000.0,1136385514.88,2174084514.88,15.14886574545775,0.0,0.0,0.0,0.0,15.14886574545775,0.019830203879283633,54.513360591000676,14.796686391666668,1.1736852315382869,0.8966145833333333,0.0,0.015148908336637738,0.010210369064237258,0.47761290322580646,0.009404158401293071,21.557156689367353,0.0,0.10344564193404075,-0.08546200349697372,-0.08288479571294419,0.03306962642009755,0.0,0.07937935686979987,0.0,-0.10747336478905876,-0.09637420111554512,0.003876242984077485,Asset Management,Financial Services,GBDC
2019Q2,2019,Q2,2019-05-08,2019-03-31,17788000.0,19241000.0,0.0,0.274927,0.0,0.0,2039608000.0,966235000.0,0.0,27200000.0,1073373000.0,0.0,9666000.0,1142907543.36,2183507543.3599997,15.15835086630712,0.0,0.0,0.0,0.0,15.15835086630712,0.018409600149032066,59.39959167195052,16.062901160332807,1.182846350380601,0.927985158533843,0.0,0.014442988057871732,0.009433675490584464,0.47988970588235297,0.008721283697651705,-66.86798170840159,0.0,-0.06451459234331573,-0.08583867536787047,-0.10785852207368775,-0.030911215232854415,0.0,-0.03530560225608764,0.0,0.06686611163383593,0.04519468639574173,0.006529966933232795,Asset Management,Financial Services,GBDC
2019Q1,2019,Q1,2019-02-06,2018-12-31,18439000.0,19827000.0,0.0,0.293887,0.0,0.0,1979807000.0,964954000.0,0.0,46900000.0,1014853000.0,0.0,11213000.0,1046717953.7799999,2023716953.7799997,15.201890253756376,0.0,0.0,0.0,0.0,15.201890253756376,0.019108682900946573,52.79255327482725,14.191631240577037,1.0847335248934145,1.2115082162807094,0.0,0.021341947866020106,0.010014612535464316,0.4062899786780384,0.009313534097010466,-9.015736171543251,0.0,0.16709749673187457,-0.10607020249315614,-0.12008701869055184,0.05168898204133577,0.0,0.15946676727661446,0.0,-0.23833869487695442,-0.24282167725885392,0.007715811835488804,Asset Management,Financial Services,GBDC
2018Q4,2018,Q4,2018-11-28,2018-09-30,15903000.0,17182000.0,0.0,0.2518101536700637,0.0,0.0,1835552000.0,968854000.0,0.0,24000000.0,866698000.0,0.0,19247000.0,1186045660.38,2022916660.38,15.34095922931874,0.0,0.0,0.0,0.0,15.34095922931874,0.01641423785214284,69.02838204981958,18.64499874834937,1.2241737768332484,1.0294284097340125,0.0,0.013803009906680031,0.009360671885078713,0.5225833333333333,0.008663878767803909,39.048056244814646,0.0,-0.2621769482956807,-0.19797927326153725,-0.23005630689633086,-0.08748267145152196,0.0,-0.26781767955801106,0.0,-0.3111846929521856,-0.30809695549607724,0.007620015449838934,Asset Management,Financial Services,GBDC
2018Q3,2018,Q3,2018-08-08,2018-06-30,21720000.0,23146000.0,0.0,0.341288,0.0,0.0,1877575000.0,969322000.0,0.0,35500000.0,908253000.0,0.0,-1418000.0,1155731394.3,2031164394.3,15.348369601696126,0.0,0.0,0.0,0.0,15.348369601696126,0.022407414667159106,49.93222994469887,13.302617337707183,1.19230905137818,0.7713627992633517,0.0,0.014496447948571573,0.012327603424630174,0.374,0.011568113124642157,-119.87671344258894,0.0,-0.07692390913344638,0.06388198629413724,0.020671369027780707,-0.0009245283406063155,0.0,-0.056964223688780825,0.0,0.0015745717219662811,-0.01127734973129083,0.012885930900709297,Asset Management,Financial Services,GBDC
2018Q2,2018,Q2,2018-05-07,2018-03-31,23032000.0,24555000.0,0.0,0.369729,0.0,0.0,1816033000.0,964356000.0,0.0,20400000.0,851677000.0,0.0,-976000.0,1127421377.49,1952833377.49,15.30246736886362,0.0,0.0,0.0,0.0,15.30246736886362,0.02388329621011328,45.91412655222969,12.237554027982807,1.169092510950313,0.7371483153872872,0.0,0.01505914322628727,0.01352123006575321,0.662156862745098,0.012682588917712399,-63.88018457079721,0.0,0.08333431002555025,0.023733185879136934,-0.010062654356170469,0.05098267615148915,0.0,0.08055360075064509,0.0,0.018212691771313516,-0.002527375454359597,0.03264629218458892,Asset Management,Financial Services,GBDC
2018Q1,2018,Q1,2018-02-07,2017-12-31,21315000.0,22739000.0,0.0,0.341288,0.0,0.0,1807327000.0,958302000.0,0.0,24200000.0,849025000.0,0.0,-387000.0,1143892859.2,1962928859.2,15.24714160047971,0.0,0.0,0.0,0.0,15.24714160047971,0.022242466362378456,50.30532825542021,13.416524269293925,1.1936663590392174,0.9832981468449449,0.0,0.018322520183103527,0.012581563823259432,0.5076859504132232,0.011793659918764009,-98.3232645006017,0.0,-0.07455529370257884,0.07228544534194757,0.017389739592471944,0.07122009141706073,0.0,-0.050683650291720485,0.0,0.11103070143699402,0.08499461896044319,0.0328964341059576,Asset Management,Financial Services,GBDC
2017Q4,2017,Q4,2017-11-20,2017-09-30,22453000.0,23653000.0,0.0,0.3687827027132145,0.0,0.0,1754176000.0,957946000.0,0.0,19400000.0,796230000.0,0.0,1954000.0,1145838611.44,1918677611.44,15.733929316051885,0.0,0.0,0.0,0.0,15.733929316051885,0.023438690698640633,48.44369050183909,12.758190569634346,1.196141130543893,0.7503228967175879,0.0,0.014702768637572802,0.013483823744025685,0.5288144329896908,0.012799741873107373,8.62109691026326,0.0,0.11143403026212302,0.14039392823121902,2.9453692531212177,0.13435863664635864,0.0,0.11645368206454179,0.0,-0.09436082712302309,-0.10531777492417078,0.06423305938114494,Asset Management,Financial Services,GBDC
2017Q3,2017,Q3,2017-08-07,2017-06-30,20111000.0,21480000.0,0.0,0.331808,0.0,0.0,1855039000.0,948219000.0,0.0,27300000.0,906820000.0,0.0,3862000.0,1164103839.04,2030798839.04,15.574166729792077,0.0,0.0,0.0,0.0,15.574166729792077,0.021209235419243865,54.194778353817505,14.470984026652081,1.2276740278775262,0.8048331758738999,0.0,0.013904257899663047,0.011579271379200114,0.7331501831501831,0.010841281504054633,-29.999583523348107,0.0,-0.07894817195883956,0.6565068598749377,-0.3557715675933786,0.1255948483669737,0.0,-0.030327868852459017,0.0,0.005597743915245648,-0.007968331925420062,0.062072822856378836,Asset Management,Financial Services,GBDC
2017Q2,2017,Q2,2017-05-09,2017-03-31,20740000.0,22118000.0,0.0,0.360249,0.0,0.0,1784227000.0,906881000.0,0.0,18100000.0,877346000.0,0.0,4411000.0,1161634720.3999999,2016197720.3999999,15.520192331882026,0.0,0.0,0.0,0.0,15.520192331882026,0.02286959369531394,52.51988065828736,14.002347160077145,1.2809119613267892,0.7477820636451302,0.0,0.013351012781935095,0.012396404717561163,0.5871270718232044,0.011624081464970544,-64.43502997559351,0.0,0.1176472413194013,-0.21197251991534727,-0.330654630680631,0.04554492115106597,0.0,0.09249894648124736,0.0,0.16273857349337942,0.11874099027198452,-0.007778322397410071,Asset Management,Financial Services,GBDC
2017Q1,2017,Q1,2017-02-08,2016-12-31,18984000.0,20346000.0,0.0,0.322328,0.0,0.0,1774086000.0,869570000.0,0.0,19800000.0,904516000.0,0.0,5520000.0,1068163123.2900001,1947159123.29,14.970927147106192,0.0,0.0,0.0,0.0,14.970927147106192,0.021831479926860402,52.499907760247716,14.066623515723768,1.2283808356889039,1.4875158027812896,0.0,0.026436973327652765,0.011468440650565981,0.5742424242424242,0.010700721385547262,-76.93482593560934,0.0,0.08793508430337288,0.21033710625671592,-0.3563521959744337,0.08561804164560302,0.0,0.17920367724703398,0.0,0.005789138393559046,-0.01323230064010037,0.03571061682047013,Asset Management,Financial Services,GBDC
2016Q4,2016,Q4,2016-11-16,2016-09-30,16099000.0,17495000.0,0.0,0.2962750302389533,0.0,0.0,1756509000.0,878825000.0,0.0,18200000.0,877684000.0,0.0,18832000.0,1009057124.25,1857658124.25,16.173296692325493,0.0,0.0,0.0,0.0,16.173296692325493,0.018318777913691575,57.67688621034581,15.669562150599416,1.1481889161664722,0.9637244549350892,0.0,0.015375740012273147,0.009960096987832115,0.9275824175824176,0.009165338748620131,-58.1086740138209,0.0,-0.10708894831060944,1.2350549981030947,-0.3315072817589509,0.14898073493259528,0.0,-0.11974410848050741,0.0,-0.05635769009518498,-0.08882631305771596,-0.03797322769117443,Asset Management,Financial Services,GBDC
2016Q3,2016,Q3,2016-06-30,2016-06-30,18289000.0,19613000.0,0.0,0.331808,0.0,0.0,1696696000.0,819981000.0,0.0,20400000.0,876715000.0,0.0,2640000.0,981888111.75,1835046111.75,15.090371797649988,0.0,0.0,0.0,0.0,15.090371797649988,0.022304175340648137,50.063127096823536,13.421839790994586,1.1974522723697256,0.7959975941822953,0.0,0.01482653657355476,0.01155952510054836,0.435,0.010779184957116656,76.49486691726395,0.0,0.2500018836222809,0.160896907102951,-0.19402286320383327,0.058755989861769053,0.0,0.29004725964590533,0.0,0.041179398040829415,0.0052081096640696385,-0.017718447463846498,Asset Management,Financial Services,GBDC
2016Q2,2016,Q2,2016-05-05,2016-03-31,14177000.0,15653000.0,0.0,0.265446,0.0,0.0,1665015000.0,816250000.0,0.0,14900000.0,848765000.0,0.0,3239000.0,938199109.2299999,1766794109.23,15.0600095022433,0.0,0.0,0.0,0.0,15.0600095022433,0.017368453292496172,59.937335285887684,16.54438719810256,1.1494016652128636,1.0077590463426678,0.0,0.01522811081298686,0.0094011165064579,1.0857718120805369,0.008514638006264208,-12.582130048949923,0.0,-0.3000007911204639,-0.16708604147208292,-0.406898357552681,0.07561690154431777,0.0,-0.31309656475604436,0.0,-0.26731475489733547,-0.2662580802903315,0.034330523830413615,Asset Management,Financial Services,GBDC
2016Q1,2016,Q1,2016-02-05,2015-12-31,20639000.0,22324000.0,0.0,0.379209,0.0,0.0,1640847000.0,816360000.0,0.0,21600000.0,824487000.0,0.0,2813000.0,899941845.9499999,1696018845.9499998,15.08549342504324,0.0,0.0,0.0,0.0,15.08549342504324,0.0252817384487236,40.31275066968285,10.900986553975482,1.1023835635626438,0.7339987402490431,0.0,0.016833309916829523,0.013605168550145139,0.8255092592592592,0.012578259886509832,39.09900707954989,0.0,0.03730909958674892,0.19520131806936575,-0.1564462255552104,0.0779433295685436,0.0,0.06004108885464818,0.0,0.2058838782275957,0.16005817633710687,0.05986315791399621,Asset Management,Financial Services,GBDC
2015Q4,2015,Q4,2015-11-17,2015-09-30,19470000.0,20942000.0,0.0,0.3655699156124941,0.0,0.0,1641050000.0,810870000.0,0.0,16600000.0,830180000.0,0.0,4230000.0,851083709.88,1659220709.88,15.224944913852239,0.0,0.0,0.0,0.0,15.224944913852239,0.024011247178955936,40.640039627542734,10.928142140215718,1.0495932885419363,0.8095531587057011,0.0,0.018519917391230985,0.012761341823832302,0.6727710843373494,0.011864355138478413,12.62641806809584,0.0,0.07114787397299084,0.0032716444725078356,-0.0927936914873708,0.0020024064762593297,0.0,0.06463254593175853,0.0,0.130458964157781,2.9689845186763493,0.09766272674644484,Asset Management,Financial Services,GBDC
2015Q3,2015,Q3,2015-08-05,2015-06-30,18288000.0,19742000.0,0.0,0.341288,0.0,0.0,1645806000.0,807044000.0,0.0,15300000.0,838762000.0,0.0,577000.0,881974107.3599999,1698950107.36,15.15310770290548,0.0,0.0,0.0,0.0,15.15310770290548,0.02266047452183524,44.67501303616654,12.056732657480314,1.092845132805646,0.868766404199475,0.0,0.01801413427833762,0.011995338454228505,1.0837254901960784,0.011111880744146029,-7.330541556414412,0.0,-0.05263303992516289,0.24875753926060132,-0.12088344692624807,0.00017673691634607856,0.0,0.023906836123397345,0.0,0.7220038427029625,-0.32313027546315254,0.09516356560592852,Asset Management,Financial Services,GBDC
2015Q2,2015,Q2,2015-05-11,2015-03-31,17861000.0,19438000.0,0.0,0.360249,0.0,0.0,1503603000.0,737392000.0,0.0,11400000.0,766211000.0,0.0,1765000.0,873304444.35,1625058444.35,14.818692019404699,0.0,0.0,0.0,0.0,14.818692019404699,0.024221852149196085,44.927690315361666,12.223621918565591,1.1843150513566734,0.7943004311068809,0.0,0.0162451938631314,0.012927614536549874,1.5128947368421053,0.011878800454641285,-91.99456908774887,0.0,0.1875022662319896,-0.05073760188010571,-0.06178632033902794,0.9200264380047276,0.0,0.17723437911943052,0.0,-0.20310145188800804,-0.3092504002448172,-0.0017128752223643149,Asset Management,Financial Services,GBDC
2015Q1,2015,Q1,2015-02-06,2014-12-31,15172000.0,16574000.0,0.0,0.303367,0.0,0.0,1460583000.0,733718000.0,0.0,11900000.0,726865000.0,0.0,3106000.0,891205396.51,1600495396.51,14.76153958618044,0.0,0.0,0.0,0.0,14.76153958618044,0.020678244230072043,53.77129217509352,14.685034875263643,1.2146429507113086,0.9354732401792776,0.0,0.01592562169796146,0.011347523557374008,1.1896638655462184,0.010387632883581419,-21.81813588537714,0.0,-0.2550056254351402,-0.32812055798652606,-0.4353275737016548,1.4685705172736887,0.0,-0.24824100683777622,0.0,0.1303678325068139,-0.38729006915092623,0.07043428504833024,Asset Management,Financial Services,GBDC
2014Q4,2014,Q4,2014-11-18,2014-09-30,20182000.0,21521000.0,0.0,0.40720710163374346,0.0,0.0,1443388000.0,732739000.0,0.0,13100000.0,710649000.0,0.0,3627000.0,790513963.8,1482917963.8,14.784289190566225,0.0,0.0,0.0,0.0,14.784289190566225,0.027543231628178656,36.73221336369128,9.79231448568031,1.0788479442202474,0.7044395996432464,0.0,0.017984502046818875,0.014910058833799367,0.8340458015267176,0.013982380344023921,-775.01369,0.0,0.22723714206331214,-0.013709002206880707,-0.16283623062087513,1.9268023052354206,0.0,0.23968058968058967,0.0,2.071910133754877,-0.09842850435959437,0.05030308803358337,Asset Management,Financial Services,GBDC
2014Q3,2014,Q3,2014-08-07,2014-06-30,16280000.0,17626000.0,0.0,0.331808,0.0,0.0,1462113000.0,726774000.0,0.0,11700000.0,735339000.0,0.0,1647000.0,877247470.8,1589419470.8,14.663934896579242,0.0,0.0,0.0,0.0,14.663934896579242,0.022400361047588385,49.77008231022353,13.471244944717444,1.2070430020886822,0.8818181818181818,0.0,0.016364823470973525,0.01205515579165222,1.42,0.0111345703102291,-16.971975522364957,0.0,0.0937511331159948,-0.35513199475540413,-0.31131412003250575,0.0,0.0,0.15551139186599475,0.0,0.13295610929814095,-0.20587759235089045,0.028836738741856063,Asset Management,Financial Services,GBDC
2014Q2,2014,Q2,2014-05-08,2014-03-31,14089000.0,15616000.0,0.0,0.303367,0.0,0.0,1321644000.0,721930000.0,0.0,9300000.0,599714000.0,0.0,1622000.0,823382346.96,1400944346.96,15.641859759990306,0.0,0.0,0.0,0.0,15.641859759990306,0.01951574252351336,52.72684086577869,14.610375948612393,1.1405293407394068,0.9458442756760593,0.0,0.016184461628550532,0.011815587253451006,1.9105376344086022,0.010660208043921055,-12.872187520870463,0.0,-0.05882517187461221,0.3241629173172032,-0.3091643709373968,0.0,0.0,-0.05041450427984094,0.0,-0.027953105959921957,-0.30514755729166193,0.11717384553611085,Asset Management,Financial Services,GBDC
2014Q1,2014,Q1,2013-12-31,2013-12-31,14837000.0,16208000.0,0.0,0.322328,0.0,0.0,1264827000.0,659981000.0,0.0,13200000.0,604846000.0,0.0,2135000.0,872532979.5,1432207979.5,14.45473948414806,0.0,0.0,0.0,0.0,14.45473948414806,0.02248095020917269,53.83347603035538,14.70197781728112,1.322057725146633,0.882388623037002,0.0,0.015004590436801938,0.01281440070460229,2.7325,0.011730457999394383,-6.281780138805895,0.0,0.026621575978524447,-0.28472842002515486,-0.3988608283512042,1.4172643725350516,0.0,0.20694704303262018,0.0,0.018355801925853087,-0.27410932030397755,0.03287241381988749,Asset Management,Financial Services,GBDC
2013Q4,2013,Q4,2013-12-03,2013-09-30,12293000.0,13835000.0,0.0,0.3139696335456159,0.0,0.0,1091656000.0,658236000.0,0.0,12500000.0,433420000.0,0.0,2725000.0,678333833.1,1082933833.1,16.81169085711641,0.0,0.0,0.0,0.0,16.81169085711641,0.0186756725551322,49.030273444163356,13.795123914016107,1.030532868302554,0.9799072642967542,0.0,0.01775821787474395,0.012673406274504057,1.65,0.011260873388686546,-16.715552428476382,0.0,-0.0259312453599566,-0.23953825484858654,-0.31875117908848316,2.328161058085273,0.0,-0.028758789602591452,0.0,-0.1383403909646686,-0.18474712829612513,0.10643124103779318,Asset Management,Financial Services,GBDC
2013Q3,2013,Q3,2013-08-08,2013-06-30,12657000.0,14059000.0,0.0,0.322328,0.0,0.0,1015757000.0,601498000.0,0.0,10500000.0,414259000.0,0.0,-343000.0,685185690.0,1076049690.0,15.36257273557479,0.0,0.0,0.0,0.0,15.36257273557479,0.021042463981592624,48.736445693150294,13.533730149324484,1.1391321168150184,0.9561507466224224,0.0,0.017662365365511357,0.013840908800037804,1.7577142857142858,0.012460657421017034,-4.149522116712289,0.0,-0.10526330399251624,-0.36536235073155987,-0.3046547907483364,0.0,0.0,0.03314015182434087,0.0,0.17562268530009573,-0.14840126349569985,0.014002419210750721,Asset Management,Financial Services,GBDC
2013Q2,2013,Q2,2013-05-03,2013-03-31,12251000.0,13507000.0,0.0,0.360249,0.0,0.0,893178000.0,499653000.0,0.0,7800000.0,393525000.0,0.0,379000.0,563819585.67,940569585.67,14.560151861778087,0.0,0.0,0.0,0.0,14.560151861778087,0.024519016197240884,41.74276935440882,11.505582925271407,1.1284222964137112,0.8463798873561342,0.0,0.018390634634797717,0.015122405612319157,1.695897435897436,0.013716190949620344,-29.104872272868054,0.0,0.15151447348232996,0.5485915997782574,-0.1963481769995511,0.0,0.0,0.3146260328361412,0.0,-0.055856511326319455,-0.054644755494697606,0.8865279391305371,Asset Management,Financial Services,GBDC
2013Q1,2013,Q1,2013-02-07,2012-12-31,9319000.0,10478000.0,0.0,0.312848,0.0,0.0,839003000.0,419390000.0,0.0,19100000.0,419613000.0,0.0,779000.0,470852761.42,849882761.4200001,14.233435054704834,0.0,0.0,0.0,0.0,14.233435054704834,0.022220367676864018,44.937274424508495,12.631525952891941,1.122708603972436,0.9448438673677433,0.0,0.01870011332936827,0.01248863234100474,1.2913612565445025,0.011107230844228209,-6.49183457079829,0.0,-0.03257404147633206,-0.3038433087159203,-0.39780546218752594,1.3802556590010604,0.0,0.06551566430368168,0.0,-0.3038433087159203,-0.39780546218752594,1.3802556590010604,Asset Management,Financial Services,GBDC
2012Q4,2012,Q4,2012-11-29,2012-09-30,8746000.0,-5401000.0,0.0,0.32338185392236013,0.0,0.0,734096000.0,375129000.0,0.0,6700000.0,358967000.0,0.0,347000.0,431915453.22,770324453.22,13.870330605996001,0.0,0.0,0.0,0.0,13.870330605996001,0.023314646428295335,-79.96953401592299,12.346085445346443,1.151378467727102,0.8951520695174937,0.0,0.018126232672699093,-0.0073573483577079836,2.656268656716418,0.011913973104335129,-16.192983662130246,0.0,0.6243406279848311,-0.21674103891206928,-1.385014589255623,1.7458686088141735,-1.0,0.621731874652327,-1.0,-0.21674103891206928,-1.385014589255623,1.7458686088141735,Asset Management,Financial Services,GBDC
2012Q3,2012,Q3,2012-08-06,2012-06-30,5393000.0,14811000.0,6678000.0,0.199085,14811000.0,1.0,711522000.0,374211000.0,703654000.0,337311000.0,337311000.0,0.0,0.0,408115478.34,719845478.3399999,13.836387713027705,2.086068939346775,0.4635134261484536,0.8813209659790867,0.009485647241307309,13.836387713027705,0.014411655456413628,27.554890172169333,18.91875942610792,1.0906025700473796,1.4570739847951049,0.0,0.019254354262578398,0.020815941039068364,1.9524859847440492,0.007579526704725926,1412.1642849134946,1.0,-0.5624995879582728,-0.6085269388826745,0.06049060848085185,0.0,0.03198160535117057,-0.5282127547896072,-0.05477707006369427,-0.6085269388826745,0.06049060848085185,0.0,Asset Management,Financial Services,GBDC
2012Q2,2012,Q2,2012-03-31,2012-03-31,11431000.0,14352000.0,7065000.0,0.455051,14352000.0,1.0,719279000.0,376725000.0,98969000.0,342554000.0,342554000.0,0.0,0.0,387533344.53,689112344.53,14.844118141567238,0.28891503237445776,0.46115624118040427,0.8804831110226292,0.009972827045911705,14.844118141567238,0.030343088459751807,27.00204463001672,8.47549086978392,1.0286902768066892,0.6457002886886537,0.0,0.019046103010701358,0.019953314360630577,0.09877858673377045,0.015892303264797108,-10.972065247168743,1.0,0.714288405174687,0.9538091506514992,0.15465971858229666,0.0,0.35357917570498915,0.8463899208528509,0.1140018921475875,0.9538091506514992,0.15465971858229666,0.0,Asset Management,Financial Services,GBDC
2012Q1,2012,Q1,2012-02-06,2011-12-31,6191000.0,12477000.0,6342000.0,0.265446,10603000.0,0.8498036386951991,634031000.0,316160000.0,626178000.0,317871000.0,317871000.0,0.0,0.0,355358719.5,641811719.5,13.790234293097175,1.96991232292345,0.49193178251536596,0.9865258097165992,,13.790234293097175,0.019581857287449392,28.481102789132002,14.349810995800356,1.1239838040865384,1.0628331448877402,0.0,0.018516500760860043,0.019678848510561786,1.8582475280852924,0.009764506782791378,-3.680109354611545,0.8498036386951991,1.0024853547326402,-0.40560990618120424,-0.07840170712454388,1.3061392481110903,1.1029353431178104,1.076819859107682,-0.01689660517749186,-0.40560990618120424,-0.07840170712454388,1.3061392481110903,Asset Management,Financial Services,GBDC
2011Q4,2011,Q4,2011-12-08,2011-09-30,2981000.0,10831000.0,6451000.0,0.13255827283462993,5042000.0,0.46551564952451296,559644000.0,316549000.0,554299000.0,243095000.0,243095000.0,0.0,0.0,333950111.55,525283111.55,14.076212246739104,2.280174417408832,0.4247039189198848,0.7508568973523846,,14.076212246739104,0.009417183437635248,30.83280505493491,28.00655078413284,1.054971304758505,2.3331096947333108,0.0,0.020826464071890798,0.019353374645310232,2.0948188979617024,0.005326600481734817,-32.53605919232268,0.46551564952451296,-0.5489481575073756,-0.6789323401894085,-0.07143939950711349,1.78662639249694,-0.49935458246450204,-0.5427914110429448,0.08383736559139784,-0.6789323401894085,-0.07143939950711349,1.78662639249694,Asset Management,Financial Services,GBDC
2011Q3,2011,Q3,2011-08-08,2011-06-30,6520000.0,10071000.0,5952000.0,0.293887,10071000.0,1.0,547259000.0,320523000.0,543423000.0,226736000.0,226736000.0,0.0,0.0,335749169.39,513932169.39,14.252926965372053,2.3967212970150307,0.40620620218214776,0.6935539727258262,,14.252926965372053,0.02034175394589468,33.338215608181905,12.87381784470859,1.047504139765321,1.0096625766871166,0.0,0.01960689884046536,0.018402621062422,2.2658907275421636,0.01191392009998922,-5.029648701051622,1.0,-0.0606077072571984,-0.43080936679525256,-0.1327711278085524,0.0,0.10536713862364175,0.10959836623553437,0.14881297046902142,-0.43080936679525256,-0.1327711278085524,0.0,Asset Management,Financial Services,GBDC
2011Q2,2011,Q2,2011-05-05,2011-03-31,5876000.0,9111000.0,5181000.0,0.312848,9111000.0,1.0,459519000.0,261977000.0,455546000.0,197542000.0,197542000.0,0.0,0.0,295258585.86,445392585.86,14.001276365796112,2.3060716202124105,0.42218058448072876,0.7405230230134706,,14.001276365796112,0.022429449913542027,32.40682536055318,12.562056920524165,1.1270401060398432,0.914567733151804,0.0,0.018200994847777735,0.01982725415053567,2.224823075599113,0.012787284094890527,-94.51299163252241,1.0,-0.029411034722394543,0.3622418068881842,-0.005780815319693578,0.0,0.16019355660257226,-0.01442468970144247,-0.009936938658513281,0.3622418068881842,-0.005780815319693578,0.0,Asset Management,Financial Services,GBDC
2011Q1,2011,Q1,2010-12-31,2010-12-31,5962000.0,9137000.0,5233000.0,0.322328,7853000.0,0.8594724745540112,460314000.0,261475000.0,456510000.0,198839000.0,198839000.0,0.0,0.0,319867666.08000004,472478666.08000004,13.994699917185203,2.295877569289727,0.4214514440143033,0.7419447365904962,,13.994699917185203,0.02280141504923989,35.007952947356905,13.412766943978532,1.2233202641935175,0.8433411606843341,0.0,0.015719000490479335,0.01984949404102417,2.1569812763089735,0.012952028398006578,-8.420450840550716,0.8594724745540112,-0.11540165421510887,-0.29762114712542836,-0.17185991160468983,1.3403320102191973,0.23844819429112127,-0.045774647887323945,0.20243566176470587,-0.29762114712542836,-0.17185991160468983,1.3403320102191973,Asset Management,Financial Services,GBDC
2010Q4,2010,Q4,2010-12-13,2010-09-30,6248000.0,7432000.0,4352000.0,0.3643778009939676,6341000.0,0.8532023681377826,442763000.0,260541000.0,442763000.0,182222000.0,182222000.0,0.0,-1122000.0,262349681.4,375130681.4,15.194519309982283,2.4297999143901396,0.3929867671869601,0.6678411459232904,,15.194519309982283,0.023980870573153554,35.300010952637244,10.497346406850193,1.0069420221769319,0.8788412291933418,0.0,0.02093008068734022,0.016785503757089006,2.2392685844738835,0.014111386904506473,-4.85069208468152,0.8532023681377826,0.3253620088022189,-0.11744529141526516,-0.1643711484416978,2.008014357009276,0.002212739054844318,0.32513255567338284,-0.09615784008307372,-0.11744529141526516,-0.1643711484416978,2.008014357009276,Asset Management,Financial Services,GBDC
2010Q3,2010,Q3,2010-08-09,2010-06-30,4715000.0,7230000.0,4815000.0,0.274927,6327000.0,0.875103734439834,383760000.0,259785000.0,383760000.0,123975000.0,123975000.0,0.0,19000.0,247260287.96,297644287.96000004,15.150430062614896,3.09546279491833,0.31729205753595996,0.46871066458802474,,15.150430062614896,0.01814962372731297,34.199209952973725,13.11030158854719,0.9517881631349,0.0,0.0,0.0,0.018839899937460915,2.8290865093768907,0.012286324786324786,11.801273766704849,0.875103734439834,-0.2729126390758514,-0.4601689324271255,-0.18348257290051478,0.0,-0.10127840909090909,-0.3208987469393634,-0.04045436428856118,-0.4601689324271255,-0.18348257290051478,0.0,Asset Management,Financial Services,GBDC
2010Q2,2010,Q2,2010-05-13,2010-03-31,6943000.0,7645000.0,5018000.0,0.378121,7040000.0,0.920863309352518,354827000.0,141716000.0,354827000.0,213111000.0,213111000.0,0.0,0.0,270102681.11,455744681.11,7.717962485352095,1.664986790921163,0.5930890264833285,1.4849699398797596,,7.717962485352095,0.04899235089898106,35.33063193067365,9.72571946960968,1.9059434440006775,0.0,0.0,0.0,0.02154571100846328,1.5003261211293646,0.019567282083945134,4.35039027670849,0.920863309352518,-0.16770633397312862,0.6402078903850696,-0.1498943622817747,0.0,-0.3039351394107178,-0.16770558619036202,-0.4534959703768242,0.6402078903850696,-0.1498943622817747,0.0,Asset Management,Financial Services,GBDC
2010Q1,2010,Q1,2009-12-31,2009-12-31,8342000.0,10843000.0,9182000.0,0.454312,10114000.0,0.9327676842202343,395500000.0,109800000.0,0.0,400000.0,285700000.0,0.0,0.0,270102681.11,555402681.11,5.979792549124023,0.0,0.7213653603034134,2.598360655737705,,5.979792549124023,0.07597449908925319,24.910327502536198,8.09466198483577,2.4599515583788705,0.0,0.0,0.0,0.027415929203539822,57.25,0.02109228824273072,7.307182153176064,0.9327676842202343,0.10038315636354037,0.0,0.0,0.0,0.15601783060921248,0.10038253528558237,0.17899332306111967,0.0,0.0,0.0,Asset Management,Financial Services,GBDC
2009Q4,2009,Q4,2009-09-30,2009-09-30,7581000.0,9524000.0,7788000.0,0.4128670975856942,8749000.0,0.9186266274674506,409122000.0,92752000.0,409122000.0,316370000.0,316370000.0,0.0,0.0,270102681.11,585408681.11,5.051345341678974,1.293175711982805,0.7706894276035021,3.399452302915301,,5.051345341678974,0.08173408659651545,28.360214312263757,8.90722467715341,2.9120954923883042,0.0,0.0,0.0,0.02327911967579353,1.1963586939343174,0.018529925059028847,8.672425144003853,0.9186266274674506,-0.18945859296212958,0.0,0.0,0.0,0.008995502248875561,-0.18945792793756014,0.06146926536731634,0.0,0.0,0.0,Asset Management,Financial Services,GBDC
2009Q3,2009,Q3,2009-06-30,2009-06-30,9353000.0,9482000.0,7337000.0,0.509372,8671000.0,0.9144695211980595,,,,,,,,270102681.11,,,0.0,0.0,0.0,0.0,,0.0,28.485834329255432,7.219680346145622,0.0,0.0,0.0,0.0,0.0,0.0,0.0,16.560556781729,0.9144695211980595,1.2095500841531766,0.0,0.0,0.0,0.06379585326953748,1.2095440585872903,0.0802414605418139,0.0,0.0,0.0,Asset Management,Financial Services,GBDC
2009Q2,2009,Q2,2009-03-31,2009-03-31,4233000.0,8993000.0,6792000.0,0.230532,8151000.0,0.9063716223729568,,,,,,,,270102681.11,,,0.0,0.0,0.0,0.0,,0.0,30.034769388413213,15.952201813725491,0.0,,0.0,,0.0,0.0,0.0,0.0,0.9063716223729568,0.0,0.0,0.0,0.0,0.0,0.0,0.0,0.0,0.0,0.0,Asset Management,Financial Services,GBDC
