Quarters,Year,Quarter,FillingDate,Date,NetIncome,Revenue,OperatingIncome,EPSDiluted,GrossProfit,GrossProfitRatio,TotalAssets,CommonStockEquity,CurrentAssets,CurrentLiability,TotalLiability,Inventory,RetainedEarnings,MarketCap,EnterpriseValue,bookValuePerShare,currentRatio,debtToAssets,debtToEquity,roic,shareholdersEquityPerShare,roe,priceToSalesRatio,peRatio,pbRatio,payoutRatio,inventoryTurnover,dividendYield,assetTurnover,quickRatio,returnOnAssets,priceToFreeCashFlowsRatio,grossProfitMargin,epsdilutedGrowth,fiveYNetIncomeGrowthPerShare,fiveYRevenueGrowthPerShare,fiveYShareholdersEquityGrowthPerShare,grossProfitGrowth,netIncomeGrowth,operatingIncomeGrowth,threeYNetIncomeGrowthPerShare,threeYRevenueGrowthPerShare,threeYShareholdersEquityGrowthPerShare,Industry,Sector,Symbol
2023Q1,2023,Q1,2023-04-26,2023-03-31,111000000.0,1071000000.0,981000000.0,0.4,886000000.0,0.827264239,63990000000.0,3157000000.0,570000000.0,5753000000.0,63955000000.0,0.0,4579000000.0,5421777120.0,67992777120.0,11.517526194437147,0.09907874152616027,0.9867323019221753,20.000316756414318,0.011405887055416453,11.517526194437147,0.035159961989230284,5.06235025210084,12.211209729729731,1.7173826797592653,0.1891891891891892,0.0,0.00387326877059085,0.016736990154711674,0.09907874152616027,0.001734646038443507,37.39156634482759,0.8272642390289449,-0.5555555555555556,-0.008928571428571496,1.9832869080779945,-0.5764690099275557,-0.1665098777046096,-0.5524193548387096,-0.01998001998001998,-0.008928571428571496,1.9832869080779945,-0.5764690099275557,Credit Services,Financial Services,JSM
2022Q4,2022,Q4,2023-02-24,2022-12-31,248000000.0,1291000000.0,1001000000.0,0.9,1063000000.0,0.8233927188,70795000000.0,2977000000.0,1702000000.0,5870000000.0,67818000000.0,0.0,4490000000.0,4829712480.0,70190712480.0,10.860841140588974,0.2899488926746167,0.9449254890882124,22.470943903258313,0.011882427684015534,10.860841140588974,0.08330534094726234,3.741063113865221,4.868661774193549,1.622342116224387,0.08870967741935484,0.0,0.004555136582374776,0.018235751112366694,0.2899488926746167,0.003503072250865174,23.331944347826088,0.8233927188226181,1.368421052631579,-0.309192200557103,-0.027128862094950905,0.14148773006134965,0.3716129032258065,1.361904761904762,0.2866323907455013,-0.309192200557103,-0.027128862094950905,0.14148773006134965,Credit Services,Financial Services,JSM
2022Q3,2022,Q3,2022-10-26,2022-09-30,105000000.0,881000000.0,778000000.0,0.38,775000000.0,0.8796821793,73625000000.0,2973000000.0,1540000000.0,5677000000.0,70652000000.0,0.0,4406000000.0,5789076480.0,74100076480.0,10.846248139392348,0.2712700369913687,0.9463497453310696,23.435923309788095,0.008207760327369973,10.846248139392348,0.035317860746720484,6.571028921679909,13.78351542857143,1.9472171140262362,0.20952380952380953,0.0,0.0038002607282880464,0.011966044142614601,0.2712700369913687,0.0014261460101867571,85.13347764705883,0.8796821793416572,-0.42424242424242425,-0.3930635860292849,0.3348484799786235,0.0874176990320966,0.3316151202749141,-0.4166666666666667,0.0291005291005291,-0.3930635860292849,0.3348484799786235,0.0874176990320966,Credit Services,Financial Services,JSM
2022Q2,2022,Q2,2022-07-27,2022-06-30,180000000.0,692000000.0,756000000.0,0.66,582000000.0,0.8410404624,76065000000.0,2927000000.0,1177000000.0,4609000000.0,73138000000.0,0.0,4323000000.0,5043513600.0,76414513600.0,10.678428625631147,0.2553699284009546,0.9511207519884309,24.71711650153741,0.007408998034285236,10.678428625631147,0.061496412709258624,7.288314450867052,7.004879999999999,1.723099965835326,0.12777777777777777,0.0,0.004560312873945656,0.009097482416354434,0.2553699284009546,0.0023663971603234074,36.28427050359712,0.8410404624277457,0.6097560975609758,-0.027027030576675982,0.04689863460727795,0.07927728219821947,0.6211699164345403,0.6071428571428571,0.9187817258883249,-0.027027030576675982,0.04689863460727795,0.07927728219821947,Credit Services,Financial Services,JSM
2022Q1,2022,Q1,2022-04-27,2022-03-31,112000000.0,359000000.0,394000000.0,0.41,359000000.0,1.0,82782000000.0,7454000000.0,918000000.0,3802000000.0,75328000000.0,0.0,4167000000.0,6578496000.0,80497496000.0,27.194057729912736,0.24145186743819042,0.9014882462371047,10.011671585725784,0.0036572468194889947,27.194057729912736,0.015025489669975852,18.32450139275766,14.684142857142856,0.8825457472497987,0.21428571428571427,0.0,0.0036482502991565247,0.004336691551303423,0.24145186743819042,0.0013529511246406223,-60.35317431192661,1.0,-0.6870229007633588,0.0,0.0,0.0,-0.7294649585531273,-0.6880222841225627,-0.650399290150843,0.0,0.0,0.0,Credit Services,Financial Services,JSM
2021Q4,2021,Q4,2022-02-25,2021-12-31,359000000.0,1327000000.0,1127000000.0,1.31,1327000000.0,1.0,80605000000.0,2608000000.0,1172000000.0,2490000000.0,77997000000.0,0.0,3939000000.0,6951277440.0,83024277440.0,9.514636780200217,0.4706827309236948,0.9550027913901122,29.516104294478527,0.010680085619551768,9.514636780200217,0.13765337423312884,5.238340195930671,4.840722451253482,2.665367116564417,0.08635097493036212,0.0,0.004459611958748118,0.0164629985732895,0.4706827309236948,0.004453818001364679,-42.12895418181818,1.0,1.0793650793650795,0.0,0.0,0.0,0.0,1.0751445086705202,4.122727272727273,0.0,0.0,0.0,Credit Services,Financial Services,JSM
2021Q3,2021,Q3,2021-10-27,2021-09-30,173000000.0,660000000.0,220000000.0,0.63,0.0,0.0,81939000000.0,2734000000.0,1050000000.0,2781000000.0,79205000000.0,0.0,3975000000.0,6904679734.81,84264679734.81,9.97431635428274,0.3775620280474649,0.9569313757795433,28.67959034381858,0.002132012225179927,9.97431635428274,0.06327724945135332,10.461635961833334,9.977860888453758,2.5254863697183616,0.47398843930635837,0.0,0.011876003399056485,0.008054772452678213,0.3775620280474649,0.0021113267186565615,12.930111862940075,0.0,-0.05970149253731348,0.0,0.0,0.0,0.0,-0.06486486486486487,-0.08333333333333333,0.0,0.0,0.0,Credit Services,Financial Services,JSM
2021Q2,2021,Q2,2021-07-28,2021-06-30,185000000.0,661000000.0,240000000.0,0.67,0.0,0.0,83348000000.0,2712000000.0,1453000000.0,4068000000.0,80636000000.0,0.0,3828000000.0,6923867014.740001,85352867014.74,9.894054847408484,0.3571779744346116,0.9584153189038729,29.45501474926254,0.0022398721456764414,9.894054847408484,0.06821533923303835,10.474836633494705,9.356577046945945,2.5530483092699114,0.3027027027027027,0.0,0.008087965855032077,0.007930604213658396,0.3571779744346116,0.0022196093487546194,20.79239343765766,0.0,0.0,0.0,0.0,0.0,0.0,0.0,0.0,0.0,0.0,0.0,Credit Services,Financial Services,JSM
