Year,Date,FillingDate,NetIncome,Revenue,OperatingIncome,EPSDiluted,GrossProfit,GrossProfitRatio,TotalAssets,CommonStockEquity,CurrentAssets,CurrentLiability,TotalLiability,Inventory,RetainedEarnings,EnterpriseValue,bookValuePerShare,currentRatio,debtToAssets,debtToEquity,roic,shareholdersEquityPerShare,roe,priceToSalesRatio,peRatio,pbRatio,payoutRatio,inventoryTurnover,dividendYield,assetTurnover,quickRatio,returnOnAssets,priceToFreeCashFlowsRatio,grossProfitMargin,epsdilutedGrowth,fiveYNetIncomeGrowthPerShare,fiveYRevenueGrowthPerShare,fiveYShareholdersEquityGrowthPerShare,grossProfitGrowth,netIncomeGrowth,operatingIncomeGrowth,threeYNetIncomeGrowthPerShare,threeYRevenueGrowthPerShare,threeYShareholdersEquityGrowthPerShare,Industry,Sector,Price,MarketCap,AvgVolume,Symbol
2022,2022-12-31,2023-03-14,-77800000.0,640700000.0,17760000.0,-2.37,640700000.0,1.0,3613700000.0,547600000.0,221030000.0,-3457000.0,3066100000.0,0.0,6100000.0,3048170003.72,16.68201436359212,-63.93693954295632,0.8207930929518222,5.4165449233016805,0.005166584478618917,16.68201436359212,-0.1420745069393718,0.2823006145153738,-2.3248072457583544,0.33029584317019717,0.0,0.0,0.0,0.17729750671057365,-37.78333815446919,-0.02152918061820295,0.9088944910552764,1.0,-2.519230769230769,-4.112472787502978,0.3239555248026941,0.6945617392610802,0.20795625942684767,-2.6413502109704643,-0.8392760180995475,-1.359634183106248,-0.5876161152780737,-0.6809973271195274,Credit Services,Financial Services,5.93,200955840,301721,OPRT
2021,2021-12-31,2022-03-01,47400000.0,530400000.0,110500000.0,1.56,530400000.0,1.0,2946600000.0,603800000.0,151900000.0,405519000.0,2342800000.0,0.0,83800000.0,2647280102.5,21.41771966907885,0.3745817088718408,0.7491345958053349,3.6558463067240807,0.029173061751736055,21.41771966907885,0.0785028155018218,1.0763199519230768,12.043884018987342,0.9454788050679033,0.0,0.0,0.0,0.18000407249032785,0.3745817088718408,0.016086336794950112,4.170051880934989,1.0,1.9454545454545455,-0.27329225274927965,0.6625679569536792,0.0,0.5828111011638317,2.0509977827050996,367.3333333333333,-0.7004805532710088,-0.1266865546633372,0.3585298478637127,Credit Services,Financial Services,5.93,200955840,301721,OPRT
2020,2020-12-31,2021-02-23,-45100000.0,335100000.0,300000.0,-1.65,335100000.0,1.0,2009100000.0,466300000.0,151600000.0,251649000.0,1542800000.0,0.0,36400000.0,1856645459.27,17.05979500221543,0.602426395495313,0.7283858444079438,3.1383229680463223,0.00011764896158487498,17.05979500221543,-0.09671885052541282,1.5799625761563714,-11.739367167849224,1.135418098370148,0.0,0.0,0.0,0.16679110049275794,0.602426395495313,-0.022447862226867753,4.191967215122724,1.0,-5.124999999999999,-1.7131588267904494,0.08337445215415486,0.0,-0.24254068716094032,-1.7321428571428572,-0.9979296066252588,-2.5591910091079177,-0.16839624533869138,0.7329367581342106,Credit Services,Financial Services,5.93,200955840,301721,OPRT
2019,2019-12-31,2020-02-28,61600000.0,442400000.0,144900000.0,0.4,442400000.0,1.0,2201900000.0,488800000.0,89400000.0,70661000.0,1713100000.0,0.0,76700000.0,1752861051.4,52.294277702941756,1.2651957940023493,0.7278259684817657,3.2786415711947625,0.04930827960847883,52.294277702941756,0.1260229132569558,0.5028504778481013,3.611380704545455,0.45511671726677577,0.0,0.0,0.0,0.2009173895272265,1.2651957940023493,0.027975839048094826,1.1574456368366286,1.0,-0.9250936329588014,1.848426457171793,3.1824798686779516,0.0,0.0,-0.5007860998103636,0.0,1.848426457171793,3.1824798686779516,0.0,Credit Services,Financial Services,5.93,200955840,301721,OPRT
2018,2018-12-31,2018-12-31,123394000.0,473559000.0,0.0,5.34,0.0,0.0,1739939000.0,346549000.0,0.0,0.0,1393390000.0,0.0,52662000.0,1595234539.22,15.765365555094869,0.0,0.7530528369097997,3.780896785158809,0.0,15.765365555094869,0.35606508747680704,0.7505792081240141,2.880557719338056,1.0256660363180965,0.0,0.0,0.0,0.2721698864155582,0.0,0.07091857818003965,2.9514534519637965,0.0,12.518798938717401,1.4262456250737348,0.9037471206145903,0.0,0.0,13.090339016264942,0.0,1.4262456250737348,0.9037471206145903,0.0,Credit Services,Financial Services,5.93,200955840,301721,OPRT
2017,2017-12-31,2017-12-31,-10206000.0,324555000.0,0.0,-0.46359,0.0,0.0,1215041000.0,216727000.0,0.0,0.0,998314000.0,0.0,-70732000.0,1241624201.88,9.84444176750171,0.0,0.7686884640106795,4.3095138123076495,0.0,9.84444176750171,-0.04709150221246084,1.0968409110320287,-34.87999234567902,1.6425512367171604,0.0,0.0,0.0,0.26711444305171594,0.0,-0.008399716552774762,2.800893820310472,0.0,-1.2106689109418411,-1.2003710463882065,0.3027531995636385,0.0,0.0,-1.2006763930944984,0.0,-1.2003710463882065,0.3027531995636385,0.0,Credit Services,Financial Services,5.93,200955840,301721,OPRT
2016,2016-12-31,2016-12-31,50858000.0,248751000.0,0.0,2.200562,0.0,0.0,,,,,,,,,,0.0,0.0,0.0,0.0,,0.0,1.4289130062592714,6.988940564316333,0.0,0.0,0.0,0.0,0.0,0.0,0.0,3.564987755957635,0.0,0.0,0.0,0.0,0.0,0.0,0.0,0.0,0.0,0.0,0.0,Credit Services,Financial Services,5.93,200955840,301721,OPRT
TTM,,,,,,,,,,,,,,,,3098255840.0,13.422976804825327,2.96691805209005,0.8484623511607321,6.51479938609954,-0.03703099598278785,13.422976804825327,-0.40978259536185874,0.4563061056274226,-0.8936144759716876,0.4417797993860995,0.0,0.0,0.0,0.12575226292795752,2.968263758445709,-0.06438536877873276,0.8511651665643067,1.4030726821481527,,,,,,,,,,,Credit Services,Financial Services,5.93,200955840,301721,OPRT
