Year,Date,FillingDate,NetIncome,Revenue,OperatingIncome,EPSDiluted,GrossProfit,GrossProfitRatio,TotalAssets,CommonStockEquity,CurrentAssets,CurrentLiability,TotalLiability,Inventory,RetainedEarnings,EnterpriseValue,bookValuePerShare,currentRatio,debtToAssets,debtToEquity,roic,shareholdersEquityPerShare,roe,priceToSalesRatio,peRatio,pbRatio,payoutRatio,inventoryTurnover,dividendYield,assetTurnover,quickRatio,returnOnAssets,priceToFreeCashFlowsRatio,grossProfitMargin,epsdilutedGrowth,fiveYNetIncomeGrowthPerShare,fiveYRevenueGrowthPerShare,fiveYShareholdersEquityGrowthPerShare,grossProfitGrowth,netIncomeGrowth,operatingIncomeGrowth,threeYNetIncomeGrowthPerShare,threeYRevenueGrowthPerShare,threeYShareholdersEquityGrowthPerShare,Industry,Sector,Price,MarketCap,AvgVolume,Symbol
2022,2022-12-31,2023-04-17,-19087461.0,12767145.0,-11613983.0,-0.76,-651988.0,-0.0510676428,8678477.0,-1245723.0,6521288.0,9534569.0,9924200.0,4808152.0,-29339120.0,207893858.89000002,-0.049514886685662195,0.6839625367439263,0.7702962167209754,-5.36635993716099,-2.9807934412641846,-0.049514886685662195,15.322395909845126,15.76062016135949,-10.541900931192473,-161.52717971009608,0.0,2.7909128080809427,0.0,1.4711273648590646,0.10920294352057235,-2.1994021531658148,-51.38878264758132,-0.05106764276586504,-4.428571428571428,-3.353571608992829,-0.725718048251734,-0.9268364349299896,-1.3270677634674637,-5.33054098003442,-3.8203981918707233,-1.6452734388847587,-0.629763587914509,-4.324195958426263,Packaged Foods,Consumer Defensive,1.1,2897070,178996,BSFC
2021,2021-12-31,2022-03-31,-3015139.0,9973264.0,-2409341.0,-0.14,1993434.0,0.1998777933,15945409.0,8906968.0,9631546.0,6792069.0,7038441.0,2119441.0,-16144151.0,710624219.6,0.41029720235910455,1.4180577376348797,0.25588274342790457,0.4580857369196791,-0.21353301057276128,0.41029720235910455,-0.3385146325887777,70.9596755485466,-234.7154070177196,79.45459976952876,0.0,3.7650635238253862,0.0,0.6254630408037825,0.5608665047425166,-0.18909135538636856,-146.4298222915691,0.19987779326808156,0.641025641025641,-52.5049221417042,-0.8163481588725688,5.81437637218803,0.3398606794498156,0.5753506575705291,-0.3359207011232566,0.20299834186702698,-0.7516894837654414,16.966422455416602,Packaged Foods,Consumer Defensive,1.1,2897070,178996,BSFC
2020,2020-12-31,2021-04-15,-7100303.0,14111368.0,-1803506.0,-0.39,1487792.0,0.1054321594,7821905.0,-19723.0,4729725.0,7256784.0,7841628.0,1832661.0,-13510517.0,815464256.4,-0.0010802689153728735,0.6517659889008685,0.6248222140258671,-247.79698828778584,-0.5810179733480711,-0.0010802689153728735,360.001166151194,57.44535897582715,-114.16873341884141,-41100.87716878771,0.0,6.888112967973892,0.0,1.8040832763885524,0.33597472378949134,-0.9077460030516863,179.34210695271165,0.10543215937675213,-0.3448275862068967,-145.21436438484056,-0.691029276382988,0.9873242588253662,-0.5378757264798508,-0.42396625464323545,0.5437519779746905,-1.231613654809179,-0.5822493288838257,0.9579621070552609,Packaged Foods,Consumer Defensive,1.1,2897070,178996,BSFC
2019,2019-12-31,2020-05-29,-4986286.0,23829463.0,-3952907.0,-0.29,3219463.0,0.1351043034,15746064.0,-161684.0,11780300.0,14566386.0,16265776.0,7984492.0,-8952466.0,714954535.6,-0.009299974507380435,0.8087318295698055,0.8089202482601366,-78.77903812374755,-0.28438176281717203,-0.009299974507380435,30.839699661067268,29.474903802909868,-140.86057831420018,-4344.097929294178,0.0,2.5812537604145636,0.0,1.513359973641667,0.24104826001452934,-0.3166687243237421,447.90477908025247,0.13510430344150012,-0.7058823529411762,-107.35664548696958,-0.4520785830445003,0.8908752551251954,-0.3480583986008053,-0.6457926598424869,-6.927106207272734,-107.35664548696958,-0.4520785830445003,0.8908752551251954,Packaged Foods,Consumer Defensive,1.1,2897070,178996,BSFC
2018,2018-12-31,2019-04-01,-3029717.0,32165933.0,-498657.0,-0.17,4938269.0,0.1535248177,13481318.0,-446762.0,13153895.0,14300832.0,14300832.0,8126634.0,-3853139.0,713503077.6,-0.02569750383999838,0.9197992816082309,0.8267063353894627,-24.946371893759988,-0.06201587554305818,-0.02569750383999838,6.781501112449134,21.83586994352068,-231.82730585067844,-1572.1371325224616,0.0,3.350423311791819,0.0,2.3859635237444885,0.3218168705149463,-0.2247344807087853,194.2904716578466,0.15352481770076434,-2.942857142857143,-65.62335632068539,-0.2603944290706145,0.6984686841631981,-0.13325534577506937,-3.308215118316598,0.13359916601511598,-65.62335632068539,-0.2603944290706145,0.6984686841631981,Packaged Foods,Consumer Defensive,1.1,2897070,178996,BSFC
2017,2017-12-31,2018-05-01,1312580.0,36951920.0,-575550.0,0.0875,5697490.0,0.1541865754,4000.0,3613.0,4000.0,387.0,387.0,12952850.0,-387.0,621084180.0,0.00024086666666666668,10.335917312661499,8.47,9.377248823692222,-58.71674738106376,0.00024086666666666668,363.2936617769167,16.399689109523944,461.68614484450467,167727.65015222805,0.0,2.412938465279842,0.0,9237.98,12091.963824289405,328.145,-194.89102504317512,0.15418657542016762,31.407407407407405,31.44944375772559,-0.015229438286209686,1.0028262995267339,0.17867723116388762,31.449443757725586,0.6813863885475139,31.44944375772559,-0.015229438286209686,1.0028262995267339,Packaged Foods,Consumer Defensive,1.1,2897070,178996,BSFC
2016,2016-12-31,2016-12-31,40450.0,37523380.0,-1806420.0,0.0027,4833800.0,0.1288210177,15772610.0,-1278350.0,15253280.0,17355440.0,17050960.0,9434630.0,-1888800.0,618054550.0,-0.08522333333333333,0.8788760181245765,0.004367698180580132,-0.05388977979426605,-0.0691319871080216,-0.08522333333333333,-0.03164235146869011,16.14993105631742,14981.458590852904,-474.0485782453944,0.0,3.4648502379001616,0.0,2.379021607711089,0.31428820012630043,0.002564572382123187,147.7234500007313,0.1288210177228171,0.0,0.0,0.0,0.0,0.0,0.0,0.0,0.0,0.0,0.0,Packaged Foods,Consumer Defensive,1.1,2897070,178996,BSFC
TTM,,,,,,,,,,,,,,,,8268520.0,0.014188353457861593,0.8028728035169085,0.6911835983360991,11.59905934003564,-1.622396291703214,0.014188353457861593,-6.455223138582237,0.3101362318362726,-1.7421383978675646,77.5283758800429,0.0,2.9020363055972505,0.0,1.1615178532127477,0.19781574127074206,-2.651848362894921,-1.2876135634833261,-0.09156826653986037,,,,,,,,,,,Packaged Foods,Consumer Defensive,1.1,2897070,178996,BSFC
