Year,Date,FillingDate,NetIncome,Revenue,OperatingIncome,EPSDiluted,GrossProfit,GrossProfitRatio,TotalAssets,CommonStockEquity,CurrentAssets,CurrentLiability,TotalLiability,Inventory,RetainedEarnings,EnterpriseValue,bookValuePerShare,currentRatio,debtToAssets,debtToEquity,roic,shareholdersEquityPerShare,roe,priceToSalesRatio,peRatio,pbRatio,payoutRatio,inventoryTurnover,dividendYield,assetTurnover,quickRatio,returnOnAssets,priceToFreeCashFlowsRatio,grossProfitMargin,epsdilutedGrowth,fiveYNetIncomeGrowthPerShare,fiveYRevenueGrowthPerShare,fiveYShareholdersEquityGrowthPerShare,grossProfitGrowth,netIncomeGrowth,operatingIncomeGrowth,threeYNetIncomeGrowthPerShare,threeYRevenueGrowthPerShare,threeYShareholdersEquityGrowthPerShare,Industry,Sector,Price,MarketCap,AvgVolume,Symbol
2022,2022-12-31,2023-03-24,25048000.0,75683000.0,34325000.0,3.76,41846000.0,0.5529114861,1848169000.0,151793000.0,235836000.0,91142000.0,1696376000.0,0.0,166343000.0,154224500.0,22.826015037593987,2.587566654231858,0.05295349072514472,0.644739876015363,0.10281032239631005,22.826015037593987,0.1650141969656045,1.7265766420464304,5.216883583519642,0.8608598551975386,0.1591344618332801,0.0,0.03050374026669728,0.04095025941891678,2.587566654231858,0.013552873140930293,5.689576348674184,0.5529114860668842,0.2745762711864405,3.955434781678052,0.4646866018619504,0.4598204284583588,-0.4319033396687483,0.2669701568032372,0.07188583205820816,1.0372262975207842,0.27925708230115615,0.287021857884349,Banks—Regional,Financial Services,14.3421,95930148,16198,FUNC
2021,2021-12-31,2022-03-25,19770000.0,73660000.0,32023000.0,2.95,73660000.0,1.0,1729838000.0,141900000.0,415962000.0,15787000.0,1587938000.0,0.0,145487000.0,43849600.000000015,21.147540983606557,26.348387914106542,0.01947581218588099,0.23742071881606766,0.13492387170422435,21.147540983606557,0.13932346723044398,1.7089275047515615,6.367202832574608,0.8871007751937985,0.1968133535660091,0.0,0.03091048907050864,0.042582022131552204,26.348387914106542,0.011428815877556165,6.662411347517732,1.0,0.49746192893401026,1.5348913956685748,0.31479225501146296,0.1651270607871472,0.09738837656243017,0.3866872413551238,0.1432702606212067,0.9553016483138034,0.3077334261869737,0.27879523194566164,Banks—Regional,Financial Services,14.3421,95930148,16198,FUNC
2020,2020-12-31,2021-03-25,14257000.0,67123000.0,28010000.0,1.97,67123000.0,1.0,1734030000.0,131693000.0,395934000.0,26044000.0,1602337000.0,0.0,129691000.0,63017000.0,18.80254140491148,15.20250345569037,0.059910728188093634,0.7888574183897398,0.09120723624276925,18.80254140491148,0.10825936078607064,1.6173591764372868,7.614645437329032,0.8243566476578101,0.25573402539103596,0.0,0.03358449549566146,0.03870924955162252,15.20250345569037,0.008221887741273219,7.4536216958462065,1.0,0.0648648648648648,0.17843043652195592,0.2964685497164286,-0.01973154102656464,0.06250989331053915,0.08591667301393861,-0.00021416333523700741,1.6780110684792653,0.23336959125088735,0.20250223285216692,Banks—Regional,Financial Services,14.3421,95930148,16198,FUNC
2019,2019-12-31,2020-03-13,13129000.0,63174000.0,28016000.0,1.85,63174000.0,1.0,1442966000.0,125940000.0,197347000.0,20235000.0,1317026000.0,0.0,119481000.0,225252090.0,17.735530207013095,9.752755127254757,0.07219019713562204,0.8271240273145942,0.0955752563003432,17.735530207013095,0.1042480546291885,2.7078084338493684,13.029407418691447,1.3582903763696998,0.23802269784446645,0.0,0.018268113828646494,0.0437806573405056,9.752755127254757,0.009098620480316238,13.77652331481034,1.0,0.22516556291390732,1.0711424124069926,0.12247526756405154,0.020175280577702952,0.06310581583198707,0.2308052873347708,0.0,0.5906965669724186,0.06553275874956938,-0.022858203815869185,Banks—Regional,Financial Services,14.3421,95930148,16198,FUNC
2018,2018-12-31,2019-03-12,10667000.0,59424000.0,0.0,1.51,59424000.0,1.0,1384516000.0,117066000.0,20645000.0,60649000.0,1267450000.0,0.0,109477000.0,230085680.0,16.537081508687667,0.34040132566076936,0.1017893617697448,1.2038422770061332,0.0,16.537081508687667,0.0911195394051219,1.8965010770059236,10.565077341333083,0.9626849811217604,0.1791506515421393,0.0,0.016956870806923444,0.04292041406527624,2.9980214018367985,0.0077044974561507416,12.79056633753263,1.0,0.9868421052631579,0.4619804646089561,0.029938429516323563,0.020562144104708156,0.10324341384623953,1.0244828240652875,0.0,-0.12764687429748472,0.1356035315230873,-0.13784104726370255,Banks—Regional,Financial Services,14.3421,95930148,16198,FUNC
2017,2017-12-31,2018-03-09,5269000.0,53863000.0,0.0,0.76,53863000.0,1.0,1340839000.0,108390000.0,25802000.0,23285000.0,1232449000.0,0.0,101359000.0,157793800.0,15.636180034622043,1.1080953403478635,0.09018905327186932,1.1156841036996032,0.0,15.636180034622043,0.04861149552541747,2.2393256966748973,22.891782121844752,1.1128037641848878,0.23059404061491745,0.0,0.01007322363053903,0.04017111674108525,10.995232982606828,0.003929629135190728,18.955964167845355,1.0,-0.3448275862068965,0.01730694548271933,-0.10191348296963043,-0.013356644583054515,0.02984589499445528,-0.27633566817744815,0.0,-0.14853368587017143,-0.01963025133581591,-0.10058260633920489,Banks—Regional,Financial Services,14.3421,95930148,16198,FUNC
2016,2016-12-31,2017-03-08,7281000.0,52302000.0,0.0,1.16,52302000.0,1.0,1318190000.0,113698000.0,21115000.0,22526000.0,1204492000.0,0.0,92922000.0,168341133.55,18.150416117980736,0.9373612714196928,0.09993779348955766,1.1586571443648965,0.0,18.150416117980736,0.0640380657531355,1.9103310303621275,13.72258392391155,0.8787677316223681,0.27812113720642767,0.0,0.020267402899376893,0.03967713303848459,9.962931723341915,0.005523482957691987,12.883834113475176,1.0,-0.3294797687861272,0.9951703085960854,-0.03807710263703756,0.16880146910907495,0.1237350407150377,-0.33054431776388377,0.0,0.1277062272320807,0.024408917879783158,0.1201267636026215,Banks—Regional,Financial Services,14.3421,95930148,16198,FUNC
2015,2015-12-31,2016-03-09,10876000.0,46543000.0,0.0,1.73,46543000.0,1.0,1323458000.0,120771000.0,19495000.0,20528000.0,1202687000.0,0.0,85551000.0,169063051.4617,19.18101233676541,0.9496784879189399,0.1114784148798073,1.221626052611968,0.0,19.18101233676541,0.09005473168227472,1.5827740253464537,6.773358906004045,0.6099730188679401,0.2482530342037514,0.0,0.03665139226325284,0.03516771971607713,11.782346063912705,0.008217865621727324,3.536923922685807,1.0,0.9438202247191011,2.050682852968085,-0.09024478617708907,0.24393578029748797,-0.06338920974785181,0.9431838484902626,0.0,1.3118541202010068,-0.14562323886687664,0.21032236328414078,Banks—Regional,Financial Services,14.3421,95930148,16198,FUNC
2014,2014-12-31,2015-03-09,5597000.0,49693000.0,0.0,0.89,49693000.0,1.0,1332296000.0,108999000.0,21853000.0,19567000.0,1223297000.0,0.0,77375000.0,200761721.6,17.384787246530667,1.1168293555476057,0.13706113356191116,1.6752997733924164,0.0,17.384787246530667,0.051349094945825194,1.078758006157809,9.577759799892801,0.49180929733300305,1.6251563337502233,0.0,0.16968021413195317,0.037298768441847756,14.229110236622885,0.004201018392309216,16.92665664666877,1.0,-0.1359223300970874,1.486296689749744,-0.2940137857851379,0.06639280006666738,-0.02511133345104271,-0.13170958734098664,0.0,0.5323478199264646,-0.0868748843296459,0.1194985691685793,Banks—Regional,Financial Services,14.3421,95930148,16198,FUNC
2013,2013-12-31,2014-03-10,6446000.0,50973000.0,0.0,1.03,50973000.0,1.0,1333503000.0,101340000.0,28830000.0,28412000.0,1232163000.0,0.0,73836000.0,187577578.84,16.203894690993934,1.0147120934816274,0.13698656845916357,1.8025656206828498,0.0,16.203894690993934,0.06360765739096112,0.9410585768936495,7.441603915606578,0.473342992303138,0.0,0.0,0.0,0.03822488588327135,14.3770941855554,0.004833884888147983,2.7047408424020296,1.0,0.37333333333333335,-0.28436853902971865,-0.2387106003058432,0.3730233852180617,-0.055985628565078896,0.3823718636071199,0.0,1.6269348278562015,0.0030902858183573063,0.0508623858014249,Banks—Regional,Financial Services,14.3421,95930148,16198,FUNC
2012,2012-12-31,2013-03-15,4663000.0,53996000.0,0.0,0.75,53996000.0,1.0,1320783000.0,98905000.0,25010000.0,23002000.0,1221878000.0,0.0,69168000.0,144414310.36,15.847854190447928,1.0872967568037561,0.13835353725782357,1.8475810120823013,0.0,15.847854190447928,0.047146251453414896,0.8287152818727314,9.596249273000215,0.45242718123451797,0.0,0.0,0.0,0.0408818102595203,14.40531258151465,0.0035304815401167337,3.213451372351885,1.0,0.29310344827586216,-0.6381313446809653,-0.09640364099640118,-0.06184473426813227,-0.0005367885238315595,0.2859900717043574,0.0,1.407020960422397,-0.2293309004584485,-0.027883553273127963,Banks—Regional,Financial Services,14.3421,95930148,16198,FUNC
2011,2011-12-31,2012-03-14,3626000.0,54025000.0,0.0,0.58,54025000.0,1.0,1390865000.0,96656000.0,28715000.0,36868000.0,1294209000.0,0.0,66196000.0,198473446.72,15.529083935714066,0.7788597157426494,0.17536712765077847,2.523506042046019,0.0,15.529083935714066,0.037514484356894556,0.36406194761684413,5.424282051847767,0.2034891441814269,0.0,0.0,0.0,0.03884273455727191,2.5448085060214822,0.002607010745111855,0.3131918267515924,1.0,1.3536585365853657,-0.7139162517562498,-0.02484874074150253,-0.009750259244388665,0.0719884120086513,1.3555947827792487,0.0,-0.5955121968974948,-0.18925762940876137,0.3158438635496764,Banks—Regional,Financial Services,14.3421,95930148,16198,FUNC
2010,2010-12-31,2011-03-09,-10197000.0,50397000.0,0.0,-1.64,50397000.0,1.0,1696445000.0,95640000.0,44859000.0,39139000.0,1600805000.0,0.0,64179000.0,4200537.269999981,15.419616221810308,1.1461457880886072,0.16637085198753865,2.951056043496445,0.0,15.419616221810308,-0.1066185696361355,0.42213896204139134,-2.0863525811513193,0.222443927959013,-0.18878101402373246,0.0,0.0904837541502965,0.02970741757027195,8.79358184930632,-0.006010804947994188,0.15329574848142036,1.0,0.10869565217391314,-1.8323811356286541,-0.08162468386174229,0.030693427721087463,-0.2722875212984088,0.09952313670081243,0.0,-1.7962322211765644,-0.15140719300405764,-0.08719540322531212,Banks—Regional,Financial Services,14.3421,95930148,16198,FUNC
2009,2009-12-31,2010-03-12,-11324000.0,69254000.0,0.0,-1.84,69254000.0,1.0,1743736000.0,100566000.0,59091000.0,47563000.0,1643170000.0,0.0,76120000.0,165448656.0,16.302423689885966,1.2423732733427244,0.1824284180632848,3.1631664777360142,0.0,16.302423689885966,-0.11260266889405962,0.5344479163658417,-3.2685143058989756,0.3680434341626395,-0.5368244436594842,0.0,0.16424111795705773,0.039715874421357364,5.230157895843408,-0.006494102318240835,25.00855135135135,1.0,-2.277777777777778,-2.476523531296777,0.38750192909535713,0.1581182813923728,0.05022595614327743,-2.2765189944763837,0.0,-1.9014657454553088,0.26126415569852635,0.039563627798460836,Banks—Regional,Financial Services,14.3421,95930148,16198,FUNC
2008,2008-12-31,2009-03-05,8871000.0,65942000.0,0.0,1.44,65942000.0,1.0,1639104000.0,72690000.0,31423000.0,65024000.0,1566414000.0,0.0,93092000.0,391620714.48,11.801615956031553,0.4832523375984252,0.2000470989028152,4.510909341037282,0.0,11.801615956031553,0.12203879488237722,1.2591021576536958,9.35945377973171,1.1422164600357685,0.5381580430616616,0.0,0.05749887287515276,0.040230516184451996,0.7801427165354331,0.005412103197844676,5.5756977019676315,1.0,-0.3009708737864078,-0.18010433139873516,0.4251190138776103,-0.14224535888528647,0.1115194012743148,-0.3065739076057219,0.0,-0.27078565932727905,0.21006986137432204,-0.21114456887942132,Banks—Regional,Financial Services,14.3421,95930148,16198,FUNC
TTM,,,,,,,,,,,,,,,,105530148.0,22.901573033707866,5.800278561741744,0.08541933126256167,1.0826006750922363,0.08691841383675926,22.901573033707866,0.16648964092156385,2.468482013277752,4.038025877340982,0.6262495584425779,0.17681795174624598,0.0,0.047412861435912446,0.020058406909729428,5.800278561741744,0.012236753409908529,4.096777758797404,0.31596418094796974,,,,,,,,,,,Banks—Regional,Financial Services,14.3421,95930148,16198,FUNC
