Quarters,Year,Quarter,FillingDate,Date,NetIncome,Revenue,OperatingIncome,EPSDiluted,GrossProfit,GrossProfitRatio,TotalAssets,CommonStockEquity,CurrentAssets,CurrentLiability,TotalLiability,Inventory,RetainedEarnings,MarketCap,EnterpriseValue,bookValuePerShare,currentRatio,debtToAssets,debtToEquity,roic,shareholdersEquityPerShare,roe,priceToSalesRatio,peRatio,pbRatio,payoutRatio,inventoryTurnover,dividendYield,assetTurnover,quickRatio,returnOnAssets,priceToFreeCashFlowsRatio,grossProfitMargin,epsdilutedGrowth,fiveYNetIncomeGrowthPerShare,fiveYRevenueGrowthPerShare,fiveYShareholdersEquityGrowthPerShare,grossProfitGrowth,netIncomeGrowth,operatingIncomeGrowth,threeYNetIncomeGrowthPerShare,threeYRevenueGrowthPerShare,threeYShareholdersEquityGrowthPerShare,Industry,Sector,Symbol
2023Q1,2023,Q1,2023-05-12,2023-03-31,4375000.0,18911000.0,8023000.0,0.65,8963000.0,0.4739569563,1937442000.0,152868000.0,316498000.0,54566000.0,1784574000.0,0.0,167229000.0,112540500.0,122140500.0,22.901573033707866,5.800278561741744,0.08541933126256167,1.0826006750922363,0.01908938178462822,22.901573033707866,0.028619462542847425,5.95106022949606,6.430885714285713,0.7361939712693304,0.27405714285714283,0.0,0.010653942358528706,0.009760808323552396,5.800278561741744,0.0022581321144065215,33.11962919364332,0.47395695626883827,-0.375,0.848335530307786,0.40089410696746614,0.45630875006040894,-0.5443546337247726,-0.37221983067872005,-0.21665690294864284,1.6217228464419478,0.24661040942146878,0.3561400154925747,Banks—Regional,Financial Services,FUNC
2022Q4,2022,Q4,2023-03-24,2022-12-31,6969000.0,19671000.0,10242000.0,1.04,19671000.0,1.0,1848169000.0,151793000.0,235836000.0,91142000.0,1696376000.0,0.0,166343000.0,130995310.19999999,154547310.2,22.76976515759264,2.587566654231858,0.05295349072514472,0.644739876015363,0.03212375060382833,22.76976515759264,0.0459112080267206,6.659311178892786,4.69921474386569,0.8629865026714012,0.14334911752044768,0.0,0.007626227217407667,0.010643507168446175,2.587566654231858,0.003770759059371735,18.59408235628105,1.0,0.0,8.021924059299927,0.4748459208337386,0.45622301017097683,3.4709207386006784,0.004757785467128028,-0.038941540771324015,1.5781226463224762,0.31321591737996735,0.28548142929424447,Banks—Regional,Financial Services,FUNC
2022Q3,2022,Q3,2022-11-10,2022-09-30,6936000.0,128000.0,10657000.0,1.04,-7961000.0,-62.1953125,1803642000.0,132044000.0,5157000.0,107947000.0,1671598000.0,0.0,160573000.0,110189900.0,202560900.0,19.832382096725745,0.04777344437548056,0.0682657644920666,0.9324694798703462,0.029844668579960813,19.832382096725745,0.05252794523037775,860.85859375,3.9716659457900807,0.8344938050952713,0.1440311418685121,0.0,0.009066166681338307,7.096752016198336e-05,1.7243554707402706,0.0038455524987774737,14.275152221790387,-62.1953125,0.2682926829268294,2.659084244906052,-0.990116896637193,0.15986233037257191,0.051584465094114844,0.2778187177597642,0.3496707193515704,0.6478405679887749,-0.9918022426574598,0.08976209466154725,Banks—Regional,Financial Services,FUNC
2022Q2,2022,Q2,2022-08-11,2022-06-30,5428000.0,152000.0,7896000.0,0.82,-8394000.0,-55.2236842105,1752455000.0,132892000.0,5055000.0,85590000.0,1619563000.0,0.0,154636000.0,124754000.00000001,206516000.0,19.98375939849624,0.059060637924991236,0.05901035975246155,0.7781732534689824,0.025143251367466615,19.98375939849624,0.04084519760406947,820.7500000000001,5.7458548268238765,0.9387623032236705,0.18330876934414148,0.0,0.007975696170062682,8.673546538998148e-05,2.101098259142423,0.003097369119321181,23.744575561476974,-55.223684210526315,-0.046511627906976785,1.4964448366477043,-0.9879718969555035,0.19031813895109226,-300.7857142857143,-0.05021872265966754,-0.06245547375920209,1.2272514491455389,-0.9895076152915424,0.12468544036560823,Banks—Regional,Financial Services,FUNC
2022Q1,2022,Q1,2022-05-09,2022-03-31,5715000.0,28000.0,8422000.0,0.86,28000.0,1.0,1760325000.0,137078000.0,5075000.0,11674000.0,1623247000.0,0.0,150207000.0,149328840.0,106807840.0,20.681653590826794,0.4347267431899949,0.019084544047264,0.2450794438203067,0.03645929357787803,20.681653590826794,0.04169159164855046,5333.1728571428575,6.532320209973753,1.0893713068471966,0.17375328083989502,0.0,0.006649753657766309,1.590615369321006e-05,19.256467363371595,0.0032465595841676964,50.63711088504578,1.0,-0.24561403508771926,1.8436865638887368,-0.9978493803077103,0.1755440091579242,-0.9985670419651996,-0.24294608557424824,-0.23233980494029716,0.9395859999421592,-0.998012658726247,0.19765325412609847,Banks—Regional,Financial Services,FUNC
2021Q4,2021,Q4,2022-03-25,2021-12-31,7549000.0,19540000.0,10971000.0,1.14,19540000.0,1.0,1729838000.0,141900000.0,13471000.0,15787000.0,1587938000.0,0.0,145487000.0,124209115.80000001,42179115.80000001,21.431953547486728,0.8532970165325902,0.01947581218588099,0.23742071881606766,0.04624695302907903,21.431953547486728,0.053199436222692034,6.3566589457523035,4.113429454232349,0.8753285116279071,0.1315406014041595,0.0,0.007994582310680936,0.011295855450047923,26.348387914106542,0.00436399246634656,13.38027747495422,1.0,0.7272727272727271,4.026213709820328,0.4444220956618086,0.18079681524519606,0.0718595721338453,0.7203737465815861,0.0,2.3884333253420786,0.3636944413647442,0.2959937057955218,Banks—Regional,Financial Services,FUNC
2021Q3,2021,Q3,2021-11-09,2021-09-30,4388000.0,18230000.0,0.0,0.66,18230000.0,1.0,1708556000.0,133787000.0,22899000.0,23103000.0,1574769000.0,0.0,138931000.0,123093702.60000001,21938702.60000001,20.215804281120064,0.9911699779249448,0.019772837413581996,0.2525133234170734,0.0,20.215804281120064,0.03279840343232152,6.752260153592979,7.013086975843209,0.9200722237586613,0.22607110300820418,0.0,0.008058901300772147,0.010669828791096106,17.028134874258754,0.002568250616309913,33.000992654155496,1.0,0.0,0.8329400305254759,0.30897546245159646,0.11265607497892347,0.041119360365505425,-0.0034067681126504655,0.0,0.6999705408711424,0.2955664317464053,0.23903372982976917,Banks—Regional,Financial Services,FUNC
2021Q2,2021,Q2,2021-08-12,2021-06-30,4403000.0,17510000.0,0.0,0.66,17510000.0,1.0,1763806000.0,130556000.0,22206000.0,22867000.0,1633250000.0,0.0,135536000.0,115292547.72,24744547.72,19.73753833184874,0.9710937158350461,0.05889196430899997,0.7956279297772604,0.0,19.73753833184874,0.033724991574496765,6.584383079383209,6.5462495866454695,0.8830888486166856,0.22620940267999093,0.0,0.008638893143543762,0.009927395643285033,20.056894214370054,0.002496306283117304,-64.88044328643781,1.0,0.3469387755102042,1.465582058694663,0.26624317531537695,0.10021026958793074,-0.00318797677331208,0.2836734693877551,0.0,0.5619340576173553,0.2701045510914632,0.23641332319377498,Banks—Regional,Financial Services,FUNC
2021Q1,2021,Q1,2021-05-14,2021-03-31,3430000.0,17566000.0,0.0,0.49,17566000.0,1.0,1781833000.0,129189000.0,19777000.0,27914000.0,1652644000.0,0.0,132072000.0,123315631.54,34262631.54000001,18.45921844272947,0.7084975281220893,0.05834665762728606,0.8047434379088003,0.0,18.45921844272947,0.026550248086137363,7.0201315917112606,8.98801979154519,0.9545366210745498,0.2653061224489796,0.0,0.007379437534687745,0.0098583874021864,14.931575553485706,0.001924983991204563,16.102850814834163,1.0,-0.2461538461538462,0.6509269242538529,0.2154475533288049,0.04677862695602698,0.018023761228629382,-0.24714661984196665,0.0,0.3820887036977026,0.24108845258901443,0.17381986372099592,Banks—Regional,Financial Services,FUNC
2020Q4,2020,Q4,2021-03-25,2020-12-31,4556000.0,17255000.0,0.0,0.65,17255000.0,1.0,1733414000.0,131047000.0,19617000.0,26044000.0,1602367000.0,0.0,129691000.0,108390120.5,62845120.5,18.73997824368135,0.7532253110121333,0.059932018548367556,0.7927461139896373,0.0,18.73997824368135,0.03476615260173831,6.281664474065488,5.947658060798947,0.8271087510587805,0.19907813871817384,0.0,0.008367921318068837,0.009954344432432182,15.20250345569037,0.002628339219597857,13.406322881880024,1.0,-0.08450704225352106,-0.35752541793794296,0.5998679792123826,-0.0229932646588576,0.0038396649019721914,-0.0814516129032258,0.0,5.376274662269576,0.2333046489470597,0.1985010534661787,Banks—Regional,Financial Services,FUNC
2020Q3,2020,Q3,2020-11-10,2020-09-30,4960000.0,17189000.0,0.0,0.71,17189000.0,1.0,1685907000.0,130237000.0,19244000.0,20947000.0,1555670000.0,0.0,126043000.0,81829480.0,30163480.0,18.63723526044648,0.9186995751181554,0.06165227382056068,0.7980834939379746,0.0,18.63723526044648,0.03808441533511982,4.76057245913084,4.124469758064516,0.6283120772130808,0.18326612903225806,0.0,0.011108466044266687,0.010195698813754258,15.659091994080297,0.0029420365417546757,16.67607091909517,1.0,0.9189189189189189,1.2964636355194998,0.2157356620131732,0.025054444921896728,0.018607407407407406,0.9299610894941635,0.0,1.4930781652386764,0.2645175869979062,0.08996624890825142,Banks—Regional,Financial Services,FUNC
2020Q2,2020,Q2,2020-08-10,2020-06-30,2570000.0,16875000.0,0.0,0.37,16875000.0,1.0,1639636000.0,124453000.0,17611000.0,22688000.0,1515183000.0,0.0,121992000.0,93033160.0,79960160.0,17.845282477774592,0.776225317348378,0.06343908038125536,0.8357934320586888,0.0,17.845282477774592,0.020650366001623104,5.513076148148148,9.049918287937743,0.7475364997227869,0.3521400778210117,0.0,0.009727714290259516,0.010291918450192604,12.380597672778562,0.0015674210617478515,-70.85541507996953,1.0,0.48,0.9747687495805087,0.25490344524393577,-0.006983537775407713,0.05772846934937947,0.46438746438746437,0.0,0.1270805639159893,0.2733184615456943,0.06294131171333049,Banks—Regional,Financial Services,FUNC
2020Q1,2020,Q1,2020-05-11,2020-03-31,1755000.0,15954000.0,0.0,0.25,15954000.0,1.0,1461513000.0,118549000.0,15240000.0,26149000.0,1342964000.0,0.0,120326000.0,100315800.0,132400800.0,16.887321937321936,0.5828138743355387,0.07122276709136353,0.8780588617364972,0.0,16.887321937321936,0.014804005094939645,6.2878149680330955,14.29,0.8461969312267501,0.5270655270655271,0.0,0.009220880459508873,0.010916084906531794,8.338368580060424,0.0012008103930652686,34.75945945945946,1.0,-0.39024390243902435,0.14847642543859654,0.19627960057643437,-0.05243926496916968,-0.0013770655983975965,-0.39125910509885536,0.0,-0.17550505050505055,0.15696590858359,-0.04012558536687235,Banks—Regional,Financial Services,FUNC
2019Q4,2019,Q4,2020-03-13,2019-12-31,2883000.0,15976000.0,0.0,0.41,15976000.0,1.0,1442027000.0,125940000.0,16063000.0,20235000.0,1316087000.0,0.0,119481000.0,171280429.98,225469429.98,17.713025360540374,0.7938225846305905,0.07223720498992044,0.8271240273145942,0.0,17.713025360540374,0.02289185326345879,10.721108536554832,14.852621399583768,1.360016118627918,0.321193201526188,0.0,0.005406338599851289,0.011078849425149459,9.752755127254757,0.0019992690844207496,18.708949205898413,1.0,-0.34920634920634924,0.5324292933481906,0.1320232319574265,0.018880766808073015,-0.041459170816583665,-0.3583351880703316,0.0,0.7874992122581239,0.09973312704244498,-0.024098111833759,Banks—Regional,Financial Services,FUNC
2019Q3,2019,Q3,2019-11-07,2019-09-30,4493000.0,16667000.0,0.0,0.63,16667000.0,1.0,1440964000.0,129339000.0,29019000.0,19332000.0,1311625000.0,0.0,117524000.0,156354000.0,176426000.0,18.19881806669481,1.5010862818125388,0.072341154949048,0.8059518010808805,0.0,18.19881806669481,0.034738168688485296,9.381052378952422,8.699866458936123,1.208869714471273,0.20476296461161808,0.0,0.005884083553986466,0.011566562384625848,12.842127043244362,0.003118051526616904,49.106155778894475,1.0,0.7027027027027027,1.9606452472756524,0.21125591085355472,0.0172332047888686,0.07758453481606,0.7267486548808608,0.0,0.7476506843962821,0.11439421227897358,0.001643328049783688,Banks—Regional,Financial Services,FUNC
2019Q2,2019,Q2,2019-08-08,2019-06-30,2602000.0,15467000.0,0.0,0.37,15467000.0,1.0,1405629000.0,126155000.0,29894000.0,20492000.0,1279474000.0,0.0,113951000.0,135113000.0,200230000.0,17.76830985915493,1.4588131953933243,0.07406363983668521,0.825222940034085,0.0,17.76830985915493,0.02062542110895327,8.735566043835263,12.981648731744812,1.0710078871229838,0.24596464258262873,0.0,0.004736775883889781,0.011003614751829963,9.988873706812415,0.0018511285694873968,-336.10199004975124,1.0,-0.15909090909090912,0.8528902882780555,0.034735036297030474,-0.004604233299826711,0.026548085219353555,-0.17423040304665185,0.0,0.3574491451762218,0.04203560271976688,-0.009558504632848826,Banks—Regional,Financial Services,FUNC
2019Q1,2019,Q1,2019-05-07,2019-03-31,3151000.0,15067000.0,0.0,0.44,15067000.0,1.0,1416901000.0,122399000.0,25495000.0,19377000.0,1294502000.0,0.0,111989000.0,122480640.00000001,172655640.0,17.268481941309254,1.3157351499200083,0.07352595558899316,0.8511425746942377,0.0,17.268481941309254,0.025743674376424643,8.12906617110241,9.717600761662965,1.0006669989133898,0.2027927642018407,0.0,0.005217151053423626,0.010633770461027271,11.147907312793517,0.0022238674402798786,255.16800000000003,1.0,0.29411764705882343,1.0487023863893254,0.11801225441815874,0.0017773258597851842,-0.016514360313315928,0.3228379513014274,0.0,0.4975131748331731,0.02938693545995276,-0.020745224277989388,Banks—Regional,Financial Services,FUNC
2018Q4,2018,Q4,2019-03-12,2018-12-31,2382000.0,15320000.0,0.0,0.34,15320000.0,1.0,1384516000.0,117066000.0,20645000.0,60649000.0,1267450000.0,0.0,109477000.0,112697680.0,230085680.0,16.537081508687667,0.34040132566076936,0.1017893617697448,1.2038422770061332,0.0,16.537081508687667,0.020347496284147403,7.356245430809399,11.828052057094878,0.9626849811217604,0.0,0.0,0.0,0.011065238682687668,2.9980214018367985,0.0017204568239009156,12.568047284487566,1.0,-0.12820512820512817,1.487487858905423,0.18527812119638462,0.020562144104708156,0.017129199309520646,-0.13789359391965256,0.0,-0.6681818933718501,0.40318210203399213,-0.13784104726370255,Banks—Regional,Financial Services,FUNC
2018Q3,2018,Q3,2018-11-08,2018-09-30,2763000.0,15062000.0,0.0,0.39,15062000.0,1.0,1347906000.0,115581000.0,25411000.0,20016000.0,1232325000.0,0.0,107733000.0,131479039.99999999,208851040.0,16.315782044042912,1.2695343725019983,0.07487836688908574,0.873231759545254,0.0,16.315782044042912,0.023905313157006773,8.729188686761386,11.896402461093015,1.1375489050968586,0.23054650741947158,0.0,0.004844878697015129,0.011174369726078822,9.373151478816947,0.002049846205892696,-147.23296752519596,1.0,-0.09302325581395345,0.3294854982506835,-0.07614230811284409,0.026257213494635154,0.021152542372881358,-0.08388594164456234,0.0,0.26192378173562875,0.050861622352880304,-0.10262629231722234,Banks—Regional,Financial Services,FUNC
2018Q2,2018,Q2,2018-08-09,2018-06-30,3016000.0,14750000.0,0.0,0.43,14750000.0,1.0,1323316000.0,112974000.0,22972000.0,20364000.0,1210342000.0,0.0,105607000.0,144724650.0,220262650.0,15.963543874523102,1.128069141622471,0.07626976474251049,0.8933825481969303,0.0,15.963543874523102,0.02669640802308496,9.811840677966101,11.996406664456233,1.281043868500717,0.21187002652519893,0.0,0.004415281018126491,0.011146241713997262,9.362895305440974,0.002279123051485813,-540.0173507462687,1.0,0.22857142857142862,0.4469939368666402,0.06201561277494388,0.021033869119151553,0.0320458998040862,0.20351157222665603,0.0,1.2837428846818733,0.08091438829121204,-0.11169453985449976,Banks—Regional,Financial Services,FUNC
2018Q1,2018,Q1,2018-05-09,2018-03-31,2506000.0,14292000.0,0.0,0.35,14292000.0,1.0,1319412000.0,111134000.0,23868000.0,19276000.0,1208278000.0,0.0,103230000.0,135686400.0,230389400.0,15.725767652469223,1.238223697862627,0.08786413948031396,1.0431461119009484,0.0,15.725767652469223,0.022549354832904423,9.493870696893367,13.536153232242619,1.2209260892256195,0.2533918595371109,0.0,0.004679908966558182,0.010832097934534475,9.893027599086947,0.0018993309140738451,135.01134328358208,1.0,3.3333333333333335,0.15240907667314496,-0.027485069269190258,-0.03638709922112826,0.030499675535366644,3.4282945736434107,0.0,0.6290261339460154,0.06453057032652167,-0.11761497702217219,Banks—Regional,Financial Services,FUNC
2017Q4,2017,Q4,2018-03-09,2017-12-31,-1032000.0,13869000.0,0.0,-0.15,13869000.0,1.0,1340839000.0,108390000.0,25802000.0,23285000.0,1232449000.0,0.0,101359000.0,120616799.99999999,157793800.0,15.636180034622043,1.1080953403478635,0.09018905327186932,1.1156841036996032,0.0,15.636180034622043,-0.009521173539994465,8.696863508544235,-29.219186046511627,1.1128037641848878,-0.2180232558139535,0.0,0.0018654117834331538,0.010343523719104233,10.995232982606828,-0.0007696673500696206,17.47563025210084,1.0,-1.5357142857142858,-1.331353005721774,-0.028150877919932243,-0.013356644583054515,0.008874663562959191,-1.5129224652087476,0.0,-1.5626364842035625,0.007963547954914009,-0.10058260633920489,Banks—Regional,Financial Services,FUNC
2017Q3,2017,Q3,2017-11-13,2017-09-30,2012000.0,13747000.0,0.0,0.28,13747000.0,1.0,1352324000.0,120838000.0,27211000.0,23274000.0,1231486000.0,0.0,98233000.0,117665549.99999999,153560550.0,17.09891042875336,1.1691587178826157,0.08942309683182433,1.0007530743640245,0.0,17.09891042875336,0.016650391433158444,8.559362042627482,14.620470924453278,0.973746255317036,0.11182902584493042,0.0,0.0019121994500514382,0.01016546330613078,11.231631863882443,0.001487809134497354,-44.086005994754586,1.0,-0.15151515151515146,-0.3814581139281781,-0.05127682371417851,0.08452329682884761,0.02436661698956781,-0.12862711130359464,0.0,0.33330391413528093,0.004702842050893278,-0.04424675327294292,Banks—Regional,Financial Services,FUNC
2017Q2,2017,Q2,2017-08-10,2017-06-30,2309000.0,13420000.0,0.0,0.33,13420000.0,1.0,1325685000.0,118561000.0,22882000.0,23259000.0,1207124000.0,0.0,96446000.0,105223800.0,153190800.0,16.788586802605494,0.9837912206027775,0.09122001078687622,1.0199728409848094,0.0,16.788586802605494,0.019475206855542715,7.840819672131148,11.392789086184496,0.8875076964600501,0.097444781290602,0.0,0.002138299510186859,0.010123068451404368,9.675480459177093,0.0017417410621678605,30.50849521600464,1.0,0.10000000000000009,0.2374829113840351,-0.09326432116760511,0.10175129578316189,0.046230607312699776,0.16616161616161615,0.0,0.653091836476005,-0.09737736432879023,-0.05948914867771758,Banks—Regional,Financial Services,FUNC
2017Q1,2017,Q1,2017-05-10,2017-03-31,1980000.0,12827000.0,0.0,0.3,12827000.0,1.0,1319434000.0,114884000.0,23048000.0,21484000.0,1204550000.0,0.0,94362000.0,94685000.0,152776000.0,17.593261868300154,1.072798361571402,0.09165217813092584,1.0526182932349153,0.0,17.593261868300154,0.017234775947912676,7.381694862399626,11.955176767676766,0.8241791720343999,0.2727272727272727,0.0,0.005703120874478534,0.00972159274355519,10.37157884937628,0.0015006434577250548,-71.78544351781653,1.0,0.30434782608695643,1.708837144195214,-0.19809929980965207,0.16968962808280263,0.0021876709117899834,0.39338494018296977,0.0,0.3973531813066238,0.03313101136968676,0.02061842421803565,Banks—Regional,Financial Services,FUNC
2016Q4,2016,Q4,2017-03-08,2016-12-31,1421000.0,12799000.0,0.0,0.23,12799000.0,1.0,1318190000.0,113698000.0,21115000.0,22526000.0,1204492000.0,0.0,92922000.0,99914133.55,168341133.55,18.150416117980736,0.9373612714196928,0.09993779348955766,1.1586571443648965,0.0,18.150416117980736,0.012498021073369805,7.806401558715525,17.5781375,0.8787677316223681,0.3166783954961295,0.0,0.0045038673109726425,0.009709525940873471,9.962931723341915,0.0010779933090070476,28.71921056338028,1.0,-0.36111111111111105,0.6610851439080808,-0.12349317879049983,0.16880146910907495,-0.03716241630933574,-0.37811816192560177,0.0,0.6769455586480125,0.11903382688574221,0.1201267636026215,Banks—Regional,Financial Services,FUNC
2016Q3,2016,Q3,2016-11-07,2016-09-30,2285000.0,13293000.0,0.0,0.36,13293000.0,1.0,1338189000.0,114768000.0,20779000.0,21704000.0,1223421000.0,0.0,89836000.0,78200832.66000001,158863832.66000003,18.168960504262742,0.9573811279026907,0.10966089244493865,1.2786403875644778,0.0,18.168960504262742,0.01990973093545239,5.882858095238096,8.555889787746171,0.6813818543496446,0.19693654266958424,0.0,0.005754414431320711,0.009933574405409101,10.82288978990048,0.0017075315968073268,43.859132170499166,1.0,0.3333333333333332,2.2852091792831266,0.0702564528366714,0.1511834749766405,0.007427055702917772,0.340962441314554,0.0,0.23303880318093248,-0.08560622589671163,0.142821516545488,Banks—Regional,Financial Services,FUNC
2016Q2,2016,Q2,2016-08-11,2016-06-30,1704000.0,13195000.0,0.0,0.27,13195000.0,1.0,1307422000.0,113230000.0,20578000.0,21811000.0,1194192000.0,0.0,88001000.0,62106822.96,186177822.96,17.939787400131408,0.9434688918435652,0.11224837887078541,1.296087609290824,0.0,17.939787400131408,0.015049015278636405,4.706845241379311,9.111916514084507,0.5485014833524684,0.2640845070422535,0.0,0.0072455807357884525,0.010092380272016227,8.733666498555774,0.0013033282291410118,-62.16899195195195,1.0,-0.09999999999999991,0.4830830380454909,-0.06612113932982852,0.1382456411794801,0.013830195927775643,-0.08925708177445217,0.0,-0.0833364871439821,0.06525420188716019,0.1474350986414904,Banks—Regional,Financial Services,FUNC
2016Q1,2016,Q1,2016-05-10,2016-03-31,1871000.0,13015000.0,0.0,0.3,13015000.0,1.0,1325295000.0,111142000.0,18567000.0,21250000.0,1214153000.0,0.0,86747000.0,69013470.0,163271470.0,17.63430964998572,0.8737411764705882,0.11131031204373366,1.3273020100412085,0.0,17.63430964998572,0.01683432005902359,5.302610065309259,9.22146846606093,0.6209486062874521,0.3607696419027258,0.0,0.009780699333043246,0.009820455068494185,10.685694117647058,0.0014117611550635897,19.763307560137456,1.0,-0.7029702970297029,0.9272500952568347,-0.03773980866593975,0.129910152360858,0.34023272577489444,-0.7069694596711041,0.0,-0.03525011100748836,-0.0069690401738792766,0.08056081271094227,Banks—Regional,Financial Services,FUNC
2015Q4,2015,Q4,2016-03-09,2015-12-31,6385000.0,9711000.0,0.0,1.01,9711000.0,1.0,1323458000.0,120771000.0,19495000.0,20528000.0,1202687000.0,0.0,85551000.0,73667051.46169999,169063051.4617,19.18101233676541,0.9496784879189399,0.1114784148798073,1.221626052611968,0.0,19.18101233676541,0.052868652242674154,7.5859387768201,2.8843794620869225,0.6099730188679401,0.105716523101018,0.0,0.00916284806581321,0.007337595904063446,11.782346063912705,0.004824482529857389,5.921788702709002,1.0,2.258064516129032,2.400219169725867,-0.027826629667827545,0.24393578029748797,-0.23847239648682558,2.2777207392197125,0.0,1.257041451434417,-0.25082190786359015,0.21032236328414078,Banks—Regional,Financial Services,FUNC
2015Q3,2015,Q3,2015-11-10,2015-09-30,1948000.0,12752000.0,0.0,0.31,12752000.0,1.0,1320315000.0,114592000.0,19215000.0,23367000.0,1205723000.0,0.0,79841000.0,51681950.260000005,134447950.26,18.18170278932504,0.8223135190653486,0.11175742152440894,1.2876553337056689,0.0,18.18170278932504,0.016999441496788607,4.052850553638645,6.632693821868584,0.4510083623638649,0.34650924024640656,0.0,0.013060652637995088,0.009658301238719549,11.53434330466042,0.001475405490356468,17.372084121008406,1.0,0.631578947368421,4.957807610898233,-0.0038609960893228254,0.10928099616546531,0.05032534387612223,0.6578723404255319,0.0,-0.32850089737982524,-0.013208891463005423,0.1532009792789279,Banks—Regional,Financial Services,FUNC
2015Q2,2015,Q2,2015-08-10,2015-06-30,1175000.0,12141000.0,0.0,0.19,12141000.0,1.0,1343071000.0,113154000.0,20400000.0,20998000.0,1229917000.0,0.0,78568000.0,54528157.64,174196157.64,17.970782113517966,0.9715210972473569,0.1322134123959195,1.5692949431747882,0.0,17.970782113517966,0.010384078335719462,4.491241054278889,11.601735668085105,0.48189332803082524,0.574468085106383,0.0,0.012378925480233775,0.009039730587586212,13.502714544242309,0.0008748606737841857,16.151705462085307,1.0,-0.13636363636363635,2.2632501420167537,-0.15977321532928818,0.11346932216618755,0.016919339978222633,-0.14108187134502925,0.0,-0.29371834656822604,-0.07995847491276525,0.17933288326165392,Banks—Regional,Financial Services,FUNC
2015Q1,2015,Q1,2015-05-12,2015-03-31,1368000.0,11939000.0,0.0,0.22,11939000.0,1.0,1341485000.0,112001000.0,18754000.0,18173000.0,1229484000.0,0.0,78068000.0,57439991.82,189803991.82,17.821888680067016,1.0319705056952622,0.13238239711960997,1.5856019142686226,0.0,17.821888680067016,0.012214176659136973,4.811122524499539,10.497074528508772,0.5128524907813323,0.4934210526315789,0.0,0.011751394431170027,0.008899838611687794,16.055356848071316,0.0010197654092293242,28.198326863033873,1.0,-0.15384615384615388,1.2636669283854616,-0.13426743732835203,0.09671818824433438,-0.04065889915628767,-0.17540687160940324,0.0,1.5088764840603375,-0.2244524008078959,0.1848899026212715,Banks—Regional,Financial Services,FUNC
2014Q4,2014,Q4,2015-03-09,2014-12-31,1659000.0,12445000.0,0.0,0.26,12445000.0,1.0,1332296000.0,108999000.0,21853000.0,19567000.0,1223297000.0,0.0,77375000.0,53606721.6,200761721.6,17.384787246530667,1.1168293555476057,0.13706113356191116,1.6752997733924164,0.0,17.384787246530667,0.015220323122230478,4.307490687022901,8.0781678119349,0.49180929733300305,0.4074743821579265,0.0,0.012610358921855799,0.009341017311468322,14.229110236622885,0.001245218780211004,170.7220433121019,1.0,0.2380952380952382,1.1761570209752952,-0.5647950277650623,0.06639280006666738,0.0242798353909465,0.2380597014925373,0.0,0.937569582569134,-0.14849487170329695,0.1194985691685793,Banks—Regional,Financial Services,FUNC
2014Q3,2014,Q3,2014-11-10,2014-09-30,1340000.0,12150000.0,0.0,0.21,12150000.0,1.0,1331916000.0,112270000.0,25515000.0,15996000.0,1219646000.0,0.0,75849000.0,49763882.35,181246882.35,17.890507290776117,1.595086271567892,0.13711300112019076,1.6266411329829875,0.0,17.890507290776117,0.011935512603545025,4.09579278600823,9.28430640858209,0.4432518246192215,0.503731343283582,0.0,0.013564054252290467,0.009122196895299703,18.722805701425358,0.0010060694518272924,22.36578982022472,1.0,0.049999999999999906,1.2361877550679226,-0.276039947426792,0.04521107943849101,-0.07947571785741345,0.08064516129032258,0.0,0.9392387777097797,-0.015329802721093876,0.13354070791549036,Banks—Regional,Financial Services,FUNC
2014Q2,2014,Q2,2014-08-12,2014-06-30,1240000.0,13199000.0,0.0,0.2,13199000.0,1.0,1327575000.0,111911000.0,26906000.0,16371000.0,1215664000.0,0.0,75184000.0,54982190.73,175563190.73,17.85049771515352,1.6435159733675402,0.1375741483532004,1.6320111517187765,0.0,17.85049771515352,0.011080233399755163,4.165633057807409,11.085119098790322,0.4913028275147215,0.0,0.0,0.0,0.009942187823663446,17.972206951316352,0.0009340338587273788,10.375955978486505,1.0,-0.09090909090909087,0.06081365635940881,-0.1854509765527168,0.08797873473714107,0.10925287839314228,-0.08689248895434462,0.0,0.08652401869467391,-0.05953216300840157,0.13258037924178143,Banks—Regional,Financial Services,FUNC
2014Q1,2014,Q1,2014-05-12,2014-03-31,1358000.0,11899000.0,0.0,0.22,11899000.0,1.0,1355484000.0,107879000.0,26978000.0,20303000.0,1247605000.0,0.0,74747000.0,47562814.0,186410814.0,17.237844674202833,1.3287691474166379,0.13475334271743525,1.6931562213220368,0.0,17.237844674202833,0.012588177495156611,3.9972110261366502,8.756040868924888,0.4408903864514873,0.0,0.0,0.0,0.008778414204815402,21.29000640299463,0.001001856163554863,-10.182576321986726,1.0,0.5714285714285713,-0.4392815714605773,-0.31910388181056887,0.09175999886511065,0.04203520448375515,0.6052009456264775,0.0,0.4087367828628773,-0.11401859366203762,0.10450684425954263,Banks—Regional,Financial Services,FUNC
2013Q4,2013,Q4,2014-03-10,2013-12-31,846000.0,11419000.0,0.0,0.14,11419000.0,1.0,1333503000.0,101340000.0,28830000.0,28412000.0,1232163000.0,0.0,73836000.0,47968578.839999996,187577578.84,16.203894690993934,1.0147120934816274,0.13698656845916357,1.8025656206828498,0.0,16.203894690993934,0.008348134991119005,4.200768792363604,14.17511195035461,0.473342992303138,0.0,0.0,0.0,0.00856316033784701,14.3770941855554,0.0006344192701478737,17.945596273849606,1.0,-0.5172413793103448,4.428749778129029,-0.24013216622750486,0.3730233852180617,-0.20717905991807262,-0.5392156862745098,0.0,1.186782046834723,0.15089973309154622,0.0508623858014249,Banks—Regional,Financial Services,FUNC
2013Q3,2013,Q3,2013-11-08,2013-09-30,1836000.0,14403000.0,0.0,0.29,14403000.0,1.0,1342088000.0,99496000.0,21759000.0,26405000.0,1242592000.0,0.0,73442000.0,51380355.650000006,162533355.65,15.898336040420148,0.8240484756674872,0.13612222149367253,1.8361341159443596,0.0,15.898336040420148,0.018453003135804454,3.5673370582517534,6.996235791122005,0.5164062439696069,0.0,0.0,0.0,0.010731785099039706,14.781442908540049,0.001368017596461633,10.003963327492214,1.0,0.0,-0.03266773869173743,-0.16646722018597887,0.08783504623697475,0.17345608603552223,-0.003257328990228013,0.0,4.655044091184501,0.1330795412876399,-0.030029131779396343,Banks—Regional,Financial Services,FUNC
2013Q2,2013,Q2,2013-08-14,2013-06-30,1842000.0,12274000.0,0.0,0.29,12274000.0,1.0,1329206000.0,97783000.0,21342000.0,25106000.0,1231423000.0,0.0,72054000.0,47719813.05,188354813.05,15.634685936809218,0.850075679120529,0.1374534872698438,1.8684638434083634,0.0,15.634685936809218,0.018837630262929138,3.8878778759980444,6.476630435667753,0.48801747798697115,0.0,0.0,0.0,0.009234084107354315,14.661515175655222,0.001385789712053662,6.197378318181817,1.0,-0.06451612903225812,-0.5593297799398488,-0.3211076785722137,0.016821846466172564,-0.05504657787358534,-0.04162330905306972,0.0,2.993746103491802,-0.14482121538198361,-0.03127515305830819,Banks—Regional,Financial Services,FUNC
2013Q1,2013,Q1,2013-05-13,2013-03-31,1922000.0,12989000.0,0.0,0.31,12989000.0,1.0,1322767000.0,101935000.0,27014000.0,23679000.0,1220832000.0,0.0,70653000.0,52193029.944,150085029.944,16.31959020033704,1.140842096372313,0.13813468282773914,1.7925148378868887,0.0,16.31959020033704,0.018855152793446805,4.018248513665409,6.788895674297607,0.5120226609506058,0.0,0.0,0.0,0.009819567618484586,14.835170404155582,0.0014530147788688408,23.44700356873315,1.0,-0.3111111111111111,-0.3940426241120428,-0.21570435021917464,-0.013946069819272999,0.010974470734744708,-0.3145506419400856,0.0,1.3727151457685132,-0.05235513659564848,0.004270182509990294,Banks—Regional,Financial Services,FUNC
2012Q4,2012,Q4,2013-03-15,2012-12-31,2804000.0,12848000.0,0.0,0.45,12848000.0,1.0,1320783000.0,98905000.0,25010000.0,23002000.0,1221878000.0,0.0,69168000.0,44747310.36,144414310.36,15.847854190447928,1.0872967568037561,0.13835353725782357,1.8475810120823013,0.0,15.847854190447928,0.02835043728830696,3.482823035491905,3.9895961447931527,0.45242718123451797,0.0,0.0,0.0,0.009727563119755478,14.40531258151465,0.002122983109261703,8.60690716676284,1.0,-0.021739130434782625,-0.29914734884379746,-0.23547217216316096,-0.06184473426813227,0.0032013742484578744,-0.024695652173913042,0.0,1.2991141327763738,-0.5486225814942838,-0.027883553273127963,Banks—Regional,Financial Services,FUNC
2012Q3,2012,Q3,2012-11-13,2012-09-30,2875000.0,12807000.0,0.0,0.46,12807000.0,1.0,1359397000.0,98479000.0,27048000.0,52367000.0,1260918000.0,0.0,66794000.0,41224748.4,187853748.4,15.766291493000356,0.5165084881700307,0.17295683306642579,2.3874836259507104,0.0,15.766291493000356,0.029194041369225928,3.2189231201686574,3.5847607304347826,0.41861461225235835,0.0,0.0,0.0,0.009421088909273744,2.206274944144213,0.002114908301254159,10.27024125560538,1.0,0.7692307692307693,-0.19767243084021388,-0.16977477604933197,-0.03245686297890528,-0.020871559633027524,0.7434808975136447,0.0,1.5091167880364373,-0.23332249012910874,-0.07889126438371041,Banks—Regional,Financial Services,FUNC
2012Q2,2012,Q2,2012-08-13,2012-06-30,1649000.0,13080000.0,0.0,0.26,13080000.0,1.0,1348439000.0,95103000.0,27241000.0,21579000.0,1253336000.0,0.0,64334000.0,26899296.159999996,166475296.16,15.238091270563563,1.2623847258909124,0.15315116219569444,2.171487755381008,0.0,15.238091270563563,0.017339095506976647,2.056521113149847,4.0781225227410545,0.28284382364383875,0.0,0.0,0.0,0.009700105084471748,4.364428379442977,0.0012228955110316448,5.648739218815623,1.0,1.6046511627906976,-0.4891463212499444,-0.12908503656655193,-0.034760812614797756,-0.14291330843326125,1.6187617260787992,0.0,0.4170881708489219,-0.18914585188248656,-0.07124610613613704,Banks—Regional,Financial Services,FUNC
2012Q1,2012,Q1,2012-05-14,2012-03-31,-2665000.0,15261000.0,0.0,-0.43,15261000.0,1.0,1385541000.0,93706000.0,27980000.0,35227000.0,1291835000.0,0.0,63116000.0,37380312.0,181261312.0,15.040965950203947,0.7942771169841315,0.1746653473264234,2.582609438029582,0.0,15.040965950203947,-0.028440014513478325,2.449401218793002,-3.5065958724202626,0.39891055001814185,0.0,0.0,0.0,0.011014470160031353,3.5797825531552503,-0.0019234364049854895,-747.60624,1.0,-4.071428571428571,-2.2851146505648874,0.2206026152922113,-0.056270112838760065,0.05182989868357571,-4.135294117647059,0.0,-2.1053620515702423,-0.12276558050671238,-0.047379456127729196,Banks—Regional,Financial Services,FUNC
2011Q4,2011,Q4,2012-03-14,2011-12-31,850000.0,14509000.0,0.0,0.14,14509000.0,1.0,1390865000.0,96656000.0,28715000.0,36868000.0,1294209000.0,0.0,66196000.0,19668446.720000003,198473446.72,15.529083935714066,0.7788597157426494,0.17536712765077847,2.523506042046019,0.0,15.529083935714066,0.008794073828836286,1.3556031925012064,5.784837270588236,0.2034891441814269,0.0,0.0,0.0,0.010431637865644761,2.5448085060214822,0.0006111304835480079,1.3670035251598556,1.0,0.2727272727272728,-0.7564383639884181,0.02734855861593319,-0.009750259244388665,0.18440816326530612,0.239067055393586,0.0,4.461488252565463,-0.029878844775614446,0.3158438635496764,Banks—Regional,Financial Services,FUNC
2011Q3,2011,Q3,2011-11-10,2011-09-30,686000.0,12250000.0,0.0,0.11,12250000.0,1.0,1434104000.0,98328000.0,39666000.0,44462000.0,1335776000.0,0.0,65757000.0,22801990.32,189675990.32,15.782853818876632,0.8921326076199901,0.17555909473789907,2.5605117565698476,0.0,15.782853818876632,0.006976649580994224,1.8613869648979593,8.309763236151603,0.23189722479863317,0.0,0.0,0.0,0.008541918856651958,2.801538392335028,0.00047834745597250965,6.238574642954856,1.0,-0.38888888888888884,-0.7915918573879023,-0.11242227691158983,-0.01239547753976945,-0.12079236345367114,-0.39452780229479256,0.0,-0.6369308166787359,-0.28785555802739776,0.07993323767707596,Banks—Regional,Financial Services,FUNC
2011Q2,2011,Q2,2011-08-11,2011-06-30,1133000.0,13933000.0,0.0,0.18,13933000.0,1.0,1463522000.0,98096000.0,40130000.0,17413000.0,1365426000.0,0.0,65475000.0,30933309.82,105056309.82,15.760910256191913,2.3046000114856717,0.14183046103850847,2.116008807698581,0.0,15.760910256191913,0.011549910291958898,2.220147119787555,6.8255317343336275,0.31533711690588806,0.0,0.0,0.0,0.009520184869103436,9.968356974674094,0.0007741598691376009,0.739023575984901,1.0,0.2,-0.6309257009961966,0.014518215352847119,0.03453630608603032,0.045001125028125706,0.1839080459770115,0.0,-0.7276306844802696,-0.22560309641134907,0.0250310069202035,Banks—Regional,Financial Services,FUNC
2011Q1,2011,Q1,2011-05-10,2011-03-31,957000.0,13333000.0,0.0,0.15,13333000.0,1.0,1516551000.0,96964000.0,42957000.0,42998000.0,1419587000.0,0.0,64742000.0,19197932.07,141668932.07,15.60682467817483,0.9990464672775478,0.18188244246319443,2.844705251433522,0.0,15.60682467817483,0.009869642341487562,1.439880902272557,5.0151337695924765,0.19799030640237614,0.0,0.0,0.0,0.00879165949579012,4.565793757849202,0.0006310371362387417,6.6199765758620694,1.0,1.2083333333333335,-0.6613194806638849,-0.030582325051167546,0.030718079848452567,0.35497967479674797,1.2130454140694569,0.0,-0.6966676444531741,-0.19062446009582057,-0.057012423557178116,Banks—Regional,Financial Services,FUNC
2010Q4,2010,Q4,2011-03-09,2010-12-31,-4492000.0,9840000.0,0.0,-0.72,9840000.0,1.0,1696445000.0,95640000.0,44859000.0,39139000.0,1600805000.0,0.0,64179000.0,21274537.27,4200537.269999981,15.419616221810308,1.1461457880886072,0.16637085198753865,2.951056043496445,0.0,15.419616221810308,-0.04696779590129653,2.1620464705284554,-1.1840236681878895,0.222443927959013,-0.01402493321460374,0.0,0.0029612864994642486,0.005800364880676945,8.79358184930632,-0.0026478901467480525,66.06999152173913,1.0,-15.4,-2.056569275111343,-0.34975617456954794,0.030693427721087463,-0.21948124058062982,-14.950310559006212,0.0,-2.1297184892254744,-0.4108381108522924,-0.08719540322531212,Banks—Regional,Financial Services,FUNC
2010Q3,2010,Q3,2010-11-04,2010-09-30,322000.0,12607000.0,0.0,0.05,12607000.0,1.0,1795228000.0,101734000.0,43589000.0,43922000.0,1693494000.0,0.0,69060000.0,25820608.32,-49144391.68000001,16.39052940794541,0.9924183780337872,0.16002758423999625,2.823893683527631,0.0,16.39052940794541,0.0031651168734149844,2.048116785912588,20.04705614906832,0.2538051027188551,1.3540372670807452,0.0,0.016885736950755154,0.007022506333457366,9.240016392696143,0.0001793644038528811,18.06900512246326,1.0,1.3333333333333335,-0.8950975537593676,-0.09913593850757013,0.11523072484104843,-0.1140548137737175,1.351528384279476,0.0,-0.9095703859734073,-0.17756571536564747,0.005851264886267692,Banks—Regional,Financial Services,FUNC
2010Q2,2010,Q2,2010-08-06,2010-06-30,-916000.0,14230000.0,0.0,-0.15,14230000.0,1.0,1775998000.0,100078000.0,53137000.0,37487000.0,1675920000.0,0.0,69190000.0,24183240.9,-10934759.100000024,16.13944969633909,1.4174780590604743,0.15828508815888306,2.8089490197645834,0.0,16.13944969633909,-0.009152860768600491,1.6994547364722417,-6.600229503275109,0.241643926737145,-0.47707423580786024,0.0,0.018070365415745415,0.008012396410356318,9.853255795342385,-0.0005157663465837236,0.18315087019085124,1.0,0.8192771084337349,-1.425246177451906,0.09623852936440154,0.11907482620968862,0.04747883695252116,0.8207787125807082,0.0,-1.285617684802531,-0.04635516767937028,0.022334689636134497,Banks—Regional,Financial Services,FUNC
2010Q1,2010,Q1,2010-05-10,2010-03-31,-5111000.0,13585000.0,0.0,-0.83,13585000.0,1.0,1784266000.0,100601000.0,63715000.0,41748000.0,1683665000.0,0.0,70557000.0,37144530.0,93908530.0,16.25019888527328,1.5261808948931685,0.17129620807659846,3.0381208934304826,0.0,16.25019888527328,-0.05080466396954304,2.7342311372837687,-1.8168915085110544,0.3692262502360812,-0.19350420661318724,0.0,0.02662572389528149,0.00761377507613775,7.487520360256779,-0.002864483210463014,7.443793587174349,1.0,0.4466666666666667,-2.8414813272115738,0.06383463695473633,0.14974859734183515,-0.5171494579704994,0.4484135549320095,0.0,-3.4802679236200658,0.09345018158513518,0.019601959815534035,Banks—Regional,Financial Services,FUNC
2009Q4,2009,Q4,2010-03-12,2009-12-31,-9266000.0,28135000.0,0.0,-1.5,28135000.0,1.0,1743736000.0,100566000.0,59091000.0,47563000.0,1643170000.0,0.0,76120000.0,37012656.0,165448656.0,16.302423689885966,1.2423732733427244,0.1824284180632848,3.1631664777360142,0.0,16.302423689885966,-0.09213849611200604,1.3155377998933713,-0.9986147204834881,0.3680434341626395,-0.1727822145478092,0.0,0.04325547455983705,0.016134896566911507,5.230157895843408,-0.005313877788839595,-2.2967828730995965,1.0,-0.6666666666666666,-6.054752382072513,1.0767148483879632,0.1581182813923728,0.7026748971193416,-0.6587898317221625,0.0,-3.678960025572861,1.0100702473993148,0.039563627798460836,Banks—Regional,Financial Services,FUNC
2009Q3,2009,Q3,2009-11-06,2009-09-30,-5586000.0,16524000.0,0.0,-0.9,16524000.0,1.0,1681749000.0,105758000.0,25369000.0,46229000.0,1575991000.0,0.0,86388000.0,65308478.480000004,288481478.48,17.116645281245265,0.5487680892945986,0.1919691939760333,3.0526674105032243,0.0,17.116645281245265,-0.05281869929461601,3.952340745582184,-2.9228642355889725,0.6175275485542465,-0.28607232366630864,0.0,0.02446849225693368,0.009825485253744761,2.7047956910164617,-0.0033215420374859746,11.093677336504163,1.0,-5.736842105263158,-6.060883639357138,0.4114740709206071,0.21828458176949433,0.03741838272225013,-5.861618798955614,0.0,-2.7111520096696973,0.20720933232079092,0.07106588473164928,Banks—Regional,Financial Services,FUNC
2009Q2,2009,Q2,2009-08-10,2009-06-30,1149000.0,15928000.0,0.0,0.19,15928000.0,1.0,1634380000.0,101109000.0,19427000.0,37271000.0,1533271000.0,0.0,93588000.0,69328597.5,334845597.5,16.40702813871289,0.521236349977194,0.19221294925292773,3.1070330039857974,0.0,16.40702813871289,0.011363973533513337,4.352624152435962,15.084551240208878,0.6856817642346379,1.443864229765013,0.0,0.023929519128091402,0.009745591600484587,1.8260577929221111,0.0007030188817777996,15.180336654258813,1.0,-0.5128205128205129,-0.4307033179537997,0.31322910722111,0.18728434343698377,-0.07211930560410112,-0.5170239596469105,0.0,-0.6219806483951705,0.17134969672358658,0.07694708037597173,Banks—Regional,Financial Services,FUNC
2009Q1,2009,Q1,2009-05-11,2009-03-31,2379000.0,17166000.0,0.0,0.39,17166000.0,1.0,1655569000.0,97062000.0,20281000.0,42330000.0,1558507000.0,0.0,94116000.0,51515446.64000001,307754446.64,15.789042181543241,0.4791164658634538,0.192966889329288,3.2914013723187243,0.0,15.789042181543241,0.024510106941954626,3.0010163485960626,5.413561017234132,0.530747837876821,0.5132408575031526,0.0,0.023701628921759844,0.010368640630502262,1.9728797543113632,0.0014369681964327672,7.214038179526678,1.0,10.873417721518987,-0.1334752434863888,0.3512515558594306,0.11470861751929105,0.15986486486486487,10.790123456790123,0.0,-0.14910643035099977,0.2614053921527789,0.04275223023199057,Banks—Regional,Financial Services,FUNC
2008Q4,2008,Q4,2009-03-05,2008-12-31,-243000.0,14800000.0,0.0,-0.0395,14800000.0,1.0,1639104000.0,72690000.0,31423000.0,65024000.0,1566414000.0,0.0,93092000.0,83027714.48,391620714.48,11.801615956031553,0.4832523375984252,0.2000470989028152,4.510909341037282,0.0,11.801615956031553,-0.0033429632686751963,5.609980708108108,-85.4194593415638,1.1422164600357685,-4.54320987654321,0.0,0.01329676490451794,0.009029323337628363,0.7801427165354331,-0.00014825172777322245,24.038133896931097,1.0,-1.1316666666666666,-1.0863422143094168,0.19802272709276506,-0.14224535888528647,-0.12833500206136994,-1.1302949061662197,0.0,-1.0575568894198117,-0.015137354325233488,-0.21114456887942132,Banks—Regional,Financial Services,FUNC
2008Q3,2008,Q3,2008-11-07,2008-09-30,1865000.0,16979000.0,0.0,0.3,16979000.0,1.0,1629546000.0,89872000.0,44296000.0,117675000.0,1539674000.0,0.0,94303000.0,122373915.69999999,482743915.7,14.614656969745065,0.3764265986828128,0.23462424503512022,4.25417260103258,0.0,14.614656969745065,0.020751735802029554,7.2073688497555795,16.404010147453082,1.3616467386950328,0.6541554959785523,0.0,0.009969444820175841,0.010419466526259462,0.5630507754408328,0.0011444905513560218,33.056163074014044,1.0,-0.5522388059701493,-0.1511459983993448,0.47767804400427705,0.07664770689479426,-0.04580195571540969,-0.5466699076324745,0.0,-0.38673816382224213,0.2246076726413973,-0.005601705716035909,Banks—Regional,Financial Services,FUNC
2008Q2,2008,Q2,2008-08-11,2008-06-30,4114000.0,17794000.0,0.0,0.67,17794000.0,1.0,1594495000.0,94647000.0,40392000.0,90492000.0,1499848000.0,0.0,93658000.0,111814457.68499999,441230457.685,15.376032675876766,0.4463598992176104,0.2215033599979931,3.7316132576838146,0.0,15.376032675876766,0.043466776548649194,6.2838292505900855,6.794753140799708,1.1813840658974928,0.2975206611570248,0.0,0.01094670604626293,0.011159646157560857,0.7090350528223489,0.0025801272503206346,32.75174507469244,1.0,0.3137254901960785,0.24709768205843483,0.6094722093570706,0.13954876023080467,0.08705479870486896,0.312280701754386,0.0,0.92396234354977,0.3808963566146478,0.06614112738021881,Banks—Regional,Financial Services,FUNC
2008Q1,2008,Q1,2008-05-12,2008-03-31,3135000.0,16369000.0,0.0,0.51,16369000.0,1.0,1572049000.0,102176000.0,32041000.0,138185000.0,1469873000.0,0.0,90768000.0,121342619.03,436924619.03,16.550403280017285,0.2318703187755545,0.21701231959054712,3.338885844033824,0.0,16.550403280017285,0.030682352020043845,7.412952472967194,9.676444898724084,1.1875843547408396,0.39106858054226473,0.0,0.010103622369456944,0.0104125253093256,0.4169265839273438,0.0019942126485879255,28.08206874103217,1.0,-0.203125,0.2791741824716242,0.466817313358543,0.2783047626499373,-0.018880364421002157,-0.2107250755287009,0.0,0.1326670960905412,0.2854048463784252,0.1709889270270043,Banks—Regional,Financial Services,FUNC
2007Q4,2007,Q4,2008-03-12,2007-12-31,3972000.0,16684000.0,0.0,0.64,16684000.0,1.0,1478909000.0,104665000.0,27368000.0,101819000.0,1374244000.0,0.0,88859000.0,124042298.38,365615298.38,16.89257073890088,0.2687906972176116,0.1807920568473111,2.554578894568385,0.0,16.89257073890088,0.03794964887975923,7.434805704866938,7.8072947117321245,1.1851363720441408,0.3021148036253776,0.0,0.009674119358251769,0.011281289112447081,0.5222011608835286,0.002685763627106198,19.891324307248237,1.0,0.12280701754385977,0.6241792726642862,0.6275442437945608,0.3036567623712822,0.09017250392054364,0.11729957805907174,0.0,1.157297789583383,0.22609295974233548,0.20004211426379734,Banks—Regional,Financial Services,FUNC
2007Q3,2007,Q3,2007-11-05,2007-09-30,3555000.0,15304000.0,0.0,0.57,15304000.0,1.0,1458646000.0,100978000.0,27453000.0,120851000.0,1357668000.0,0.0,86117000.0,129360699.59539999,393232699.5954,16.295181981799963,0.22716402843170516,0.1961538303330623,2.8334785794925628,0.0,16.295181981799963,0.03520568836776328,8.452737819877155,9.09709561149086,1.2810780525995762,0.3372714486638537,0.0,0.009268657356910553,0.010491921960503097,0.4112502172096218,0.002437191751802699,-44.10525045871121,1.0,0.09615384615384602,0.3763068118277691,0.4344065457296444,0.27865672544550424,0.02628755364806867,0.10920436817472699,0.0,2.211382634893015,0.3034359770368069,0.15981657850367562,Banks—Regional,Financial Services,FUNC
2007Q2,2007,Q2,2007-08-07,2007-06-30,3205000.0,14912000.0,0.0,0.52,14912000.0,1.0,1432452000.0,97828000.0,22679000.0,86153000.0,1334624000.0,0.0,83763000.0,123006499.85000001,352220499.85,15.786855185441649,0.2632409782596079,0.177084467751799,2.592969293044936,0.0,15.786855185441649,0.032761581551294106,8.248826438438842,9.594890783931358,1.25737518757411,0.3737909516380655,0.0,0.00973932273059471,0.010410121944749284,0.5470500156697967,0.002237422266156213,33.22703939762291,1.0,0.5757575757575757,0.3362518311535749,0.45572113555047133,0.288822666988392,0.20006438113632705,0.5550703541969918,0.0,0.5792067814900167,0.22266502899541307,0.14240591503320446,Banks—Regional,Financial Services,FUNC
2007Q1,2007,Q1,2007-05-15,2007-03-31,2061000.0,12426000.0,0.0,0.33,12426000.0,1.0,1368420000.0,98683000.0,20464000.0,103393000.0,1269737000.0,0.0,81757000.0,139314667.5,362280667.5,15.93778702447106,0.19792442428404244,0.18549129653176658,2.572175552020105,0.0,15.93778702447106,0.020885056190022597,11.211545750845003,16.898916484716157,1.4117392813351843,0.581756428918001,0.0,0.00860641611910677,0.009080545446573421,0.496435928931359,0.0015061165431665717,41.66108477870814,1.0,-0.41071428571428575,-0.11738249658890441,0.22063443277003053,0.36260706381370755,-0.11331525617239903,-0.4048512850129945,0.0,-0.25467849722570124,-0.02886954415547111,0.12521002452781846,Banks—Regional,Financial Services,FUNC
