Quarters,Year,Quarter,FillingDate,Date,NetIncome,Revenue,OperatingIncome,EPSDiluted,GrossProfit,GrossProfitRatio,TotalAssets,CommonStockEquity,CurrentAssets,CurrentLiability,TotalLiability,Inventory,RetainedEarnings,MarketCap,EnterpriseValue,bookValuePerShare,currentRatio,debtToAssets,debtToEquity,roic,shareholdersEquityPerShare,roe,priceToSalesRatio,peRatio,pbRatio,payoutRatio,inventoryTurnover,dividendYield,assetTurnover,quickRatio,returnOnAssets,priceToFreeCashFlowsRatio,grossProfitMargin,epsdilutedGrowth,fiveYNetIncomeGrowthPerShare,fiveYRevenueGrowthPerShare,fiveYShareholdersEquityGrowthPerShare,grossProfitGrowth,netIncomeGrowth,operatingIncomeGrowth,threeYNetIncomeGrowthPerShare,threeYRevenueGrowthPerShare,threeYShareholdersEquityGrowthPerShare,Industry,Sector,Symbol
2023Q1,2023,Q1,2023-05-03,2023-03-26,-5800000.0,231800000.0,1100000.0,-0.0453,59400000.0,0.2562553926,1557100000.0,931200000.0,588100000.0,245000000.0,613500000.0,134000000.0,-678300000.0,1710135000.0,1964835000.0,7.269320843091335,2.4004081632653063,0.19356496050350008,0.3236683848797251,0.0009745114841137825,7.269320843091335,-0.00622852233676976,7.377631578947368,-73.71271551724138,1.836485180412371,0.0,1.2865671641791045,0.0,0.1488664825637403,1.6346938775510205,-0.003724873161646651,-51.20164670658683,0.25625539257981017,-0.12967581047381554,-1.1341991341991342,0.31222111222111215,0.4708850174216027,-0.03257328990228013,-0.13725490196078433,-0.8225806451612904,-23.268540202966435,0.14849586963263695,0.34310788414234944,Aerospace & Defense,Industrials,KTOS
2022Q4,2022,Q4,2023-02-23,2022-12-25,-5100000.0,249300000.0,6200000.0,-0.0401,61400000.0,0.2462896109,1551500000.0,936300000.0,582600000.0,234200000.0,604000000.0,125500000.0,-671300000.0,1201712000.0,1422212000.0,7.355066771406127,2.487617421007686,0.19452143087334836,0.3223325857097084,-0.027241477346152853,7.355066771406127,-0.005446972124319128,4.820344965904533,-58.90745098039215,1.2834689736195664,0.0,1.4972111553784861,0.0,0.16068320979697068,1.7497865072587533,-0.0032871414759909766,-300.428,0.24628961091054954,0.3624801271860096,0.8132205261034797,0.00242773326868702,0.48826864289449506,0.11839708561020036,0.3625,2.441860465116279,-2.4249018067556953,0.12889064869289996,0.36698419179417135,Aerospace & Defense,Industrials,KTOS
2022Q3,2022,Q3,2022-11-03,2022-09-25,-8000000.0,228600000.0,-4300000.0,-0.0629,54900000.0,0.2401574803,1568100000.0,935400000.0,601300000.0,213500000.0,624900000.0,120300000.0,-663000000.0,1369944000.0,1583344000.0,7.35377358490566,2.816393442622951,0.21593010649831007,0.361984177891811,-0.0029614325068870523,7.35377358490566,-0.008552490912978406,5.992755905511811,-42.81075,1.464554201411161,0.0,1.4438902743142146,0.0,0.14578151903577577,2.0018735362997657,-0.005101715451820674,-89.53882352941176,0.24015748031496062,-0.5011933174224343,-0.323679976597923,-0.17103023483930518,0.2512060715058512,-0.050173010380622836,-0.5094339622641509,-2.048780487804878,-3.6792452830188678,0.039644676293646874,0.3819955651887293,Aerospace & Defense,Industrials,KTOS
2022Q2,2022,Q2,2022-08-04,2022-06-26,-5300000.0,224200000.0,4100000.0,-0.0419,57800000.0,0.2578055308,1583300000.0,938100000.0,624300000.0,227800000.0,637400000.0,118200000.0,-655000000.0,1796144000.0,1989644000.0,7.421677215189874,2.7405618964003513,0.21215183477546895,0.35806417226308496,0.0034397715472481833,7.421677215189874,-0.005649717514124294,8.011347011596788,-84.72377358490566,1.9146615499413708,0.0,1.4077834179357023,0.0,0.1416029811153919,2.0079016681299384,-0.003347438893450388,-54.26416918429003,0.25780553077609275,0.6508333333333334,0.414327276439363,-0.17283048063093462,0.8522110859811042,0.11368015414258188,0.6624203821656051,9.2,-2.140721356702369,0.0015603842604131617,0.4073993789663013,Aerospace & Defense,Industrials,KTOS
2022Q1,2022,Q1,2022-05-05,2022-03-27,-15700000.0,196200000.0,-500000.0,-0.12,51900000.0,0.2645259939,1565500000.0,932300000.0,687900000.0,213300000.0,618000000.0,107100000.0,-650300000.0,2602353000.0,2686753000.0,7.4050833995234315,3.2250351617440227,0.2164164803577132,0.3634023383031213,-0.00029850178720815273,7.4050833995234315,-0.016840072937895526,13.263776758409787,-41.43874203821657,2.791325753512818,0.0,1.3473389355742298,0.0,0.1253273714468221,2.5086732301922177,-0.010028744809964867,-139.16326203208556,0.26452599388379205,-9.0,0.03605242255758543,-0.2821051953941159,0.6289497631848641,-0.15609756097560976,-9.466666666666667,-1.0617283950617284,-5.219759665889467,0.019164756892518467,0.404943477319602,Aerospace & Defense,Industrials,KTOS
2021Q4,2021,Q4,2022-02-22,2021-12-26,-1500000.0,211600000.0,8100000.0,-0.012,61500000.0,0.2906427221,1589500000.0,945100000.0,758100000.0,221100000.0,629200000.0,91700000.0,-634400000.0,2455534000.0,2445634000.0,7.566853482786229,3.42876526458616,0.21358917898710286,0.3592212464289493,-0.0030510772939581136,7.566853482786229,-0.0015871336366522061,11.604603024574669,-409.2556666666667,2.598173738228759,0.0,1.6368593238822247,0.0,0.13312362378106324,2.867480777928539,-0.0009436929852154766,-155.41354430379747,0.29064272211720227,0.4,0.8170629526877315,-0.3906250755684173,0.7931581154938422,0.01485148514851485,0.375,-0.22857142857142856,-1.2654889869342283,0.07069792086710738,0.5139535468158851,Aerospace & Defense,Industrials,KTOS
2021Q3,2021,Q3,2021-11-03,2021-09-26,-2400000.0,200600000.0,10500000.0,-0.02,60600000.0,0.3020937188434696,1577800000.0,941800000.0,772600000.0,210600000.0,620900000.0,90900000.0,-631800000.0,2905174000.0,2874974000.0,7.5404323458767015,3.668566001899335,0.21529978451007734,0.360692291356976,-0.0018954250511190388,7.5404323458767015,-0.002548311743469951,14.482422731804586,-302.6222916666667,3.084703758759822,0.0,1.54015401540154,0.0,0.12713905437951578,3.060778727445394,-0.0015211053365445557,-4841.956666666667,0.3020937188434696,-3.0,0.9507402532195248,-0.41252639354530785,1.23516000453474,0.16538461538461538,-3.1818181818181817,2.1818181818181817,-2.1743983422031743,0.0468771504028819,0.5304765007552048,Aerospace & Defense,Industrials,KTOS
2021Q2,2021,Q2,2021-08-03,2021-06-27,1100000.0,205100000.0,3300000.0,0.01,52000000.0,0.25353486104339346,1562300000.0,935900000.0,768700000.0,202100000.0,611800000.0,90700000.0,-629400000.0,3405557000.0,3381157000.0,7.505212510024058,3.8035625927758536,0.2207642578250016,0.3685222780211561,-0.001244907197827071,7.505212510024058,0.0011753392456459023,16.604373476352997,773.9902272727272,3.638804359440111,0.0,1.6879823594266814,0.0,0.1312808039429047,3.1385452746165265,0.0007040901235358125,-286.1812605042017,0.25353486104339346,0.0,1.0507217321571773,-0.4152443867660507,0.9894135997315543,0.0196078431372549,-0.42105263157894735,-0.32653061224489793,1.1187994042845686,0.1280443434613442,0.5366052068894271,Aerospace & Defense,Industrials,KTOS
2021Q1,2021,Q1,2021-05-05,2021-03-28,1900000.0,194200000.0,4900000.0,0.01,51000000.0,0.262615859938208,1565200000.0,929000000.0,768600000.0,210200000.0,621400000.0,85700000.0,-630500000.0,3404063000.0,3366063000.0,7.4858984689766315,3.6565176022835395,0.2208024533605929,0.3720129171151776,-0.00881695582998712,7.4858984689766315,0.002045209903121636,17.52864572605561,447.9030263157895,3.6642228202368137,0.0,1.6709451575262544,0.0,0.12407360081778686,3.083729781160799,0.0012139023766930743,270.1637301587302,0.262615859938208,-0.9838709677419355,1.0411031498863892,-0.390417805585839,0.9009780517725062,-0.06077348066298342,-0.9756722151088348,-0.45555555555555555,1.7216687422166874,0.1348021841172526,0.5147076511861007,Aerospace & Defense,Industrials,KTOS
2020Q4,2020,Q4,2021-02-25,2020-12-27,78100000.0,206400000.0,9000000.0,0.62,54300000.0,0.26308139534883723,1562800000.0,925300000.0,764800000.0,197600000.0,622700000.0,81200000.0,-632400000.0,3431120000.0,3398820000.0,7.5105519480519485,3.8704453441295548,0.22299718454056822,0.37663460499297524,0.18999145862840708,7.5105519480519485,0.08440505781908571,16.623643410852715,10.983098591549297,3.7081162866097483,0.0,1.8731527093596059,0.0,0.13207064243665217,3.304655870445344,0.04997440491425646,274.4896,0.26308139534883723,30.0,10.366294642857143,-0.4421876714834461,0.7461590091655002,-0.04903677758318739,31.541666666666668,-0.31297709923664124,3.955477799227799,-0.1424525029866276,0.519730452831626,Aerospace & Defense,Industrials,KTOS
2020Q3,2020,Q3,2020-10-29,2020-09-27,2400000.0,202000000.0,13100000.0,0.02,57100000.0,0.28267326732673265,1473200000.0,835300000.0,770800000.0,199700000.0,623000000.0,78300000.0,-710500000.0,2381985000.0,2352185000.0,6.785540211210398,3.85978968452679,0.23411620961172958,0.41290554291871184,0.00365902918629035,6.785540211210398,0.002873219202681671,11.79200495049505,248.1234375,2.8516521010415423,0.0,1.8505747126436782,0.0,0.137116481129514,3.2613920881321983,0.001629106706489275,1587.99,0.28267326732673265,3.0,-0.9791236965210584,-0.401264087349732,0.5541415856421332,0.24130434782608695,4.428571428571429,3.5172413793103448,1.4103300398617122,-0.24309235341513116,0.15452413821120703,Aerospace & Defense,Industrials,KTOS
2020Q2,2020,Q2,2020-08-04,2020-06-28,-700000.0,170400000.0,2900000.0,-0.01,46000000.0,0.2699530516431925,1419200000.0,824500000.0,745000000.0,170000000.0,579800000.0,66900000.0,-712900000.0,1677025500.0,1618325500.0,7.613111726685134,4.382352941176471,0.23851465614430664,0.4105518496058217,0.0006013603185136032,7.613111726685134,-0.0008489993935718618,9.841698943661973,-598.9376785714286,2.033990903577926,0.0,1.85949177877429,0.0,0.12006764374295378,3.784705882352941,-0.0004932356257046223,-762.2843181818182,0.2699530516431925,-4.359056806002144,0.9748353339489074,-0.427495447916397,1.2375728477021228,0.004366812227074236,-2.5,-0.3829787234042553,0.9097191195305753,-0.2662516762955769,0.899986961184244,Aerospace & Defense,Industrials,KTOS
2020Q1,2020,Q1,2020-05-07,2020-03-29,-200000.0,168900000.0,4700000.0,-0.001866,45800000.0,0.27116637063351096,1183300000.0,580200000.0,510300000.0,180100000.0,588100000.0,62700000.0,-712200000.0,1543680000.0,1725080000.0,5.412313432835821,2.833425874514159,0.2873320375221837,0.5860048259220958,-0.00081182851418109,5.412313432835821,-0.0003447087211306446,9.139609236234458,-1929.6000000000001,2.6605997931747676,0.0,1.963317384370016,0.0,0.1427364151102848,2.320377568017768,-0.00016901884560128455,-1403.3454545454545,0.27116637063351096,-1.0622,0.9933270762750664,-0.49668421590676753,0.49190483751455477,-0.05371900826446281,-1.0666666666666667,-0.4946236559139785,0.9855783582089552,-0.2741909122444986,0.19058573807116938,Aerospace & Defense,Industrials,KTOS
2019Q4,2019,Q4,2020-02-24,2019-12-29,3000000.0,185100000.0,9300000.0,0.03,48400000.0,0.2614802809292274,1186000000.0,574100000.0,522200000.0,182700000.0,596900000.0,61100000.0,-712000000.0,1912064000.0000002,2082064000.0000002,5.380506091846298,2.8582375478927204,0.28887015177065767,0.5967601463159729,0.007402208361673493,5.380506091846298,0.0052255704581083435,10.32989735278228,159.33866666666668,3.3305417174708243,0.0,2.237315875613748,0.0,0.156070826306914,2.3918992884510124,0.002529510961214165,-203.41106382978725,0.2614802809292274,0.4999999999999999,1.7386896140410668,-0.5473149967948787,0.3865058052105039,-0.00411522633744856,0.2,-0.19130434782608696,1.4282818595932956,-0.37601614404888917,0.2750475724165431,Aerospace & Defense,Industrials,KTOS
2019Q3,2019,Q3,2019-11-05,2019-09-29,2500000.0,184100000.0,11500000.0,0.02,48600000.0,0.26398696360673546,1178300000.0,566700000.0,515600000.0,181500000.0,596100000.0,68200000.0,-715000000.0,1980367499.9999998,2144567499.9999998,5.32112676056338,2.840771349862259,0.29296444029534074,0.6091406387859538,0.0057539613811046835,5.32112676056338,0.0044115052055761425,10.757020640956,198.03675,3.4945606140815246,0.0,1.9868035190615836,0.0,0.15624204362216754,2.3294765840220384,0.002121700755325469,682.8853448275861,0.26398696360673546,-0.5,1.1244777533703751,-0.5397728919193032,0.3314334491799279,0.010395010395010396,-0.358974358974359,0.2777777777777778,1.0601774488740352,-0.3676987357437653,0.577306070622658,Aerospace & Defense,Industrials,KTOS
2019Q2,2019,Q2,2019-07-31,2019-06-30,3900000.0,187900000.0,9000000.0,0.04,48100000.0,0.25598722724853645,1173600000.0,559500000.0,516000000.0,188900000.0,598700000.0,75400000.0,-717500000.0,2416958000.0,2585258000.0,5.273327049952875,2.7316040232927477,0.2935412406271302,0.6157283288650581,0.003227746481204583,5.273327049952875,0.006970509383378016,12.863001596593932,154.93320512820515,4.319853440571939,0.0,1.8541114058355437,0.0,0.16010565780504432,2.1868713605082055,0.0033231083844580778,-1150.932380952381,0.25598722724853645,0.3333333333333334,1.0422824914673834,-0.5566780510121162,0.2766299985967736,0.07126948775055679,0.25806451612903225,0.0975609756097561,1.2113572101790764,-0.37036829500359186,0.39780566306374954,Aerospace & Defense,Industrials,KTOS
2019Q1,2019,Q1,2019-05-08,2019-03-31,3100000.0,160400000.0,8200000.0,0.03,44900000.0,0.279925187032419,1168900000.0,552900000.0,517100000.0,195300000.0,601000000.0,69200000.0,-721400000.0,1657420000.0,1818020000.0,5.270734032411821,2.647721454173067,0.2900162545983403,0.6131307650569723,0.014726010775129835,5.270734032411821,0.005606800506420691,10.333042394014962,133.66290322580647,2.997684933984446,0.0,1.6690751445086704,0.0,0.1372230301993327,2.1387608806963647,0.0026520660449995724,134.74959349593496,0.279925187032419,-0.25000000000000006,1.113085478233238,-0.5613746987326166,0.06490719275057563,-0.013186813186813187,-0.3404255319148936,-0.24074074074074073,1.0793376789563633,-0.4043602061097715,0.3384565331561334,Aerospace & Defense,Industrials,KTOS
2018Q4,2018,Q4,2019-02-28,2018-12-30,4700000.0,164400000.0,10800000.0,0.04,45500000.0,0.2767639902676399,1010100000.0,519300000.0,494700000.0,164700000.0,490800000.0,46800000.0,-724500000.0,1463951000.0,1575451000.0,4.998075072184793,3.0036429872495445,0.2912582912582913,0.5665318698247641,0.012784265519360787,4.998075072184793,0.009050645099171962,8.904811435523115,77.86973404255319,2.8190853071442326,0.0,2.5405982905982905,0.0,0.16275616275616275,2.5506982392228292,0.004653004653004653,-443.62151515151515,0.2767639902676399,1.0,1.3490492417345161,-0.6166788420869093,-0.035192404929845586,0.031746031746031744,1.7647058823529411,0.06930693069306931,1.668358999037536,-0.4731640662066722,0.16202296131440314,Aerospace & Defense,Industrials,KTOS
2018Q3,2018,Q3,2018-11-06,2018-09-30,1700000.0,159400000.0,10100000.0,0.02,44100000.0,0.2766624843161857,1011900000.0,511900000.0,496600000.0,172100000.0,500000000.0,48600000.0,-729200000.0,1547071000.0,1653871000.0,4.9268527430221365,2.885531667635096,0.2905425437296176,0.5743309240085954,0.003655333581503081,4.9268527430221365,0.0033209611252197693,9.705589711417817,227.5104411764706,3.022213322914632,0.0,2.3724279835390947,0.0,0.15752544717857495,2.402091807088902,0.0016800079059195573,227.51044117647058,0.2766624843161857,1.2857142857142858,1.0943700722334024,-0.6130699537813269,-0.06753963663717609,0.12213740458015267,1.2207792207792207,2.8846153846153846,-0.9824800127164015,-0.4402233725759094,0.128432887571064,Aerospace & Defense,Industrials,KTOS
2018Q2,2018,Q2,2018-08-02,2018-07-01,-7700000.0,151200000.0,2600000.0,-0.07,39300000.0,0.25992063492063494,998600000.0,506500000.0,484800000.0,168000000.0,492100000.0,49000000.0,-730900000.0,1178032000.0,1289032000.0,4.884281581485053,2.8857142857142857,0.29421189665531744,0.5800592300098717,0.003336586617856142,4.884281581485053,-0.015202369200394866,7.7912169312169315,-38.2477922077922,2.3258282329713724,0.0,2.283673469387755,0.0,0.15141197676747448,2.4380952380952383,-0.007710795113158422,-95.00258064516129,0.25992063492063494,-2.5,0.5622187399549984,-0.6491252238600358,-0.10272529207382668,-0.03676470588235294,-2.5,-0.6285714285714286,0.7109096753455482,-0.46946890292810856,0.43554123985267773,Aerospace & Defense,Industrials,KTOS
2018Q1,2018,Q1,2018-05-10,2018-04-01,-2200000.0,143000000.0,7000000.0,-0.02,40800000.0,0.2853146853146853,1011200000.0,512500000.0,457100000.0,175000000.0,498700000.0,48200000.0,-723200000.0,1073295000.0,1239095000.0,4.942140790742527,2.612,0.2903481012658228,0.5728780487804878,0.0051313281681722315,4.942140790742527,-0.004292682926829269,7.50555944055944,-121.9653409090909,2.094234146341463,0.0,2.120331950207469,0.0,0.14141613924050633,1.924,-0.002175632911392405,-325.2409090909091,0.2853146853146853,0.9047619047619048,0.8834202469783075,-0.6912573392087692,-0.11367183537380535,-0.2804232804232804,0.9009009009009009,1.5303030303030303,0.9241204276138697,-0.5594827016816158,0.3623016931455759,Aerospace & Defense,Industrials,KTOS
2017Q4,2017,Q4,2018-02-28,2017-12-31,-22200000.0,202200000.0,-13200000.0,-0.21,56700000.0,0.28041543026706234,1024000000.0,511500000.0,471300000.0,188900000.0,512500000.0,50400000.0,-720800000.0,1096065000.0,1260765000.0,4.942028985507246,2.4949708840656433,0.28740234375,0.575366568914956,-0.010744163637160003,4.942028985507246,-0.04340175953079179,5.420697329376854,-12.343074324324325,2.142844574780059,0.0,2.886904761904762,0.0,0.1974609375,2.119640021175225,-0.0216796875,-61.92457627118644,0.28041543026706234,-3.1999999999999993,0.8646312399355878,-0.5790371885377493,-0.1338869287972491,0.1787941787941788,-4.162790697674419,-5.258064516129032,-4.635309617918313,-0.49020577747243765,0.27351437968042275,Aerospace & Defense,Industrials,KTOS
2017Q3,2017,Q3,2017-11-02,2017-10-01,-4300000.0,196200000.0,3100000.0,-0.05,48100000.0,0.24515800203873597,1142700000.0,531900000.0,567800000.0,198800000.0,610800000.0,62800000.0,-698500000.0,1206365000.0,1336865000.0,5.877348066298342,2.856136820925553,0.3235319856480266,0.6950554615529235,0.0036102484472049687,5.877348066298342,-0.008084226358338033,6.148649337410805,-70.1375,2.2680297048317355,0.0,2.3582802547770703,0.0,0.17169860855867683,2.4315895372233403,-0.003763017414894548,-103.10811965811966,0.24515800203873597,0.28571428571428575,0.3596948171533807,-0.5558946856947469,-0.193752058767605,0.014767932489451477,0.3064516129032258,0.19230769230769232,0.7480460236200517,-0.4228104776422506,0.47060916983568907,Aerospace & Defense,Industrials,KTOS
2017Q2,2017,Q2,2017-07-27,2017-06-25,-6200000.0,185700000.0,2600000.0,-0.07,47400000.0,0.2552504038772213,950000000.0,347000000.0,373800000.0,187100000.0,603000000.0,61500000.0,-694200000.0,993302000.0,1299502000.0,4.006928406466512,1.9978621058257615,0.38894736842105265,1.0648414985590777,0.005113239865507835,4.006928406466512,-0.017867435158501442,5.348960689283791,-40.0525,2.8625417867435163,0.0,2.2487804878048783,0.0,0.19547368421052633,1.5494388027792625,-0.006526315789473684,-97.38254901960784,0.2552504038772213,0.4615384615384615,0.8264273054406789,-0.5931799221210969,-0.5732083919549079,0.050997782705099776,0.38,0.5294117647058824,0.9176459153873567,-0.46321317313764454,-0.029954911298280016,Aerospace & Defense,Industrials,KTOS
2017Q1,2017,Q1,2017-05-04,2017-03-26,-10000000.0,167800000.0,1700000.0,-0.13,45100000.0,0.2687723480333731,961600000.0,351400000.0,387300000.0,196000000.0,610200000.0,64800000.0,-688000000.0,617627000.0,913527000.0,4.545924967658474,1.9760204081632653,0.38404742096505823,1.0509391007398976,0.002780035283157248,4.545924967658474,-0.028457598178713718,3.6807330154946363,-15.440675,1.7576180990324417,0.0,1.8935185185185186,0.0,0.17450083194675542,1.5372448979591837,-0.010399334442595673,-44.43359712230216,0.2687723480333731,-0.857142857142857,-0.4014661492022423,-0.6718613676705074,-0.5244848360189881,-0.032188841201716736,-1.3255813953488371,-0.6304347826086957,0.504959034066408,-0.3773022932259614,-0.0815343430355635,Aerospace & Defense,Industrials,KTOS
2016Q4,2016,Q4,2017-02-27,2016-12-25,-4300000.0,182100000.0,4600000.0,-0.07,46600000.0,0.2559033498077979,948600000.0,276400000.0,373100000.0,196500000.0,672200000.0,55400000.0,-678100000.0,491905000.0,854805000.0,4.219847328244275,1.8987277353689567,0.45540796963946867,1.5629522431259044,0.007936507936507938,4.219847328244275,-0.015557163531114327,2.7012904997254257,-28.59912790697674,1.7796852387843702,0.0,2.4458483754512637,0.0,0.19196710942441492,1.5424936386768449,-0.0045329959940965635,-63.06474358974359,0.2559033498077979,0.8205128205128205,0.7427480916030534,-0.5706180337389187,-0.5450772394055275,0.7992277992277992,0.8177966101694916,1.353846153846154,0.49343924076748497,-0.3264882581363942,-0.18541824731998618,Aerospace & Defense,Industrials,KTOS
2016Q3,2016,Q3,2016-11-02,2016-09-25,-23600000.0,165400000.0,-13000000.0,-0.39,25900000.0,0.156590084643289,875900000.0,204100000.0,310400000.0,187400000.0,671800000.0,58500000.0,-673800000.0,392645000.0,817145000.0,3.3735537190082643,1.656350053361793,0.5080488640255737,2.1803037726604604,-0.021789429238204466,3.3735537190082643,-0.11562959333659971,2.3739117291414753,-4.159375,1.9237873591376777,0.0,2.3846153846153846,0.0,0.18883434181984246,1.2193169690501602,-0.02694371503596301,186.97380952380954,0.156590084643289,-1.2941176470588234,-0.7412384716732543,-0.6009306333476949,-0.6864651341416581,-0.4269911504424779,-1.2692307692307692,-3.7083333333333335,-1.2498706068954002,-0.3104911952807873,-0.36151833823211177,Aerospace & Defense,Industrials,KTOS
2016Q2,2016,Q2,2016-08-04,2016-06-26,-10400000.0,168200000.0,4800000.0,-0.17,45200000.0,0.26872770511296074,874200000.0,225600000.0,302100000.0,167600000.0,648600000.0,49900000.0,-650200000.0,227240000.0,654340000.0,3.7725752508361206,1.8025059665871122,0.5086936627773965,1.9711879432624113,0.008677413976182744,3.7725752508361206,-0.04609929078014184,1.3510107015457788,-5.4624999999999995,1.0072695035460992,0.0,2.464929859719439,0.0,0.19240448409974834,1.363961813842482,-0.011896591169068863,-126.24444444444444,0.26872770511296074,0.5405405405405405,0.20401337792642144,-0.6087523383028173,-0.6044612732603539,0.2590529247910863,0.5315315315315315,1.4705882352941178,-0.02536231884057961,-0.32313209564762363,-0.3069530697912222,Aerospace & Defense,Industrials,KTOS
2016Q1,2016,Q1,2016-05-04,2016-03-27,-22200000.0,153000000.0,-10200000.0,-0.37,35900000.0,0.234640522875817,884400000.0,234700000.0,305300000.0,170300000.0,649700000.0,52600000.0,-639800000.0,278332000.0,702632000.0,3.9379194630872485,1.7927187316500293,0.5024875621890548,1.8934810396250532,-0.017926952655554555,3.9379194630872485,-0.0945888368129527,1.8191633986928104,-3.1343693693693693,1.185905411163187,0.0,2.226235741444867,0.0,0.17299864314789687,1.344098649442161,-0.025101763907734057,-19.880857142857142,0.234640522875817,-4.285714285714286,-1.2668264621284755,-0.5547269527577989,-0.6368931404166304,-0.14928909952606634,-4.55,-7.8,-1.0468495471427643,-0.4252426514314841,-0.29376983013074054,Aerospace & Defense,Industrials,KTOS
2015Q4,2015,Q4,2016-03-11,2015-12-27,-4000000.0,177500000.0,1500000.0,-0.07,42200000.0,0.23774647887323944,903300000.0,254200000.0,320400000.0,172400000.0,649100000.0,55600000.0,-617600000.0,236991000.0,653591000.0,4.301184433164129,1.8584686774941996,0.4927488099191852,1.7509834775767112,0.0020568513719198653,4.301184433164129,-0.015735641227380016,1.3351605633802817,-14.811937499999999,0.9323013375295043,0.0,2.433453237410072,0.0,0.19650171593047713,1.3915313225058004,-0.00442820768294033,-27.557093023255813,0.23774647887323944,-1.076086956521739,-4.1302876480541455,-0.5400446543629049,-0.5316544319391621,0.04455445544554455,-1.072595281306715,-0.0625,0.9572852039857116,-0.3528368111454313,-0.24619785312026382,Aerospace & Defense,Industrials,KTOS
2015Q3,2015,Q3,2015-11-06,2015-09-27,55100000.0,161700000.0,1600000.0,0.92,40400000.0,0.24984539270253556,921500000.0,257600000.0,310400000.0,187300000.0,663900000.0,54600000.0,-613600000.0,259600000.00000003,672300000.0,4.366101694915254,1.6572343833422316,0.48670645686380903,1.7410714285714286,-0.0008857874882517284,4.366101694915254,0.2138975155279503,1.6054421768707485,1.177858439201452,1.0077639751552796,0.0,2.2216117216117217,0.0,0.1754747693977211,1.2306460224239189,0.05979381443298969,-21.105691056910572,0.24984539270253556,4.68,3.698675847457628,-0.631985694293267,-0.5060137927748729,-0.012224938875305624,4.673333333333333,1.4324324324324325,13.58539144471348,-0.4385726642006662,-0.4010631218317902,Aerospace & Defense,Industrials,KTOS
2015Q2,2015,Q2,2015-08-06,2015-06-28,-15000000.0,160500000.0,-3700000.0,-0.25,40900000.0,0.25482866043613706,1102600000.0,198700000.0,353200000.0,215900000.0,903900000.0,49500000.0,-668700000.0,372592000.0,1013392000.0,3.4023972602739727,1.635942566002779,0.6013060039905678,3.3366884750880725,-0.00502000150181925,3.4023972602739727,-0.0754906894816306,2.321445482866044,-6.209866666666666,1.875148465022647,0.0,2.416161616161616,0.0,0.14556502811536368,1.0500231588698472,-0.013604208235080718,-31.049333333333333,0.25482866043613706,0.10714285714285723,-1.3840737421584945,-0.5562804970764276,-0.6040846824408468,-0.1279317697228145,0.07975460122699386,-1.4666666666666666,0.3772897419560369,-0.4786005646478118,-0.6375990657639217,Aerospace & Defense,Industrials,KTOS
2015Q1,2015,Q1,2015-05-07,2015-03-29,-16300000.0,182500000.0,-1500000.0,-0.28,46900000.0,0.256986301369863,1122600000.0,211500000.0,366200000.0,223000000.0,911100000.0,72100000.0,-653700000.0,318318000.0,946918000.0,3.62778730703259,1.642152466367713,0.5905932656333511,3.1347517730496453,-0.002007226013649137,3.62778730703259,-0.07706855791962175,1.744208219178082,-4.88217791411043,1.5050496453900708,0.0,1.8807212205270458,0.0,0.16256903616604312,1.2242152466367713,-0.014519864600035631,-60.06,0.256986301369863,-6.0,-23.227272727272727,-0.2755061532354109,-0.5429332949142774,-0.16548042704626334,-6.409090909090909,-1.1401869158878504,-2.028873642081189,-0.5268060153975028,-0.6205243402685575,Aerospace & Defense,Industrials,KTOS
2014Q4,2014,Q4,2015-03-13,2014-12-28,-2200000.0,221500000.0,10700000.0,-0.04,56200000.0,0.25372460496613997,1138800000.0,224300000.0,374900000.0,226100000.0,914500000.0,68000000.0,-637400000.0,295936000.0,925336000.0,3.8806228373702423,1.6581158779301195,0.5831577098700387,2.960766830138208,0.033117613956105796,3.8806228373702423,-0.00980829246544806,1.3360541760722349,-33.62909090909091,1.3193758359340169,0.0,2.4308823529411763,0.0,0.19450298559887602,1.256965944272446,-0.001931858096241658,14.296425120772946,0.25372460496613997,0.7894736842105263,-2.532006920415225,-0.17954658396525064,-0.49977559902593355,0.06037735849056604,0.7981651376146789,7.916666666666667,0.850848957914219,-0.408137196756095,-0.581647506016068,Aerospace & Defense,Industrials,KTOS
2014Q3,2014,Q3,2014-11-07,2014-09-28,-10900000.0,217100000.0,1200000.0,-0.19,53000000.0,0.24412713035467526,1145900000.0,231000000.0,376700000.0,227200000.0,914900000.0,80400000.0,-635200000.0,398242000.0,1044942000.0,3.9965397923875434,1.6580105633802817,0.5784972510690287,2.8696969696969696,0.001318672180273971,3.9965397923875434,-0.047186147186147186,1.83437125748503,-9.133990825688073,1.7239913419913417,0.0,2.041044776119403,0.0,0.1894580678942316,1.1941021126760563,-0.009512173837158565,-36.20381818181818,0.24412713035467526,0.7816091954022988,-1.9708445469691145,-0.39362172415594643,-0.551277034618846,-0.06028368794326241,0.781563126252505,-0.7446808510638298,0.15821673938117442,-0.45172272421653353,-0.6285654025179954,Aerospace & Defense,Industrials,KTOS
2014Q2,2014,Q2,2014-08-07,2014-06-29,-49900000.0,229300000.0,4700000.0,-0.87,56400000.0,0.2459659834278238,1172100000.0,237100000.0,398500000.0,246900000.0,935000000.0,78500000.0,-624300000.0,447720000.0,1083720000.0,4.130662020905923,1.6140137707573916,0.5655660779796946,2.7958667229017293,0.005395573997233749,4.130662020905923,-0.21045972163644033,1.9525512429132141,-2.2430861723446895,1.8883171657528468,0.0,2.202547770700637,0.0,0.19563177203310297,1.1859052247873634,-0.042573159286750276,-28.158490566037734,0.2459659834278238,-2.346153846153846,-3.551853658536585,-0.42283018359984925,-0.4745348313541445,0.07224334600760456,-2.3266666666666667,0.42424242424242425,-2.9788930581613506,-0.44432723696027143,-0.5669173740195552,Aerospace & Defense,Industrials,KTOS
2014Q1,2014,Q1,2014-04-30,2014-03-30,-15000000.0,200100000.0,3300000.0,-0.26,52600000.0,0.26286856571714146,1196400000.0,284100000.0,413300000.0,244100000.0,912300000.0,81100000.0,-574500000.0,432796000.0,1021196000.0,4.949477351916376,1.693158541581319,0.5366098294884654,2.2597676874340022,0.00421377923807467,4.949477351916376,-0.05279831045406547,2.1628985507246377,-7.213266666666666,1.5233931714185147,0.0,1.8187422934648583,0.0,0.16725175526579739,1.2355591970503892,-0.012537612838515547,-227.78736842105263,0.26286856571714146,-1.0,0.9202992708583347,-0.4664952884842998,-0.39532550714932196,-0.14471544715447154,-1.027027027027027,-0.3888888888888889,-0.5903434544549527,-0.39533276963760794,-0.5436196207973212,Aerospace & Defense,Industrials,KTOS
2013Q4,2013,Q4,2014-03-12,2013-12-29,-7400000.0,235700000.0,5400000.0,-0.13,61500000.0,0.26092490453966904,1216600000.0,295800000.0,430300000.0,251000000.0,920800000.0,74600000.0,-559400000.0,438528000.0,1027528000.0,5.1803852889667255,1.7143426294820716,0.5299194476409667,2.1795131845841786,0.004040855368611468,5.1803852889667255,-0.025016903313049357,1.8605345778532032,-14.815135135135137,1.4825152129817443,0.0,2.3351206434316354,0.0,0.1937366431037317,1.2892430278884461,-0.006082525069866842,81.2088888888889,0.26092490453966904,0.23529411764705885,0.9874887951027023,-0.41892209329639984,-0.6261941180187387,0.17590822179732313,0.25252525252525254,-0.11475409836065574,-6.9938704028021,-0.3678381716751139,-0.4359203775992677,Aerospace & Defense,Industrials,KTOS
2013Q3,2013,Q3,2013-11-07,2013-09-29,-9900000.0,226400000.0,6100000.0,-0.17,52300000.0,0.2310070671378092,1224700000.0,301700000.0,429300000.0,256200000.0,923000000.0,83400000.0,-552000000.0,472787999.99999994,1067588000.0,5.283712784588442,1.6756440281030445,0.526332979505185,2.1365594961882666,0.006584785792770712,5.283712784588442,-0.03281405369572423,2.088286219081272,-11.93909090909091,1.567079880676168,0.0,2.0875299760191846,0.0,0.18486159875887972,1.2443403590944575,-0.008083612313219564,-181.84153846153845,0.2310070671378092,0.0,-8.111120840630473,-0.4886886637370666,-0.7475826301544339,-0.13410596026490065,-0.03125,-0.3146067415730337,-1.8723183012259195,-0.4675890153645259,-0.4021941262693331,Aerospace & Defense,Industrials,KTOS
2013Q2,2013,Q2,2013-08-08,2013-06-30,-9600000.0,235200000.0,8900000.0,-0.17,60400000.0,0.2568027210884354,1222300000.0,308100000.0,417800000.0,238600000.0,914200000.0,85300000.0,-542100000.0,377522000.0,973722000.0,5.443462897526501,1.7510477787091365,0.5284300089994273,2.0963972736124634,0.009199569065921268,5.443462897526501,-0.0311587147030185,1.6051105442176872,-9.831302083333332,1.225322947095099,0.0,2.049237983587339,0.0,0.1924241184651886,1.2711651299245599,-0.00785404565164035,-3775.22,0.2568027210884354,0.055555555555555455,-2.7151943462897528,-0.5350233860680615,-0.799464413292398,-0.0806697108066971,0.06796116504854369,-0.22608695652173913,-1.2536243849278426,-0.3290854439068221,-0.36657886283327984,Aerospace & Defense,Industrials,KTOS
2013Q1,2013,Q1,2013-05-09,2013-03-31,-10300000.0,252800000.0,11500000.0,-0.18,65700000.0,0.2598892405063291,1270600000.0,315600000.0,455100000.0,275600000.0,955000000.0,88200000.0,-532500000.0,281868000.0,877468000.0,5.575971731448763,1.6513062409288823,0.5093656540217221,2.0506970849176174,0.01813768483897275,5.575971731448763,-0.03263624841571609,1.1149841772151898,-6.841456310679613,0.8931178707224335,0.0,2.121315192743764,0.0,0.1989611207303636,1.2097242380261248,-0.008106406422162758,140.934,0.2598892405063291,0.8864002120529375,0.24335131114004097,-0.48262748308342746,-0.7365420055116911,-0.033823529411764704,0.8855555555555555,1.1432129514321294,-15.467314487632507,0.03371549369666848,-0.2974805821708769,Aerospace & Defense,Industrials,KTOS
2012Q4,2012,Q4,2013-03-12,2012-12-30,-90000000.0,263600000.0,-80300000.0,-1.58451,68000000.0,0.25796661608497723,1284000000.0,324100000.0,455400000.0,279000000.0,959900000.0,94300000.0,-522200000.0,285704000.0,887004000.0,5.705985915492958,1.632258064516129,0.5064641744548286,2.0064794816414686,-0.0777263698322663,5.705985915492958,-0.27769207034865784,1.083854324734446,-0.7936222222222222,0.881530391854366,0.0,2.0742311770943798,0.0,0.20529595015576324,1.1634408602150537,-0.07009345794392523,24.21220338983051,0.25796661608497723,-21.63585714285714,-0.08848744641763634,-0.256335171271034,-0.7303989908349618,-0.08232118758434548,-20.428571428571427,-6.695035460992908,-64.77640845070424,-0.006414818699430652,-0.2644805985633577,Aerospace & Defense,Industrials,KTOS
2012Q3,2012,Q3,2012-11-08,2012-09-30,-4200000.0,276300000.0,14100000.0,-0.07,74100000.0,0.2681867535287731,1372900000.0,412600000.0,456600000.0,274100000.0,960300000.0,99900000.0,-432200000.0,335638000.0,947738000.0,7.289752650176679,1.665815395840934,0.47323184499963583,1.5746485700436257,0.018839219830374142,7.289752650176679,-0.010179350460494426,1.2147593195801665,-19.97845238095238,0.8134706737760542,0.0,2.024024024024024,0.0,0.20125282249253404,1.163808828894564,-0.0030592177143273364,21.794675324675325,0.2681867535287731,0.8292682926829268,0.9589657718474763,-0.23846643109540638,-0.6598421464873476,0.28422876949740034,0.7558139534883721,0.9054054054054054,-1.38201806046329,-0.21190948153802583,-0.18152211762959744,Aerospace & Defense,Industrials,KTOS
2012Q2,2012,Q2,2012-08-02,2012-06-24,-17200000.0,219800000.0,7400000.0,-0.41,57700000.0,0.2625113739763421,1299300000.0,391500000.0,521100000.0,222900000.0,907800000.0,86400000.0,-428000000.0,225180000.0,730480000.0,9.388489208633093,2.3378196500672948,0.5010390210113138,1.6628352490421456,0.012742769639709918,9.388489208633093,-0.043933588761174966,1.024476797088262,-3.27296511627907,0.5751724137931036,0.0,1.8761574074074074,0.0,0.16916801354575542,1.8057424854194706,-0.013237897329331179,-13.245882352941177,0.2625113739763421,-3.5555555555555554,-1.7257508279091012,-0.18509276260999571,-0.5961528797916266,-0.0034542314335060447,-4.733333333333333,-0.0975609756097561,-1.1596930455635492,-0.23844182931800253,0.19431801497577436,Aerospace & Defense,Industrials,KTOS
2012Q1,2012,Q1,2012-05-03,2012-03-25,-3000000.0,215000000.0,8200000.0,-0.09,57900000.0,0.26930232558139533,1237400000.0,310700000.0,448600000.0,238800000.0,926700000.0,87400000.0,-410800000.0,191750000.0,769250000.0,9.56,1.8785594639865997,0.5271537093906579,2.0994528484068233,0.003682186859756953,9.56,-0.00965561635017702,0.891860465116279,-15.979166666666666,0.6171548117154811,0.0,1.797482837528604,0.0,0.17375141425569743,1.4003350083752093,-0.002424438338451592,7.154850746268656,0.26930232558139533,0.6473216035111093,0.9660619977037888,-0.0022919937205651587,-0.5769556886227545,-0.02195945945945946,0.6511627906976745,0.012345679012345678,0.9718472501370363,0.012414046025488207,0.16793910561370123,Aerospace & Defense,Industrials,KTOS
2011Q4,2011,Q4,2012-03-07,2011-12-25,-8600000.0,218200000.0,8100000.0,-0.25519,59200000.0,0.27131072410632445,1216400000.0,312600000.0,421000000.0,213800000.0,903800000.0,80600000.0,-407800000.0,208603000.0,794703000.0,9.275964391691394,1.9691300280636108,0.5392140743176587,2.098208573256558,0.008970921839554545,9.275964391691394,-0.027511196417146513,0.9560174152153987,-6.064040697674419,0.6673160588611645,0.0,1.9727047146401986,0.0,0.17938178230845117,1.5121608980355472,-0.007070042749095692,-16.822822580645163,0.27131072410632445,-0.15995454545454532,0.9660813782208655,-0.3481116438522303,-0.6336217164372024,-0.016611295681063124,-0.2463768115942029,-0.19,0.975363893348035,-0.08854394489302919,-0.3306656055008252,Aerospace & Defense,Industrials,KTOS
2011Q3,2011,Q3,2011-11-04,2011-09-25,-6900000.0,211000000.0,10000000.0,-0.22,60200000.0,0.2853080568720379,1241400000.0,331400000.0,454400000.0,216500000.0,910000000.0,79800000.0,-399200000.0,239932000.0,785432000.0,10.75974025974026,2.0988452655889147,0.5275495408409859,1.9761617380808691,0.013199703867513232,10.75974025974026,-0.020820760410380206,1.1371184834123222,-8.693188405797102,0.723995171997586,0.0,1.8897243107769424,0.0,0.16996938939906558,1.6540415704387992,-0.0055582406959884005,13.5554802259887,0.2853080568720379,0.0,-0.8395021645021643,-0.39945078646146265,-0.6577077894124816,0.32599118942731276,-0.3269230769230769,0.14942528735632185,-10.772564935064935,-0.11656043343159915,-0.4859778630460448,Aerospace & Defense,Industrials,KTOS
2011Q2,2011,Q2,2011-08-04,2011-06-26,-5200000.0,171100000.0,8700000.0,-0.22,45400000.0,0.2653419053185272,912400000.0,227000000.0,347900000.0,123800000.0,685400000.0,64000000.0,-392300000.0,279174000.0,695074000.0,9.53781512605042,2.8101777059773827,0.5658702323542306,2.2744493392070484,0.014098675439991194,9.53781512605042,-0.02290748898678414,1.6316423144360024,-13.421826923076923,1.22984140969163,0.0,1.9640625,0.0,0.18752740026304252,2.126817447495961,-0.005699254712845244,-40.46,0.2653419053185272,-0.29411764705882343,-1.691036414565826,-0.3836743746222387,-0.6965800525978794,0.656934306569343,-0.4857142857142857,5.214285714285714,-3.209453781512605,-0.1955792275416391,-0.6486296704474139,Aerospace & Defense,Industrials,KTOS
2011Q1,2011,Q1,2011-05-06,2011-03-27,-3500000.0,122800000.0,1400000.0,-0.17,27400000.0,0.22312703583061888,983400000.0,231000000.0,413700000.0,171100000.0,735500000.0,72400000.0,-387100000.0,293940000.0,764940000.0,10.845070422535212,2.417884278199883,0.5252186292454749,2.235930735930736,0.0014234113712374582,10.845070422535212,-0.015151515151515152,2.3936482084690556,-20.995714285714286,1.2724675324675325,0.0,1.3176795580110496,0.0,0.12487288997356112,1.211572180011689,-0.003559080740288794,-91.85625,0.22312703583061888,-8.86308973172988,-0.4850352112676058,-0.5031845422954893,-0.6620264691597862,0.04182509505703422,-9.75,-0.7878787878787878,0.316777860143316,-0.33217683422135946,-0.487583395107487,Aerospace & Defense,Industrials,KTOS
2010Q4,2010,Q4,2011-03-02,2010-12-26,400000.0,120800000.0,6600000.0,0.02162,26300000.0,0.21771523178807947,536100000.0,169900000.0,184200000.0,118400000.0,366200000.0,25900000.0,-383600000.0,239020000.0,454920000.0,9.183783783783785,1.5557432432432432,0.42286886774855437,1.3343143025309006,0.024855636454933466,9.183783783783785,0.002354326074161271,1.9786423841059602,149.3875,1.4068275456150676,0.0,3.6486486486486487,0.0,0.22533109494497294,1.1765202702702702,0.0007461294534601753,183.86153846153846,0.21771523178807947,-0.8862105263157894,1.0156592956592956,-0.13937201907790148,-0.7140784640480689,0.01937984496124031,-0.875,-0.21428571428571427,1.0148531139835488,0.046346143303546875,-0.5660772016035174,Aerospace & Defense,Industrials,KTOS
2010Q3,2010,Q3,2010-11-05,2010-09-26,3200000.0,119900000.0,8400000.0,0.19,25800000.0,0.2151793160967473,484900000.0,142300000.0,195600000.0,103100000.0,342600000.0,25700000.0,-384000000.0,172431000.0,346131000.0,8.838509316770187,1.8971871968962173,0.464013198597649,1.5811665495432186,0.03430438333787095,8.838509316770187,0.022487702037947997,1.4381234361968307,13.471171875000001,1.211742796907941,0.0,3.6614785992217898,0.0,0.2472674778304805,1.4180407371483996,0.006599298824499897,9.270483870967741,0.2151793160967473,-0.7076923076923077,-0.7542942814307132,-0.5096743835874271,-0.7324942515777026,0.205607476635514,-0.7009345794392523,0.8666666666666667,1.1099100769444703,0.16176397515527943,-0.5875733372968067,Aerospace & Defense,Industrials,KTOS
2010Q2,2010,Q2,2010-08-06,2010-06-27,10700000.0,99100000.0,4500000.0,0.65,21400000.0,0.21594349142280525,473100000.0,137500000.0,186000000.0,101500000.0,335600000.0,23900000.0,-387200000.0,175200000.0,357800000.0,8.59375,1.832512315270936,0.4777002747833439,1.6436363636363636,-0.22902338376891335,8.59375,0.07781818181818181,1.7679112008072655,4.093457943925234,1.274181818181818,0.0,3.2510460251046025,0.0,0.2094694567744663,1.361576354679803,0.022616782921158318,24.333333333333332,0.21594349142280525,31.5,0.10888081395348823,-0.6014310694945848,-0.7342869145706852,0.296969696969697,52.5,0.25,0.17668154761904747,-0.042430700836820184,-0.6303386932479628,Aerospace & Defense,Industrials,KTOS
2010Q1,2010,Q1,2010-04-29,2010-03-28,200000.0,68700000.0,3600000.0,0.02,16500000.0,0.24017467248908297,255900000.0,126200000.0,113500000.0,78000000.0,129700000.0,0.0,-397900000.0,228483000.0,276683000.0,7.937106918238993,1.455128205128205,0.21297381789761627,0.4318541996830428,0.07969009407858328,7.937106918238993,0.001584786053882726,3.325807860262009,285.60375,1.8104833597464343,0.0,0.0,0.0,0.268464243845252,1.2897435897435898,0.0007815552950371239,-207.7118181818182,0.24017467248908297,-0.19484702093397746,-0.9744115004492363,-0.6960101424416436,-0.7484993268452976,-0.029411764705882353,-0.5,0.058823529411764705,1.0046246753653119,-0.34835964574509043,-0.6487711369713404,Aerospace & Defense,Industrials,KTOS
2009Q4,2009,Q4,2010-03-11,2009-12-27,400000.0,75200000.0,3400000.0,0.02484,17000000.0,0.22606382978723405,241600000.0,124900000.0,98800000.0,61700000.0,116700000.0,0.0,-398100000.0,165830000.0,212230000.0,7.75776397515528,1.6012965964343597,0.23302980132450332,0.45076060848678945,0.009335529928610654,7.75776397515528,0.0032025620496397116,2.205186170212766,103.64375000000001,1.3277021617293836,0.0,0.0,0.0,0.31125827814569534,1.4505672609400324,0.0016556291390728477,78.96666666666667,0.22606382978723405,-0.8692631578947368,-0.9861951512722901,-0.6826246217550566,-0.7578115369786141,-0.03954802259887006,-0.8518518518518519,-0.24444444444444444,1.0033022029581304,-0.5297375057119164,-0.6935869814195751,Aerospace & Defense,Industrials,KTOS
2009Q3,2009,Q3,2009-11-03,2009-09-27,2700000.0,86100000.0,4500000.0,0.19,17700000.0,0.20557491289198607,245800000.0,123800000.0,99900000.0,66900000.0,122000000.0,0.0,-398500000.0,120096000.00000001,166696000.0,8.906474820143885,1.493273542600897,0.2339300244100895,0.46445880452342486,0.02589990167629919,8.906474820143885,0.021809369951534735,1.3948432055749131,11.12,0.9700807754442651,0.0,0.0,0.0,0.35028478437754274,1.3796711509715993,0.010984540276647681,13.19736263736264,0.20557491289198607,1.95,1.0898218338081214,-0.5545057899400729,-0.7022532192586542,0.017241379310344827,2.08,0.18421052631578946,2.5949640287769786,-0.4569932665966871,-0.7166644471766539,Aerospace & Defense,Industrials,KTOS
2009Q2,2009,Q2,2009-08-06,2009-06-28,-2500000.0,90600000.0,3800000.0,-0.2,17400000.0,0.19205298013245034,249800000.0,102900000.0,101700000.0,70000000.0,146900000.0,0.0,-401200000.0,103411000.0,175611000.0,7.86096256684492,1.4528571428571428,0.3050440352281825,0.7405247813411079,0.01060859854829704,7.86096256684492,-0.024295432458697766,1.1414017660044151,-10.3411,1.004965986394558,0.0,0.0,0.0,0.36269015212169736,1.3471428571428572,-0.010008006405124099,19.88673076923077,0.19205298013245034,0.9393939393939393,-1.7673122725025838,-0.539702293239151,-0.7556195979446937,0.017543859649122806,0.9406175771971497,1.095959595959596,-1.3523045581869109,-0.4066298107515523,-0.7499246088291693,Aerospace & Defense,Industrials,KTOS
2009Q1,2009,Q1,2009-05-12,2009-03-29,-42100000.0,83900000.0,-39600000.0,-3.3,17100000.0,0.20381406436233612,256600000.0,105100000.0,105700000.0,67900000.0,151500000.0,0.0,-398700000.0,98868000.0,176168000.0,8.185358255451714,1.556701030927835,0.313717848791894,0.7659372026641293,-0.2148824637562454,8.185358255451714,-0.4005708848715509,1.1784028605482717,-0.587102137767221,0.9407040913415794,0.0,0.0,0.0,0.3269680436477007,1.4167893961708395,-0.16406858924395948,16.478,0.20381406436233612,0.6814207476186201,-4.567796610169491,-0.571938775510204,-0.7917987321711569,0.062111801242236024,0.6165755919854281,0.6094674556213018,-28.632301401869157,-0.4369158878504673,-0.7449131888495004,Aerospace & Defense,Industrials,KTOS
2008Q4,2008,Q4,2009-03-10,2008-12-28,-109800000.0,75300000.0,-101400000.0,-10.35849,16100000.0,0.21381142098273573,312400000.0,146900000.0,116200000.0,81200000.0,165500000.0,0.0,-356600000.0,127200000.0,207000000.0,13.858490566037736,1.4310344827586208,0.26568501920614596,0.5650102110279102,-0.43065387891783924,13.858490566037736,-0.7474472430224642,1.6892430278884463,-0.2896174863387978,0.8658951667801226,0.0,0.0,0.0,0.2410371318822023,1.2857142857142858,-0.35147247119078107,636.0,0.21381142098273573,-543.3386495,-10.719077568134171,-0.34874934565400456,-0.5647746764384843,-0.1005586592178771,-548.0,-34.8,-6.502058319039452,-0.06371219478357386,-0.5685393948828026,Aerospace & Defense,Industrials,KTOS
2008Q3,2008,Q3,2008-11-06,2008-09-28,-200000.0,81500000.0,3000000.0,-0.019029495718363463,17900000.0,0.2196319018404908,382800000.0,220000000.0,109300000.0,77100000.0,162800000.0,0.0,-246800000.0,214403999.99999997,294604000.0,20.93244529019981,1.4176394293125811,0.21603970741901776,0.3759090909090909,-0.03964321110009911,20.93244529019981,-0.0009090909090909091,2.6307239263803677,-268.005,0.9745636363636363,0.0,0.0,0.0,0.21290491118077326,1.2088197146562905,-0.0005224660397074191,-21.440399999999997,0.2196319018404908,-1.1902949571836345,-1.0155119222673932,-0.3918467210181612,-0.4904228250621043,0.3875968992248062,-1.25,0.034482758620689655,-1.0235243938449423,-0.489440726790437,-0.3664599715882962,Aerospace & Defense,Industrials,KTOS
2008Q2,2008,Q2,2008-08-07,2008-06-29,800000.0,72300000.0,2900000.0,0.1,12900000.0,0.17842323651452283,401200000.0,219600000.0,126000000.0,95500000.0,181600000.0,0.0,-246600000.0,158564000.0,224164000.0,27.144622991347344,1.3193717277486912,0.20687936191425724,0.377959927140255,0.007453917896746713,27.144622991347344,0.0036429872495446266,2.19313969571231,49.55125,0.7220582877959927,0.0,0.0,0.0,0.18020937188434696,1.1235602094240837,0.0019940179461615153,99.1025,0.17842323651452283,1.3333333333333335,-0.8947259991759374,-0.19598835286129632,-0.33055490595663645,0.023809523809523808,1.4210526315789473,3.142857142857143,-0.8360307011239831,-0.4249050617377606,-0.16070614948696207,Aerospace & Defense,Industrials,KTOS
2008Q1,2008,Q1,2008-05-08,2008-03-30,-1900000.0,68200000.0,700000.0,-0.3,12600000.0,0.18475073313782991,334100000.0,167200000.0,104700000.0,80200000.0,166900000.0,0.0,-245500000.0,144570000.0,212370000.0,21.164556962025316,1.3054862842892767,0.23585752768632146,0.47129186602870815,0.003539644012944984,21.164556962025316,-0.011363636363636364,2.1197947214076245,-19.022368421052633,0.864653110047847,0.0,0.0,0.0,0.2041304998503442,1.1346633416458853,-0.005686920083807243,96.38,0.18475073313782991,0.7939130434782609,-1.2964240506329114,-0.21038491345905452,-0.4479298104614561,0.46511627906976744,0.8347826086956521,1.1521739130434783,-1.489258589511754,-0.3926252063841497,-0.3293651732549166,Aerospace & Defense,Industrials,KTOS
2007Q4,2007,Q4,2008-03-27,2007-12-31,-11500000.0,49300000.0,-4600000.0,-1.4556962025316456,8600000.0,0.1744421906693712,335300000.0,167200000.0,106900000.0,83500000.0,168100000.0,0.0,-245500000.0,185650000.0,253750000.0,21.164556962025316,1.280239520958084,0.2287503728004772,0.45873205741626794,-0.019750861383514444,21.164556962025316,-0.0687799043062201,3.765720081135903,-4.035869565217391,1.1103468899521531,0.0,0.0,0.0,0.14703250820161048,1.0682634730538922,-0.03429764390098419,-92.825,0.1744421906693712,0.19127988748241914,-3.2586770110249077,-0.4114345991561181,-0.44340339536718554,0.04878048780487805,0.1417910447761194,0.4523809523809524,-1.8088505512454063,-0.5759655955858488,-0.3392668895860697,Aerospace & Defense,Industrials,KTOS
2007Q3,2007,Q3,2007-10-05,2007-09-30,-13400000.0,47500000.0,-8400000.0,-1.8,8200000.0,0.1726315789473684,231500000.0,158800000.0,69400000.0,66500000.0,72700000.0,0.0,-234000000.0,206739000.0,201539000.0,21.430499325236166,1.043609022556391,0.004319654427645789,0.006297229219143577,-0.05509899422470859,21.430499325236166,-0.08438287153652393,4.3524,-3.857070895522388,1.3018828715365238,0.0,0.0,0.0,0.20518358531317496,0.8766917293233083,-0.057883369330453564,-45.942,0.1726315789473684,-4.0,-4.479298245614035,-0.372029871011541,0.0,0.09333333333333334,-4.190476190476191,-0.012048192771084338,0.16378193806664318,-0.5389700765483646,-0.2835704010146668,Aerospace & Defense,Industrials,KTOS
2007Q2,2007,Q2,2007-09-11,2007-06-30,4200000.0,47800000.0,-8300000.0,0.6,7500000.0,0.15690376569037656,293700000.0,171800000.0,126000000.0,115200000.0,121900000.0,0.0,-220600000.0,124151992.61,152051992.61,23.247631935047362,1.09375,0.13687436159346272,0.2339930151338766,-0.04060097833682739,23.247631935047362,0.024447031431897557,2.597322021129707,7.389999560119047,0.7226542061117578,0.0,0.0,0.0,0.1627511065713313,0.7196180555555556,0.014300306435137897,25.86499846041667,0.15690376569037656,1.2222222222222223,0.23225488990035684,-0.3407411262621005,0.0,0.0273972602739726,1.208955223880597,-1.5151515151515151,1.2833718060972699,-0.5698363403267396,-0.2772811737989372,Aerospace & Defense,Industrials,KTOS
2007Q1,2007,Q1,2007-10-05,2007-03-31,-20100000.0,49000000.0,-3300000.0,-2.7,7300000.0,0.1489795918367347,306300000.0,167000000.0,122900000.0,132500000.0,139300000.0,0.0,-224900000.0,96070000.0,139370000.0,22.59810554803789,0.9275471698113208,0.16748285994123407,0.307185628742515,-0.016196583993194163,22.59810554803789,-0.12035928143712575,1.9606122448979593,-1.1949004975124378,0.5752694610778443,0.0,0.0,0.0,0.15997388181521385,0.48603773584905663,-0.06562193927522038,-960.7,0.1489795918367347,0.6411330935251799,0.8205706003249896,-0.21788897175194635,0.0,-0.13095238095238096,0.6384892086330936,0.886986301369863,-3.9596110180959148,-0.5656292286874154,-0.42519874160696025,Aerospace & Defense,Industrials,KTOS
