Quarters,Year,Quarter,FillingDate,Date,NetIncome,Revenue,OperatingIncome,EPSDiluted,GrossProfit,GrossProfitRatio,TotalAssets,CommonStockEquity,CurrentAssets,CurrentLiability,TotalLiability,Inventory,RetainedEarnings,MarketCap,EnterpriseValue,bookValuePerShare,currentRatio,debtToAssets,debtToEquity,roic,shareholdersEquityPerShare,roe,priceToSalesRatio,peRatio,pbRatio,payoutRatio,inventoryTurnover,dividendYield,assetTurnover,quickRatio,returnOnAssets,priceToFreeCashFlowsRatio,grossProfitMargin,epsdilutedGrowth,fiveYNetIncomeGrowthPerShare,fiveYRevenueGrowthPerShare,fiveYShareholdersEquityGrowthPerShare,grossProfitGrowth,netIncomeGrowth,operatingIncomeGrowth,threeYNetIncomeGrowthPerShare,threeYRevenueGrowthPerShare,threeYShareholdersEquityGrowthPerShare,Industry,Sector,Symbol
2023Q1,2023,Q1,2023-05-10,2023-03-31,40536000.0,130476000.0,90222000.0,0.54,118316000.0,0.9068027837,13778911000.0,1640080000.0,2107456000.0,0.0,1595362000.0,0.0,940533000.0,1431697544.48,2793206544.48,21.971633967861035,0.0,0.11578288008391954,0.9727342568655187,0.02055587664524492,21.971633967861035,0.024715867518657626,10.97288041080352,8.829790460824947,0.8729437249890248,0.4587033747779751,0.0,0.012987379961424352,0.009469253411971381,0.0,0.002941887062047211,24.919456677284042,0.9068027836536988,-0.1818181818181818,0.26008179177747176,0.3075471215448972,0.09057822301473861,-0.10587488475431887,-0.17330831667822327,-0.0017813084318953785,1.3417562857670502,0.2643629865374425,0.0014722305923295553,Banks—Regional,Financial Services,PFS
2022Q4,2022,Q4,2023-03-01,2022-12-31,49034000.0,132326000.0,90383000.0,0.66,132326000.0,1.0,13783436000.0,1597703000.0,2041959000.0,0.0,12185733000.0,0.0,918158000.0,1588776728.8799999,2750131728.88,21.480007517517965,0.0,0.09778860655644935,0.8436255048654224,0.022366951774064038,21.480007517517965,0.03069030977597213,12.006534837295769,8.100383044826039,0.9944130597989739,0.350960557980177,0.0,0.01083160376608197,0.00960036379898307,0.0,0.0035574583870088706,38.83780015840422,1.0,0.13793103448275876,1.1842743172835377,0.34792640133275904,0.0677410490116304,0.05236955328810809,0.129269247599088,0.16743735468871093,0.632352635179675,0.26168052669034286,-0.02373763880889789,Banks—Regional,Financial Services,PFS
2022Q3,2022,Q3,2022-11-09,2022-09-30,43421000.0,137934000.0,77420000.0,0.58,125741000.0,0.9116026505,13603846000.0,1550985000.0,229988000.0,0.0,12052861000.0,0.0,886332000.0,1448796121.5,2337972121.5,20.875406174256522,0.0,0.07895149651061913,0.692491545695155,0.021315887328311363,20.875406174256522,0.02799575753472793,10.503546054634825,8.341563537804289,0.9341135610595847,0.4160889891987748,0.0,0.012470353648720752,0.010139338537057828,0.0,0.003191817960891354,26.76957413018976,0.9116026505430134,0.0943396226415093,0.4174520233747253,0.4024324234630096,0.03487669964693361,0.13709407583581265,0.10688793718772306,0.18343014368694588,0.20074711246664184,0.3078620854685485,-0.03657068863321644,Banks—Regional,Financial Services,PFS
2022Q2,2022,Q2,2022-08-09,2022-06-30,39228000.0,120407000.0,65420000.0,0.53,110581000.0,0.9183934489,13715901000.0,1585265000.0,229988000.0,0.0,12130636000.0,0.0,860977000.0,1654555348.3200002,2389914348.32,21.327783888179187,0.0,0.07384793751427632,0.6389411234083892,0.018439976934566473,21.327783888179187,0.024745389572090472,13.741355139817454,10.54447937901499,1.0437090002744023,0.46035994697664934,0.0,0.010914714952471502,0.008778643123772911,0.0,0.00286003814113269,30.88124506924484,0.9183934488858622,-0.08620689655172403,0.3930069884276281,0.2429928996458761,0.06934068756235581,-0.03569248478294993,-0.10768390883035349,-0.07665382281125178,0.40386973192063,0.1376988763449557,-0.005439116424069652,Banks—Regional,Financial Services,PFS
2022Q1,2022,Q1,2022-05-10,2022-03-31,43962000.0,114674000.0,70851000.0,0.58,114674000.0,1.0,13617014000.0,1621131000.0,320390000.0,0.0,11995883000.0,0.0,839807000.0,1774140521.3999999,1750936521.3999999,21.381883194948596,0.0,0.030105131712429758,0.25287407371766996,0.02590762140800427,21.381883194948596,0.02711810458254145,15.47116627483126,10.089057148218917,1.0943844275385517,0.42509439970883944,0.0,0.010533551189763159,0.008421376375173,0.0,0.0032284611002089004,41.94979006431476,1.0,0.18367346938775478,0.5827192407816327,0.22078716641172183,0.08280956596549252,0.0011436753009786717,0.17851111170683323,0.18357221609702315,0.2157341101691323,0.12344663551489103,0.008018746607797871,Banks—Regional,Financial Services,PFS
2021Q4,2021,Q4,2022-03-01,2021-12-31,37303000.0,114543000.0,59862000.0,0.4900000000000001,114543000.0,1.0,13781202000.0,1697096000.0,2812304000.0,0.0,12084106000.0,0.0,814533000.0,1843769031.58,1768363031.58,22.29328316940903,0.0,0.046226519283296186,0.375380650240175,0.018368329911514436,22.29328316940903,0.02198048902360267,16.09674123761382,12.356707446988178,1.086425889625572,0.4686754416534863,0.0,0.009482207207384383,0.008311539153115962,0.0,0.0027068030785703597,53.607287072745244,1.0,2.2657612747452175e-16,0.38832400980128345,0.18619992564012305,0.13867282878415932,-0.0004101579544462868,0.0009391435011269722,0.0,-0.10871537337159788,0.053004991589487564,0.06708727902246187,Banks—Regional,Financial Services,PFS
2021Q3,2021,Q3,2021-11-09,2021-09-30,37268000.0,114590000.0,0.0,0.49,114590000.0,1.0,13391943000.0,1679424000.0,10501774000.0,0.0,11712519000.0,0.0,794713000.0,1797911205.9099998,1935246205.9099998,21.923263590789976,0.0,0.04798586732336002,0.3826454784497542,0.0,21.923263590789976,0.022190941656186885,15.68994856366175,12.060690175955243,1.0705522881118763,0.4774068906300311,0.0,0.009895928086723673,0.008556637375174014,0.0,0.0027828672807224462,54.91649732459757,1.0,-0.1551724137931034,0.35351990846353815,0.2061299162400997,0.12284562795870277,0.022568065607124693,-0.16792069481345867,0.0,-0.10790739499143774,0.060909807103442015,0.07078112869402266,Banks—Regional,Financial Services,PFS
2021Q2,2021,Q2,2021-08-09,2021-06-30,44789000.0,112061000.0,0.0,0.58,112061000.0,1.0,13216955000.0,1677634000.0,10680254000.0,0.0,11539321000.0,0.0,775235000.0,1754370767.94,1762765767.94,21.888783694846268,0.0,0.05436562354944842,0.4283103465952645,0.0,21.888783694846268,0.02669771833427315,15.655498058557393,9.792419834892495,1.0457410662516378,0.40474223581683,0.0,0.010333049507708157,0.008478579218889675,0.0,0.0033887533096692846,36.44991311088488,1.0,-0.07936507936507943,0.7390683963768682,0.19538743512660448,0.13138819318282102,0.0037980239526321916,-0.07763751312835931,0.0,0.9712760478455511,0.07706930567706535,0.08356907636184194,Banks—Regional,Financial Services,PFS
2021Q1,2021,Q1,2021-05-10,2021-03-31,48559000.0,111637000.0,0.0,0.63,111637000.0,1.0,13130445000.0,1647231000.0,10923902000.0,0.0,11483214000.0,0.0,748574000.0,1704788578.0400002,1983002578.0400002,21.52777602615947,0.0,0.07355302885774244,0.5863075670625432,0.0,21.52777602615947,0.029479168374077467,15.27082040936249,8.77689294487119,1.0349420196924415,0.37222759941514444,0.0,0.010602487741195965,0.008502149013228417,0.0,0.0036981991090172498,49.31410407983802,1.0,0.10526315789473673,0.9169374825684414,0.21477674137568037,0.12328756180713217,0.02244793288516843,0.19700741982399486,0.0,0.47256649914260285,0.09139562606613107,0.06854700740100984,Banks—Regional,Financial Services,PFS
2020Q4,2020,Q4,2021-03-01,2020-12-31,40567000.0,109186000.0,0.0,0.5700000000000001,109186000.0,1.0,12919741000.0,1619797000.0,10820158000.0,0.0,11299944000.0,0.0,718090000.0,1380410934.1200001,1949228934.1200001,21.074560770953045,0.0,0.08523166215174127,0.6798203725528569,0.0,21.074560770953045,0.025044496316513735,12.642746635282913,8.506981870239358,0.8522123044554348,0.41208371336307836,0.0,0.012110161971918124,0.008451098206999661,0.0,0.003139923625403946,24.45672508761051,1.0,0.5405405405405407,0.5497814487591504,0.12746668165356845,0.11312701929089054,0.06407695081424018,0.4945658180746417,0.0,0.7488087277586638,0.07633512799776457,0.04758685985957729,Banks—Regional,Financial Services,PFS
2020Q3,2020,Q3,2020-11-09,2020-09-30,27143000.0,102611000.0,0.0,0.37,102611000.0,1.0,12871322000.0,1601569000.0,10783434000.0,0.0,11269753000.0,0.0,694240000.0,884733300.5999999,1812723300.6,22.08478169268539,0.0,0.11173118037137134,0.897949448322239,0.0,22.08478169268539,0.016947755607157732,8.62220717661849,8.148816459123898,0.5524165993472651,0.6782964300187894,0.0,0.02080966093116898,0.00797206378645488,0.0,0.002108796594475688,-39.41783473379371,1.0,0.6818181818181818,0.14478657051760432,0.19466732155646901,0.1757837508974816,0.2187592792749991,0.8966529243239466,0.0,-0.09220766032821834,0.06886942239161044,0.09483024185340232,Banks—Regional,Financial Services,PFS
2020Q2,2020,Q2,2020-08-10,2020-06-30,14311000.0,84193000.0,0.0,0.22,84193000.0,1.0,10513539000.0,1410407000.0,8634690000.0,0.0,9103132000.0,0.0,685509000.0,929359654.15,1650885654.15,21.9294877488953,0.0,0.11178814288889782,0.8332977644041756,0.0,21.9294877488953,0.010146716515161936,11.038443269036618,16.235057895150582,0.6589301202773383,1.0620501711969814,0.0,0.016354271386895023,0.008008055137285362,0.0,0.0013611972143728196,32.72969375418207,1.0,-0.04347826086956525,-0.3579218338698608,0.047272648367241384,0.18174064920257965,-0.05413876780658788,-0.04152434532181368,0.0,-0.412690152950993,0.004460976228788234,0.09950914873490685,Banks—Regional,Financial Services,PFS
2020Q1,2020,Q1,2020-05-11,2020-03-31,14931000.0,89012000.0,0.0,0.23,89012000.0,1.0,10084886000.0,1412589000.0,8158296000.0,0.0,8672297000.0,0.0,686397000.0,828005734.68,1671205734.6799998,21.939334208863404,0.0,0.12035604567071953,0.8592570096468258,0.0,21.939334208863404,0.010569953468418627,9.302180994472655,13.863869377134819,0.586161816834196,1.0378407340432656,0.0,0.018714846227470574,0.00882627726282677,0.0,0.0014805323530677492,26.1258238311299,1.0,-0.41025641025641024,-0.26603712454047923,0.19955229489274956,0.18774967418337288,-0.01761433868974042,-0.42464644907710686,0.0,-0.3670125239821858,0.11584361977820622,0.11103969354222151,Banks—Regional,Financial Services,PFS
2019Q4,2019,Q4,2020-03-02,2019-12-31,25951000.0,90608000.0,0.0,0.39,90608000.0,1.0,9808578000.0,1413840000.0,7884976000.0,0.0,8394738000.0,0.0,695273000.0,1583978581.8999999,2461639581.8999996,22.00228992881687,0.0,0.10851817664089534,0.7528496859616364,0.0,22.00228992881687,0.01835497651785209,17.48166367097828,15.259321239065931,1.1203379320856672,0.5093445339293283,0.0,0.00834480980427454,0.009237628532902527,0.0,0.002645745387353804,60.44566235069642,1.0,-0.20408163265306117,0.18987408117155594,0.17956026993152469,0.20228790470164057,-0.010559650559650559,-0.17350871046848626,0.0,0.1441979569729665,0.11161879034556908,0.12380978264132751,Banks—Regional,Financial Services,PFS
2019Q3,2019,Q3,2019-11-08,2019-09-30,31399000.0,91575000.0,0.0,0.49,91575000.0,1.0,9918397000.0,1397833000.0,7910232000.0,0.0,8520564000.0,0.0,682540000.0,1582478280.68,2701681280.6800003,21.667813017481595,0.0,0.13914173832727203,0.9872874656700764,0.0,21.667813017481595,0.022462626079080977,17.280680105705706,12.59975063441511,1.1320939487621198,0.4864486130131533,0.0,0.009651949215654747,0.009232842766830163,0.0,0.0031657333337231815,44.82179461507959,1.0,0.28947368421052627,0.5968209743192692,0.19327781524801935,0.1983123407575505,-0.00881057268722467,0.28721354486942974,0.0,0.3541267512958061,0.14456177409752086,0.10976219454510473,Banks—Regional,Financial Services,PFS
2019Q2,2019,Q2,2019-08-09,2019-06-30,24393000.0,92389000.0,0.0,0.38,92389000.0,1.0,9938246000.0,1391446000.0,7867261000.0,0.0,8546800000.0,0.0,666415000.0,1582573174.1100001,2887132174.11,21.44442259934397,0.0,0.15216447650822892,1.0868175983832646,0.0,21.44442259934397,0.017530683907244694,17.129454524997566,16.219542226355923,1.137358671561814,0.6294018775878326,0.0,0.009701289173332631,0.009296308423035615,0.0,0.002454457255334593,39.806151724476194,1.0,-0.2083333333333333,0.35988877493473354,0.24346769531914716,0.13107598651072117,0.059567635758931134,-0.2103269666558757,0.0,0.11875271606907861,0.16412080112598035,0.10842004182412054,Banks—Regional,Financial Services,PFS
2019Q1,2019,Q1,2019-05-10,2019-03-31,30890000.0,87195000.0,0.0,0.48,87195000.0,1.0,9802614000.0,1373816000.0,7771829000.0,0.0,8428798000.0,0.0,657375000.0,1705305078.27,2905941078.27,21.211791216089264,0.0,0.14266500751738262,1.0179601926313275,0.0,21.211791216089264,0.022484816016118608,19.557372306554274,13.801433135885398,1.2412907392765842,0.937649724830042,0.0,0.016984644195971923,0.008895076354123501,0.0,0.0031512002818839956,55.41202528903331,1.0,-0.12727272727272737,0.6067751690287326,0.21982520043162027,0.19147285533008307,-0.0619049155988768,-0.1362581438917317,0.0,0.4406558178376608,0.12094423337197296,0.10679994104962602,Banks—Regional,Financial Services,PFS
2018Q4,2018,Q4,2019-03-01,2018-12-31,35763000.0,92949000.0,0.0,0.55,92949000.0,1.0,9725769000.0,1358980000.0,7706328000.0,0.0,8366789000.0,0.0,651099000.0,1569626409.8899999,2747925409.89,20.891714865002868,0.0,0.13582062251324292,0.9720231349983075,0.0,20.891714865002868,0.026316060574842898,16.886963925270845,10.972418490409082,1.1550033185845268,0.34854458518580655,0.0,0.007941380140815515,0.009556982075144906,0.0,0.0036771385378369568,72.14019716380182,1.0,0.018518518518518535,0.8112812362475436,0.26915025437693757,0.18500214375232563,0.013598394800549606,0.008317356490357506,0.0,0.6143384524150189,0.13408228157826035,0.10346936993383306,Banks—Regional,Financial Services,PFS
2018Q3,2018,Q3,2018-11-09,2018-09-30,35468000.0,91702000.0,0.0,0.54,91702000.0,1.0,9709633000.0,1331589000.0,7714670000.0,0.0,8378044000.0,0.0,627801000.0,1561557073.7900002,2942347073.79,20.474084762334826,0.0,0.15756661451570828,1.1489385989220398,0.0,20.474084762334826,0.02663584634598213,17.028604324769365,11.006802426060112,1.172701992724482,0.39725950152249917,0.0,0.009023045162097508,0.009444435232515997,0.0,0.00365286720929617,26.60414804739676,1.0,0.8000000000000002,0.9417900041454123,0.22794398588561363,0.17585233340258935,0.04068454441254241,0.8431637478563634,0.0,0.6679776253086627,0.1904707064951169,0.09003097757693329,Banks—Regional,Financial Services,PFS
2018Q2,2018,Q2,2018-08-09,2018-06-30,19243000.0,88117000.0,0.0,0.3,88117000.0,1.0,9732912000.0,1311262000.0,7726338000.0,0.0,8421650000.0,0.0,606423000.0,1787025130.0700002,3286611130.07,20.200635263918173,0.0,0.16865856795992812,1.2518771992172426,0.0,20.200635263918173,0.014675175517936156,20.280140382332583,23.216560958140626,1.3628284279343106,0.696928753312893,0.0,0.007504651039504226,0.009053508343648849,0.0,0.0019771061322654514,44.23548517426606,1.0,-0.3023255813953489,-0.11802223417412004,0.17576086902863008,0.17130494353445977,0.017705349718192737,-0.3106079604485365,0.0,-0.1445744467836162,0.08601293647871328,0.0885758985542074,Banks—Regional,Financial Services,PFS
2018Q1,2018,Q1,2018-05-10,2018-03-31,27913000.0,86584000.0,0.0,0.43,86584000.0,1.0,9734242000.0,1304886000.0,7745958000.0,0.0,8429356000.0,0.0,600591000.0,1657438121.43,3114012121.4300003,20.1467748981121,0.0,0.16334995575413064,1.2185646868768614,0.0,20.1467748981121,0.021391140682021265,19.14254505947981,14.844679194550926,1.270178484120452,0.4885895460896357,0.0,0.008228361483705614,0.008894786055247034,0.0,0.0028675062732157267,52.27686867781107,1.0,0.48275862068965497,0.3819227253251596,0.1970840262562607,0.16284565994255537,0.016232203847372683,0.43268490478879024,0.0,0.3640084225822396,0.15993488654271945,0.09070426172782622,Banks—Regional,Financial Services,PFS
2017Q4,2017,Q4,2018-03-01,2017-12-31,19483000.0,85201000.0,0.0,0.29000000000000004,85201000.0,1.0,9845274000.0,1298661000.0,7846335000.0,0.0,8546613000.0,0.0,586132000.0,1741038020.49,3149539020.49,20.117244286338188,0.0,0.16244697709784411,1.2315261642568769,0.0,20.117244286338188,0.0150023755237125,20.434478709052712,22.340476575604374,1.3406408758636779,1.0943386542113638,0.0,0.012246142674126893,0.008653999878520394,0.0,0.0019789190224670235,69.2013999161334,1.0,-0.29268292682926816,0.0345528647638789,0.14423598924551392,0.17236507722391153,-0.0014415639210538652,-0.26686735653809973,0.0,-0.11078289179909027,0.10408715279908969,0.09928191836590267,Banks—Regional,Financial Services,PFS
2017Q3,2017,Q3,2017-11-09,2017-09-30,26575000.0,85324000.0,0.0,0.41,85324000.0,1.0,9495146000.0,1300172000.0,7485552000.0,0.0,8194974000.0,0.0,586575000.0,1719006422.2800002,3095783422.28,20.17187765593576,0.0,0.1606673557204913,1.1733524487529343,0.0,20.17187765593576,0.020439603375553388,20.14681006844499,16.171273963123237,1.3221377035346094,0.5023518344308561,0.0,0.007766114091821285,0.008986065090520988,0.0,0.0027987984597603872,34.57721859157196,1.0,0.07894736842105256,0.4597871333700805,0.19222884072865187,0.16708256348986533,0.017287836516679783,0.08989869991387442,0.0,0.35269352501615053,0.11281141670979858,0.11558143463104317,Banks—Regional,Financial Services,PFS
2017Q2,2017,Q2,2017-08-08,2017-06-30,24383000.0,83874000.0,0.0,0.38,83874000.0,1.0,9539283000.0,1283601000.0,7505730000.0,0.0,8255682000.0,0.0,573350000.0,1633398019.9199998,3156215019.92,19.944797889246605,0.0,0.17571750413526888,1.3058723076719323,0.0,19.944797889246605,0.018995778283126923,19.47442616210029,16.74730365336505,1.2725122681580958,0.5200344502317188,0.0,0.00776295786168581,0.008792484718191084,0.0,0.0025560621275204855,106.68134151394422,1.0,0.027027027027027053,0.3530816159213492,0.16525789647426362,0.16967703568001144,0.0550188679245283,0.037221371448017695,0.0,0.3704932608158868,0.13813345204054323,0.05197898632284383,Banks—Regional,Financial Services,PFS
2017Q1,2017,Q1,2017-05-10,2017-03-31,23508000.0,79500000.0,0.0,0.37,79500000.0,1.0,9509663000.0,1267092000.0,7468122000.0,0.0,8242571000.0,0.0,561647000.0,1658726669.6000001,3141191669.6000004,19.746670021226986,0.0,0.1725149461132324,1.2947433966910058,0.0,19.746670021226986,0.01855271756115578,20.864486410062895,17.64002328568998,1.3090814791664693,0.5372213714480177,0.0,0.007613671517710309,0.00835991769634739,0.0,0.0024720118893803073,69.68268650646951,1.0,0.05714285714285736,0.1342081275589282,0.04616605450660723,0.16686978106851907,-0.019752903750832284,0.04169805468161475,0.0,0.23421219002575774,0.12256137273235257,0.10917654590181124,Banks—Regional,Financial Services,PFS
2016Q4,2016,Q4,2017-03-01,2016-12-31,22567000.0,81102000.0,0.0,0.3499999999999999,81102000.0,1.0,9500465000.0,1251781000.0,7464867000.0,0.0,8248684000.0,0.0,550768000.0,1809421373.3,3121204373.3,19.5783043257589,0.0,0.15326407707412215,1.1632066631463491,0.0,19.5783043257589,0.018027913828377328,22.31044084362901,20.04499239265299,1.4454775821809087,0.4532281650197191,0.0,0.005652635782314377,0.008536634785771012,0.0,0.0023753574167159185,43.50093456665464,1.0,-0.027777777777777957,0.35054526768492783,0.14761510162513933,0.16955363524503309,0.026127003808342927,-0.014799615821182223,0.0,0.16281725949477277,0.12664106956067647,0.11050398432941382,Banks—Regional,Financial Services,PFS
2016Q3,2016,Q3,2016-11-09,2016-09-30,22906000.0,79037000.0,0.0,0.36,79037000.0,1.0,9390001000.0,1244280000.0,7372522000.0,0.0,8145721000.0,0.0,538429000.0,1352953783.39,2715647783.3900003,19.524735230653,0.0,0.162126500306017,1.2234931044459447,0.0,19.524735230653,0.018409039765969075,17.117979976340198,14.76636889232079,1.0873386885508085,0.5203440146686458,0.0,0.008809613562804347,0.008417145003498935,0.0,0.002439403361085904,51.821425746514485,1.0,0.058823529411764594,0.3144707632113293,0.11876403055847352,0.17070902423376927,0.01676229191859418,0.07257913466941375,0.0,0.2798160502449175,0.08009742537586394,0.12133000065849898,Banks—Regional,Financial Services,PFS
2016Q2,2016,Q2,2016-08-09,2016-06-30,21356000.0,77734000.0,0.0,0.34,77734000.0,1.0,9226754000.0,1229563000.0,7223382000.0,0.0,7997191000.0,0.0,526820000.0,1248194550.16,2795944550.16,19.346837651954583,0.0,0.18048351565458448,1.3543649247740863,0.0,19.346837651954583,0.01736877248258121,16.057253584789155,14.611754895111446,1.0151529853777317,0.5572672785165761,0.0,0.009534571352257923,0.008424848001799982,0.0,0.002314573467548826,43.655377383883604,1.0,0.030303030303030328,0.36667887078652767,0.1175025489850315,0.17191973155325882,0.02164627334498666,0.018261574405187622,0.0,-0.00025689149024226684,0.05938535543734127,0.12179871016084187,Banks—Regional,Financial Services,PFS
2016Q1,2016,Q1,2016-05-10,2016-03-31,20973000.0,76087000.0,0.0,0.33,76087000.0,1.0,9026174000.0,1214122000.0,7055525000.0,0.0,7812052000.0,0.0,517365000.0,1279058567.67,2741088567.67,19.164973207328877,0.0,0.17395421360146612,1.29323165217334,0.0,19.164973207328877,0.017274211323079557,16.8104744262489,15.24649034079531,1.0534843843287578,0.539789252848901,0.0,0.008851041137719694,0.00842959597277872,0.0,0.002323575858386953,49.1586366758907,1.0,0.0,0.4534604733835134,0.12480301978051613,0.17483374214187408,-0.04410914847106711,-0.025191726702300722,0.0,0.0615751051990916,0.07549990528314893,0.10617734251580356,Banks—Regional,Financial Services,PFS
2015Q4,2015,Q4,2016-02-29,2015-12-31,21515000.0,79598000.0,0.0,0.33,79598000.0,1.0,8911657000.0,1196065000.0,6958175000.0,0.0,7715592000.0,0.0,507713000.0,1272963716.6999998,2617019716.7,18.932754668356214,0.0,0.16229103072526244,1.2092001688871423,0.0,18.932754668356214,0.01798815281778164,15.992408310510312,14.791583972809667,1.0642930916798,0.4403904252846851,0.0,0.0074432600675868104,0.008931896728072007,0.0,0.002414253600649127,45.91724260361432,1.0,0.0,0.5959006442345822,0.1767175181684959,0.16616294645897559,0.06618267543565907,0.04396137609782134,0.0,0.1674130443846674,0.09234393351469465,0.10333702135845649,Banks—Regional,Financial Services,PFS
2015Q3,2015,Q3,2015-11-09,2015-09-30,20609000.0,74657000.0,0.0,0.33,74657000.0,1.0,8858588000.0,1183973000.0,6872698000.0,0.0,7674615000.0,0.0,495673000.0,1229166607.5,2861361607.5,18.783030192267894,0.0,0.1987481526401273,1.4870508026787772,0.0,18.783030192267894,0.017406646942117767,16.464184302878497,14.910556158717066,1.0381711470616306,0.5101169392013198,0.0,0.008552949564243673,0.00842764106424184,0.0,0.0023264429952042018,37.939582921785295,1.0,-0.05714285714285704,0.3747921696886717,0.10209132082958701,0.15446696785055708,-0.05035870560700112,-0.054459533859423745,0.0,0.15758134428989626,0.06668771243193217,0.08672813710274489,Banks—Regional,Financial Services,PFS
2015Q2,2015,Q2,2015-08-10,2015-06-30,21796000.0,78616000.0,0.0,0.35,78616000.0,1.0,8751414000.0,1167124000.0,6723846000.0,0.0,7584290000.0,0.0,485577000.0,1194361104.87,2774203104.87,18.55693782192648,0.0,0.19249163620873153,1.4433547763562398,0.0,18.55693782192648,0.018674965127955554,15.192341315635492,13.699315297187557,1.0233369418073828,0.48169388878693337,0.0,0.008790473799917289,0.00898323402366749,0.0,0.0024905689526286837,43.55485029793596,1.0,0.0937499999999999,0.513990264139322,0.17216686733702674,0.15159223625461477,0.08839694867854522,0.1006968993031007,0.0,0.23766575288050212,0.11762308132046778,0.0882849825493599,Banks—Regional,Financial Services,PFS
2015Q1,2015,Q1,2015-05-11,2015-03-31,19802000.0,72231000.0,0.0,0.32,72231000.0,1.0,8525137000.0,1157671000.0,6507871000.0,0.0,7367466000.0,0.0,474280000.0,1168867992.55,2546397992.55,18.47134517123535,0.0,0.17224403549174636,1.268412182735855,0.0,18.47134517123535,0.017105032431493923,16.18235927164237,14.756943649000101,1.0096719988235,0.5452984547015453,0.0,0.009237997848194223,0.008472708415125763,0.0,0.00232277792134015,54.584290303072756,1.0,-0.05882352941176445,0.5945229319673514,0.10701004875996835,0.16622003391169118,-0.033492118714373645,-0.06677977284509166,0.0,-0.021831261570378298,-0.02683882801949142,0.09150831369699329,Banks—Regional,Financial Services,PFS
2014Q4,2014,Q4,2015-03-02,2014-12-31,21219000.0,74734000.0,0.0,0.3399999999999999,74734000.0,1.0,8523377000.0,1144099000.0,6482042000.0,0.0,7379278000.0,0.0,465276000.0,1129072804.4399998,2288590804.4399996,18.300350392593323,0.0,0.14821355432242408,1.1041701810769873,0.0,18.300350392593323,0.018546471939928276,15.107886697353278,13.302615632687683,0.9868663502371735,0.38149771431264434,0.0,0.007169599664580512,0.008768120898559339,0.0,0.002489506213323663,42.93705523425616,1.0,0.13333333333333308,1.828769112684689,0.20145743657188175,0.168036851869307,0.00613909906028703,0.11491172761664564,0.0,0.2987014008768905,0.08151363145259352,0.09321220938196599,Banks—Regional,Financial Services,PFS
2014Q3,2014,Q3,2014-11-10,2014-09-30,19032000.0,74278000.0,0.0,0.3,74278000.0,1.0,8418558000.0,1129042000.0,6346715000.0,0.0,7289516000.0,0.0,452152000.0,1022147874.7,2424325874.7,18.081940976910587,0.0,0.17710669689512146,1.3205735481939556,0.0,18.081940976910587,0.01685676883588033,13.761111967204288,13.426700750052543,0.9053231630887072,0.514344262295082,0.0,0.009576892191722326,0.008823126240859777,0.0,0.002260719709955078,38.00088760130865,1.0,0.07142857142857129,1977.3091624682777,1225.8876354684162,1152.6275270269082,0.09671037089534609,0.16396550669683813,0.0,0.11468978231544068,0.073090044288096,0.08419864480915781,Banks—Regional,Financial Services,PFS
2014Q2,2014,Q2,2014-08-11,2014-06-30,16351000.0,67728000.0,0.0,0.28,67728000.0,1.0,8449357000.0,1121391000.0,6335903000.0,0.0,7327966000.0,0.0,442909000.0,1024430214.12,2310834214.12,18.95931206664399,0.0,0.16792319226184904,1.2652527084665384,0.0,18.95931206664399,0.014580998064011572,15.12565281892275,15.663112563757569,0.9135352558741776,0.5531160173689682,0.0,0.00882832219837339,0.0080157578854817,0.0,0.0019351768424508515,111.03730913938868,1.0,-0.06666666666666654,2449.3587631269766,1217.9795027151688,1221.0030188409303,0.06966533474422351,-0.03981443420048153,0.0,0.12433878922195736,0.0461936144234855,0.14844566886263974,Banks—Regional,Financial Services,PFS
2014Q1,2014,Q1,2014-05-12,2014-03-31,17029000.0,63317000.0,0.0,0.3,63317000.0,1.0,7500826000.0,1021341000.0,5588417000.0,0.0,6479485000.0,0.0,435602000.0,1053869246.4300001,2192423246.4300003,17.802999977043367,0.0,0.16267701717117555,1.1947155749157234,0.0,17.802999977043367,0.016673177714397053,16.6443332190407,15.471684280198486,1.0318485661791703,0.5396676258147866,0.0,0.008720246872305347,0.008441336994085717,0.0,0.002270283299465952,60.08719119847198,1.0,3.70074341541719e-16,1.1160915993680436,0.21801235121400175,0.1467516193256963,-0.01907107888702981,-0.021434317894494886,0.0,0.3031918387454212,0.03362470151970744,0.0913432989503599,Banks—Regional,Financial Services,PFS
2013Q4,2013,Q4,2014-03-03,2013-12-31,17402000.0,64548000.0,0.0,0.2999999999999999,64548000.0,1.0,7487328000.0,1010753000.0,5549354000.0,0.0,6476575000.0,0.0,427763000.0,1107636369.0,1963969369.0,17.63010723242151,0.0,0.12789035020236858,0.9473699311305531,0.0,17.63010723242151,0.017216867028838897,17.159886735452687,15.912486625100563,1.0958526652901353,0.4226525686702678,0.0,0.006640265890366408,0.008620965984126781,0.0,0.0023241936242141387,75.22148516129032,1.0,0.0714285714285709,1.293749931962728,0.18529606626470918,-0.027797646561101154,-0.01793783376694509,0.08248320477730779,0.0,0.42237645080406894,0.0514866015078551,0.085926382963763,Banks—Regional,Financial Services,PFS
2013Q3,2013,Q3,2013-11-08,2013-09-30,16076000.0,65727000.0,0.0,0.28,65727000.0,1.0,7341015000.0,996692000.0,5412116000.0,0.0,6344323000.0,0.0,417716000.0,927880986.7,1849040986.7,17.412122407486766,0.0,0.13846123458404594,1.0198195631147837,0.0,17.412122407486766,0.016129355909348123,14.117196687814749,14.429599818051754,0.9309606043792867,0.5248818113958696,0.0,0.009093838672144437,0.008953394047008486,0.0,0.0021898879105954694,26.616591225151318,1.0,-0.1764705882352941,0.19649730052290942,0.21206329326902784,-0.03851929940326355,-0.0048601017441860465,-0.16392760557520283,0.0,0.18093232203008733,0.06845869877679592,0.0702064551804287,Banks—Regional,Financial Services,PFS
2013Q2,2013,Q2,2013-08-09,2013-06-30,19228000.0,66048000.0,0.0,0.34,66048000.0,1.0,7274079000.0,986594000.0,5322718000.0,0.0,6287485000.0,0.0,410078000.0,906718935.6999999,1795336935.6999998,17.246264839420846,0.0,0.13322965010415752,0.9822916012057645,0.0,17.246264839420846,0.019489273196471903,13.728181560380328,11.78904378640524,0.9190395803136852,0.43899521531100477,0.0,0.009309389787347308,0.009079912384784382,0.0,0.0026433586987438546,37.12865712706277,1.0,0.09677419354838718,0.818547274201117,0.3135106671713128,-0.0432830806135993,0.03458646616541353,0.07852815795378057,0.0,0.468411120378831,0.08269327137195373,0.07025549603345936,Banks—Regional,Financial Services,PFS
2013Q1,2013,Q1,2013-05-10,2013-03-31,17828000.0,63840000.0,0.0,0.31,63840000.0,1.0,7186775000.0,990445000.0,5203959000.0,0.0,6196330000.0,0.0,399291000.0,856936298.02,1646236298.02,17.325407482801587,0.0,0.11883035158329014,0.8622457582197901,0.0,17.325407482801587,0.01799998990352821,13.423187625626566,12.01671945843617,0.8652033157015282,0.45355620372447836,0.0,0.009435940592880896,0.00888298297915268,0.0,0.002480667615168139,48.47473119244258,1.0,0.03333333333333375,0.6310185160108827,0.30179554305363226,-0.04151219320795402,-0.032126017677648236,0.06869679894497063,0.0,0.5738526252922294,0.07265617713218452,0.09386929402366992,Banks—Regional,Financial Services,PFS
2012Q4,2012,Q4,2013-03-01,2012-12-31,16682000.0,65959000.0,0.0,0.2999999999999999,65959000.0,1.0,7283695000.0,981246000.0,5236202000.0,0.0,6302449000.0,0.0,389549000.0,853180863.68,1257005863.6799998,17.159539018318924,0.0,0.06969649333202448,0.5173503891990388,0.0,17.159539018318924,0.0170008336339715,12.935018173107535,12.785949881309195,0.8694872271377413,1.0579067258122528,0.0,0.020684945890463834,0.009055705929476729,0.0,0.0022903210527074514,36.43269551968571,1.0,0.0714285714285709,2.474905323604696,0.4391739440753994,-0.04112131991934682,0.03864262656483741,0.03268540299616194,0.0,1.431378787708091,0.15930081977985866,0.09522350690059689,Banks—Regional,Financial Services,PFS
2012Q3,2012,Q3,2012-11-09,2012-09-30,16154000.0,63505000.0,0.0,0.28,63505000.0,1.0,7264980000.0,988543000.0,5149781000.0,0.0,6276437000.0,0.0,390515000.0,907669510.02,1634537510.02,17.284019389011227,0.0,0.1148552370412582,0.8440917592861413,0.0,17.284019389011227,0.016341221373273596,14.292882607983623,14.047132444286245,0.9181892037271013,0.487371548842392,0.0,0.008673861921203592,0.008741249115620414,0.0,0.0022235436298516996,34.436205706806284,1.0,0.0,2015.351157178762,1381.6079382757414,992.0146086144808,-0.006508033353670938,0.00943573080047491,0.0,1832.1754907121383,1144.161500148679,1101.7201432794918,Banks—Regional,Financial Services,PFS
2012Q2,2012,Q2,2012-08-09,2012-06-30,16003000.0,63921000.0,0.0,0.28,63921000.0,1.0,7134851000.0,974546000.0,5035716000.0,0.0,6160305000.0,0.0,382234000.0,877297813.1999999,1684256813.1999998,17.05154267447113,0.0,0.12392746533879964,0.9072983727807615,0.0,17.05154267447113,0.01642097961512335,13.72471978223119,13.705208604636631,0.9002118044710049,0.49228269699431354,0.0,0.00897984684501206,0.008958981764300334,0.0,0.0022429340150200753,45.2168752293578,1.0,-0.12499999999999993,0.261306642021143,0.4205616646011178,0.0049318462329874515,-0.05393324946347961,-0.13159322769698284,0.0,2480.890324967563,1189.6045465039435,1098.0396988484752,Banks—Regional,Financial Services,PFS
2012Q1,2012,Q1,2012-05-10,2012-03-31,18428000.0,67565000.0,0.0,0.32,67565000.0,1.0,7121062000.0,965475000.0,4943895000.0,0.0,6155587000.0,0.0,374109000.0,828963046.31,1652774046.31,16.922770939482795,0.0,0.12541191187494224,0.9250016831093503,0.0,16.922770939482795,0.019086977912426525,12.269119311921852,11.245971433552203,0.8586064334239624,0.39776427176036466,0.0,0.008842372446671,0.009488051080021492,0.0,0.0025878162554967225,26.353935663964393,1.0,0.23076923076923075,0.7648191864810479,0.5540916118952686,-0.015874997737088555,0.07433614247098108,0.23927370544720913,0.0,1.1263274910646253,0.30695658790859265,0.09005308112979156,Banks—Regional,Financial Services,PFS
2011Q4,2011,Q4,2012-02-29,2011-12-31,14870000.0,62890000.0,0.0,0.26,62890000.0,1.0,7097403000.0,952477000.0,4949751000.0,0.0,6144926000.0,0.0,363011000.0,761868719.0400001,1612416719.04,16.739979882715726,0.0,0.12965023967217304,0.9660915696651993,0.0,16.739979882715726,0.015611925537309562,12.114306233741454,12.808821772696705,0.7998814869440417,0.3796906523201076,0.0,0.0074107255737107785,0.00886098760349384,0.0,0.0020951325435514933,31.22156868453406,1.0,-0.03703703703703707,0.15343252898369378,0.37322589182883287,-0.030045925346215415,-0.00342281241086426,-0.044712835667480404,0.0,0.9749149278226646,0.1636333697173103,-0.076883218919553,Banks—Regional,Financial Services,PFS
2011Q3,2011,Q3,2011-11-09,2011-09-30,15566000.0,63106000.0,0.0,0.27,63106000.0,1.0,6997359000.0,949397000.0,4913927000.0,0.0,6047962000.0,0.0,353787000.0,611955908.25,1400506908.25,16.6777011422048,0.0,0.13041591834862268,0.9612069555728531,0.0,16.6777011422048,0.016395670093754245,9.697269803980603,9.828406595303866,0.6445732483355224,0.4660156751895156,0.0,0.01185379518721233,0.009018545425495534,0.0,0.002224553577999928,23.39370420314232,1.0,0.08000000000000007,0.25441279966898017,0.36849349655484087,-0.019439562043690434,0.014256095404940612,0.11368677112398941,0.0,0.16495284044423236,0.17017208874596867,-0.07907333734023717,Banks—Regional,Financial Services,PFS
2011Q2,2011,Q2,2011-08-09,2011-06-30,13977000.0,62219000.0,0.0,0.25,62219000.0,1.0,6879545000.0,938455000.0,4861681000.0,0.0,5941090000.0,0.0,345475000.0,814037383.52,1517876383.52,16.508671311739366,0.0,0.12953298510293923,0.9495692388020737,0.0,16.508671311739366,0.014893628357246752,13.083421198026326,14.560302345281533,0.8674229275990858,0.5191385848179152,0.0,0.008913595550887533,0.009044057419495039,0.0,0.0020316750599058513,85.0702668533807,1.0,0.08695652173913039,0.12950297357098164,0.359972133520392,0.0014252656123573968,0.026394364803114537,0.08089088237568634,0.0,0.3302906364795564,0.2451998129900098,-0.0842002423372082,Banks—Regional,Financial Services,PFS
2011Q1,2011,Q1,2011-05-10,2011-03-31,12931000.0,60619000.0,0.0,0.23,60619000.0,1.0,6793992000.0,926106000.0,4762278000.0,0.0,5867886000.0,0.0,338754000.0,840215343.6,1658532343.6,16.312923709859277,0.0,0.13589786387737873,0.9969582315631256,0.0,16.312923709859277,0.013962764521555848,13.86059393259539,16.24420662748434,0.907256127916243,0.5141907045085453,0.0,0.0079134474877733,0.008922442063517297,0.0,0.00190329926794144,33.39886884763684,1.0,0.09523809523809518,0.046951378130888365,0.33567315949885335,-0.03002081107836461,-0.002780153977758768,0.06735451919108543,0.0,0.1912595384759768,0.24473437449110516,-0.09752549920975231,Banks—Regional,Financial Services,PFS
2010Q4,2010,Q4,2011-03-01,2010-12-31,12115000.0,60788000.0,0.0,0.21000000000000002,60788000.0,1.0,6824528000.0,921687000.0,4671102000.0,0.0,5902841000.0,0.0,332472000.0,858949874.9100001,1776403874.91,16.23508509324966,0.0,0.14208792168484033,1.0520740772084232,0.0,16.23508509324966,0.013144375476707385,14.130253913765877,17.724925194180766,0.9319322881954504,0.4169211721007016,0.0,0.005880436271708217,0.008907282672149634,0.0,0.001775214344493861,136.08204608840305,1.0,-0.12499999999999989,0.0,0.0,0.0,-0.00082185476182649,-0.10012627200475377,0.0,1.5419187700895227,0.3359815782551064,-0.09278000133960321,Banks—Regional,Financial Services,PFS
2010Q3,2010,Q3,2010-11-09,2010-09-30,13463000.0,60838000.0,0.0,0.24,60838000.0,1.0,6782295000.0,921048000.0,4643892000.0,0.0,5861247000.0,0.0,325408000.0,699707596.92,1515202596.92,16.26987234397798,0.0,0.1359788979983914,1.0013039494141456,0.0,16.26987234397798,0.01461704493142594,11.501160408297444,12.993158971254548,0.7596863539359512,0.493203595038253,0.0,0.009489678301662308,0.008970119996254956,0.0,0.001985021294414354,21.034980667388165,1.0,0.04347826086956513,0.04005616581178388,0.3338642565411821,-0.014447174395611538,0.009189834782031716,0.040417310664605875,0.0,1696.776969166216,1337.1930072359457,933.7490623699834,Banks—Regional,Financial Services,PFS
2010Q2,2010,Q2,2010-08-09,2010-06-30,12940000.0,60284000.0,0.0,0.23,60284000.0,1.0,6823487000.0,910959000.0,4798151000.0,0.0,5912528000.0,0.0,318585000.0,660854357.24,1367725357.24,16.11415676288354,0.0,0.14310806190441924,1.071942864607518,0.0,16.11415676288354,0.014204810534831974,10.962350826753367,12.767665325347759,0.725449067674835,0.5142967542503863,0.0,0.010070297527875917,0.008834779050652547,0.0,0.0018963910973963899,27.387250610857855,1.0,0.15,0.10924061407362627,0.3293746267994594,-0.023546961458638018,0.025639280671010768,0.15669974077053722,0.0,0.03110044475597824,0.35445946224714875,-0.05031294731726687,Banks—Regional,Financial Services,PFS
2010Q1,2010,Q1,2010-05-10,2010-03-31,11187000.0,58777000.0,0.0,0.2,58777000.0,1.0,6796539000.0,894211000.0,4767314000.0,0.0,5902328000.0,0.0,312300000.0,671844773.6,1432173773.6,15.838645053351948,0.0,0.1450975268441776,1.1028280797261496,0.0,15.838645053351948,0.012510470123941665,11.430402599656329,15.013962045231072,0.7513268944354298,0.5933673013319031,0.0,0.009880258447842155,0.00864807808797978,0.0,0.0016459848166839033,33.51013883984239,1.0,0.4285714285714274,-0.10076009303617267,0.33071425103117136,-0.029925092399001554,0.04635679062894985,0.6514614703277236,0.0,0.08263789914054652,0.3661859854760949,-0.07892113799137533,Banks—Regional,Financial Services,PFS
2009Q4,2009,Q4,2010-03-01,2009-12-31,6774000.0,56173000.0,0.0,0.14000000000000012,56173000.0,1.0,6836172000.0,884555000.0,4730677000.0,0.0,5951617000.0,0.0,307751000.0,601272843.6,1498395843.6,15.667613879909476,0.0,0.1489058496480194,1.150800119834267,0.0,15.667613879909476,0.007658087965135011,10.703947512149966,22.190465146147034,0.6797461363058261,0.7326542663123708,0.0,0.008254156250072824,0.008217025551726901,0.0,0.000990905436551333,-28.01961151964211,1.0,-0.0666666666666658,-0.5211816971271921,0.23082066633198844,-0.06040729285323354,0.028828366819905128,-0.21922544951590595,0.0,-0.47045362080243086,0.2361341116786803,-0.09218135091002268,Banks—Regional,Financial Services,PFS
2009Q3,2009,Q3,2009-11-09,2009-09-30,8676000.0,54599000.0,0.0,0.15,54599000.0,1.0,6816309000.0,882620000.0,4705060000.0,0.0,5933689000.0,0.0,305940000.0,579441640890.0,580268190890.0,0.015673985366412662,0.0,0.15001535288379678,1.1585404817475244,0.0,0.015673985366412662,0.009829824839681856,10612.67863678822,16696.681676175656,656.5018251229294,0.7639465191332411,0.0,1.1438598009317466e-05,0.008010053534838283,0.0,0.0012728296208402523,39080.16732245228,1.0,0.3636363636363636,-0.9992063715052835,-0.9987912182590675,-0.9990505296336377,0.033465200355851675,0.36737588652482267,0.0,-0.9992931938257557,-0.9988030552233373,-0.9990784527301239,Banks—Regional,Financial Services,PFS
2009Q2,2009,Q2,2009-08-10,2009-06-30,6345000.0,52831000.0,0.0,0.11,52831000.0,1.0,6668844000.0,872573000.0,4749930000.0,0.0,5796271000.0,0.0,303892000.0,511791261800.0,512623269800.0,0.015514946996306844,0.0,0.15411396637858077,1.177852168242657,0.0,0.015514946996306844,0.007271597906421583,9687.328685809467,20165.140338849487,586.5311690827014,1.0450748620961388,0.0,1.2956454115059297e-05,0.007922062654337094,0.0,0.0009514392599377044,-3877206.528787879,1.0,1.04296875,-0.999277879801315,-0.9986842129560227,-0.9989560186303315,0.03799831031298505,1.0441793913061643,0.0,-0.9994817313999739,-0.9988327989447618,-0.9990588546089901,Banks—Regional,Financial Services,PFS
2009Q1,2009,Q1,2009-05-11,2009-03-31,-143619000.0,50897000.0,0.0,-2.56,50897000.0,1.0,6523930000.0,872017000.0,4858233000.0,0.0,5651913000.0,0.0,304178000.0,607193084.13,1518117084.13,15.524721898811658,0.0,0.1659677525663212,1.241675334311143,0.0,15.524721898811658,-0.16469747722808156,11.92984034677879,-1.056951176602678,0.6963087693588542,-0.04628217714926298,0.0,0.01094709438188673,0.007801585853925471,0.0,-0.022014184701552593,27.407830826487317,1.0,-19.285714285714285,-14.62377529434866,0.18171651588669613,0.03439942884924376,-0.046050905274206244,-20.321808152831967,0.0,-12.752603107981782,0.1334735394422298,-0.07688790657789533,Banks—Regional,Financial Services,PFS
2008Q4,2008,Q4,2009-03-02,2008-12-31,7433000.0,53354000.0,0.0,0.14,53354000.0,1.0,6548748000.0,1018590000.0,4788270000.0,0.0,5530158000.0,0.0,454444000.0,859394466.9000001,2060834466.9,18.134195180725335,0.0,0.19358738494747393,1.2446175595676376,0.0,18.134195180725335,0.0072973424046966886,16.107404635078908,28.904697527916053,0.8437098998615735,0.65182295170187,0.0,0.005637690474639475,0.008147206152992907,0.0,0.0011350261149154007,66.92060947671703,1.0,-0.3913043478260869,-0.11602940611730726,0.2904953893110871,0.217261360749778,0.004291683921243836,-0.4353110992934741,0.0,0.0,0.0,0.0,Banks—Regional,Financial Services,PFS
2008Q3,2008,Q3,2008-11-10,2008-09-30,13163000.0,53126000.0,0.0,0.23,53126000.0,1.0,6451105000.0,1015568000.0,4667561000.0,0.0,5435537000.0,0.0,451856000.0,925859188.4100001,2085683188.41,18.109695178155995,0.0,0.19295826063906882,1.225712113812172,0.0,18.109695178155995,0.0129612197312243,17.42760961506607,17.58450179309428,0.9116663664176107,0.5023171009648256,0.0,0.007141474732626399,0.008235178314412802,0.0,0.002040425632507919,67.04266389645186,1.0,0.2777777777777779,0.64326397407915,0.4397430310740588,0.2374663627555908,0.07900723048176131,0.27141891239254323,0.0,0.02652629671378214,0.17582875069589218,0.0970006940633416,Banks—Regional,Financial Services,PFS
2008Q2,2008,Q2,2008-08-11,2008-06-30,10353000.0,49236000.0,0.0,0.18,49236000.0,1.0,6384944000.0,1009745000.0,4562203000.0,0.0,5375199000.0,0.0,445305000.0,784762514.55,1843133514.55,18.026507622005784,0.0,0.17870524784555666,1.130011042391891,0.0,18.026507622005784,0.010253083699349836,15.938795079819643,18.950123504056794,0.7771888096004437,0.6404906790302328,0.0,0.008449690036230082,0.007711265752683188,0.0,0.0016214707599628126,57.508611648102004,1.0,-0.05263157894736847,0.23924685018581818,0.36671520327680746,0.22316600968376912,0.02630591570433985,-0.03179650238473768,0.0,-0.1043283416445179,0.09576952783182646,0.09233380317734867,Banks—Regional,Financial Services,PFS
2008Q1,2008,Q1,2008-05-12,2008-03-31,10693000.0,47974000.0,0.0,0.19,47974000.0,1.0,6396844000.0,1010880000.0,4568030000.0,0.0,5385964000.0,0.0,441583000.0,790773575.34,1764157575.3400002,18.075772440744796,0.0,0.16675519990795462,1.0552261396011395,0.0,18.075772440744796,0.010577912314023425,16.483377982657274,18.488113142710183,0.7822625587013295,0.6184419713831478,0.0,0.008362697245107973,0.007499635757883106,0.0,0.0016716055604920177,49.80623388171569,1.0,1.1111111111111105,2.784458643930024,0.36692636260423045,0.20196341841357995,0.07032260943286779,1.2775292864749734,0.0,-0.13227773047972155,0.09648467378998199,0.10709301339897528,Banks—Regional,Financial Services,PFS
2007Q4,2007,Q4,2008-02-29,2007-12-31,4695000.0,44822000.0,0.0,0.09000000000000002,44822000.0,1.0,6359391000.0,1000794000.0,4592533000.0,0.0,5358597000.0,0.0,437503000.0,806432458.02,1317239458.02,17.895422408260867,0.0,0.09349071318307052,0.5940723065885687,0.0,17.895422408260867,0.004691275127548726,17.991889206639595,42.94102545367412,0.8057926586490327,1.0523961661341854,0.0,0.0061269855284984825,0.007048159171216237,0.0,0.0007382782407938118,77.14104247369428,1.0,-0.35714285714285704,-0.3459570955160168,-0.5444312459339793,2.377986107089926,-0.05350958695835797,-0.43159806295399517,0.0,-0.6649725513776988,-0.008534435080135006,0.07319522391816083,Banks—Regional,Financial Services,PFS
2007Q3,2007,Q3,2007-11-09,2007-09-30,8260000.0,47356000.0,0.0,0.14,47356000.0,1.0,6249864000.0,1026375000.0,4532545000.0,0.0,5223489000.0,0.0,437749000.0,1005995376559.9999,1006773742559.9999,0.017405604347681278,0.0,0.14182084602160944,0.8635839727195226,0.0,0.017405604347681278,0.00804774083546462,21243.25062420812,30447.801953995153,980.1440765412251,0.8469733656174334,0.0,6.954306314928419e-06,0.00757712487823735,0.0,0.001321628758641788,145585.43799710562,1.0,-0.3636363636363636,-0.997638995846435,-0.9970534168915367,-0.996651301660954,-0.019402397863044332,-0.3934053021957847,0.0,-0.9992784687825503,-0.9989988121191282,-0.9989456347476142,Banks—Regional,Financial Services,PFS
2007Q2,2007,Q2,2007-08-09,2007-06-30,13617000.0,48293000.0,0.0,0.22,48293000.0,1.0,6154346000.0,1040798000.0,4400793000.0,0.0,5113548000.0,0.0,436485000.0,966708628.8,1576108628.8,16.967859799039378,0.0,0.11590443566221334,0.6853548911508285,0.0,16.967859799039378,0.013083230367468038,20.01757250119065,17.74819396342807,0.9288148409201401,0.48182419035029744,0.0,0.006786946764036166,0.00784697512944511,0.0,0.002212582782963454,12.088995683165345,1.0,0.22222222222222227,0.4884483878697624,0.2241656253497622,0.15133279271069983,0.07317777777777777,0.25990007401924503,0.0,0.42092578828263577,0.10279059038967181,0.14174605414778202,Banks—Regional,Financial Services,PFS
2007Q1,2007,Q1,2007-05-10,2007-03-31,10808000.0,45000000.0,0.0,0.18,45000000.0,1.0,5696033000.0,1015449000.0,4090402000.0,0.0,4680584000.0,0.0,429429000.0,1030462844.4,1765866844.4,17.1957534871793,0.0,0.14309660776192834,0.8026823602170075,0.0,17.1957534871793,0.010643567525301616,22.89917432,23.83565054589193,1.0147854243787724,0.5863249444855663,0.0,0.006149663750069318,0.007900235128553503,0.0,0.001897460917097917,-28.896072583494572,1.0,-0.14285714285714307,2.708118867395876,0.21427634766776033,0.14344583123085802,-0.05324945824830111,-0.19222720478325858,0.0,-0.024796780912730496,-0.0062026114438687085,0.1457388867707955,Banks—Regional,Financial Services,PFS
