Quarters,Year,Quarter,FillingDate,Date,NetIncome,Revenue,OperatingIncome,EPSDiluted,GrossProfit,GrossProfitRatio,TotalAssets,CommonStockEquity,CurrentAssets,CurrentLiability,TotalLiability,Inventory,RetainedEarnings,MarketCap,EnterpriseValue,bookValuePerShare,currentRatio,debtToAssets,debtToEquity,roic,shareholdersEquityPerShare,roe,priceToSalesRatio,peRatio,pbRatio,payoutRatio,inventoryTurnover,dividendYield,assetTurnover,quickRatio,returnOnAssets,priceToFreeCashFlowsRatio,grossProfitMargin,epsdilutedGrowth,fiveYNetIncomeGrowthPerShare,fiveYRevenueGrowthPerShare,fiveYShareholdersEquityGrowthPerShare,grossProfitGrowth,netIncomeGrowth,operatingIncomeGrowth,threeYNetIncomeGrowthPerShare,threeYRevenueGrowthPerShare,threeYShareholdersEquityGrowthPerShare,Industry,Sector,Symbol
2023Q1,2023,Q1,2023-05-10,2023-03-31,-68046000.0,98000.0,-72473000.0,-1.61,98000.0,1.0,386642000.0,350549000.0,373858000.0,29588000.0,36093000.0,-8744000.0,-556325000.0,1074644340.96,991443340.96,8.298528378266443,12.635460321752062,0.013743980219427791,0.015159079044584352,-0.20297711391355347,8.298528378266443,-0.19411266327959859,10965.75858122449,-3.9482274526055905,3.065603784235585,0.0,0.0,0.0,0.0002534644451456386,12.639786399891848,-0.1759922615753074,-17.308406470815616,1.0,-0.5333333333333333,0.3898232940508697,-0.9991438161514251,-0.7984835023282818,-0.06666666666666667,-0.6009316770186336,-0.47705131863204664,0.39287336746260143,-0.9915053696634597,-0.06817638222573214,Biotechnology,Healthcare,VRDN
2022Q4,2022,Q4,2023-03-09,2022-12-31,-42504000.0,105000.0,-49066000.0,-1.05,105000.0,1.0,435091000.0,395064000.0,424550000.0,33349000.0,40027000.0,-6623000.0,-488174000.0,1184217419.47,1033896419.47,9.744679693332564,12.73051665717113,0.012084828231335514,0.013309235971893162,-0.1136091390851334,9.744679693332564,-0.10758763137111961,11278.261137809524,-6.965329260010823,2.997533107218071,0.0,0.0,0.0,0.00024132882546409832,12.733575219646767,-0.097689908547867,-34.55248794882269,1.0,-0.26506024096385555,0.7559582328559844,-0.9967701948990849,-0.6238533394946586,-0.9121338912133892,-0.5166458519179304,-0.6473392647305691,0.7763192876708542,-0.993646690151853,0.3352728689472816,Biotechnology,Healthcare,VRDN
2022Q3,2022,Q3,2022-11-14,2022-09-30,-28025000.0,1195000.0,-29785000.0,-0.83,1195000.0,1.0,440580000.0,409007000.0,437355000.0,25214000.0,31573000.0,0.0,-442389000.0,692049978.7600001,353016978.7600001,12.121571891427191,17.345720631395256,0.01175041990103954,0.012657485079717461,-0.06962832560351592,12.121571891427191,-0.06851960968883174,579.1213211380754,-6.173505608920607,1.6920247789402136,0.0,0.0,0.0,0.002712333741885696,17.122233679701754,-0.0636093331517545,-33.33092418051342,1.0,0.2169811320754718,0.7952525374023266,-0.9687713452686095,-0.5528301292340768,3.66796875,0.047351961384186556,-0.007475307806792044,0.8467473016739432,-0.8944093737666943,0.08409094312989533,Biotechnology,Healthcare,VRDN
2022Q2,2022,Q2,2022-08-15,2022-06-30,-29418000.0,256000.0,-29564000.0,-1.06,256000.0,1.0,169814000.0,141898000.0,166151000.0,21388000.0,27916000.0,0.0,-413484000.0,321209313.49,295081313.49,5.111183863761509,7.7684215447914715,0.03041563122004075,0.036399385474072926,-0.19974410775183135,5.111183863761509,-0.20731793259947287,1254.7238808203126,-2.7297004681657486,2.263663430703745,0.0,0.0,0.0,0.0015075317700542947,7.569665232840845,-0.17323660004475486,-17.477925426597018,1.0,-0.08163265306122457,0.7931555625164112,-0.9816691583251154,-0.8235121912229547,0.18518518518518517,-0.1537827979762325,-0.1419521804627448,0.7539571975258434,-0.9924235286092574,-0.6842515227526025,Biotechnology,Healthcare,VRDN
2022Q1,2022,Q1,2022-05-13,2022-03-31,-25497000.0,216000.0,-25889000.0,-0.98,216000.0,1.0,183165000.0,166642000.0,179389000.0,14386000.0,16523000.0,0.0,-383993000.0,483071441.08,452792441.08,6.378374538373363,12.469692756846934,0.0031610842682826957,0.0034745142281057597,-0.15310789515349643,6.378374538373363,-0.15300464468741373,2236.4418568518518,-4.736551761775895,2.8988576774162573,0.0,0.0,0.0,0.0011792645974940627,12.230640900875851,-0.139202358529195,-22.763839643749115,1.0,0.6216216216216216,0.8922913260895569,-0.9862143009540637,-0.8976201380196868,0.009345794392523364,0.1192441880548551,0.10551774176830321,0.8271991383406934,-0.9542374726384643,-0.6793242455019313,Biotechnology,Healthcare,VRDN
2021Q4,2021,Q4,2022-03-11,2021-12-31,-28949000.0,214000.0,-28943000.0,-2.59,214000.0,1.0,203709000.0,187716000.0,200163000.0,13636000.0,15993000.0,0.0,-358300000.0,221099337.06,179320337.06,16.784968102337196,14.679011440305075,0.0025526609035437806,0.002770142129600034,-0.15335141499648336,16.784968102337196,-0.15421700867267574,1033.1744722429908,-1.9093866546340115,1.1778395931087386,0.0,0.0,0.0,0.0010505181410737866,14.477559401584042,-0.1421095778782479,-13.304009691317168,1.0,-1.0719999999999998,0.6419950187073364,-0.9805014338479389,40.66380640320268,0.0,-1.0614541052481663,-1.0477571812650346,0.48416368513736946,-0.9173508106741702,-0.32788533869585235,Biotechnology,Healthcare,VRDN
2021Q3,2021,Q3,2021-11-05,2021-09-30,-14043000.0,208000.0,-14134000.0,-1.25,0.0,0.0,221205000.0,204591000.0,217940000.0,14339000.0,16614000.0,0.0,-329354000.0,183969858.1,45524858.099999994,18.293876968533684,15.199107329660366,0.001943898193982957,0.002101754231613316,-0.06879499247995872,18.293876968533684,-0.06863938296406,884.4704716346154,-3.275116750338247,0.8992079715138984,0.0,0.0,0.0,0.0009403042426708257,14.94462654299463,-0.06348409846070387,-15.253283981427742,0.0,0.4343891402714932,0.9672621784884816,-0.9989969255139294,-0.8128215482003167,0.0,0.2182698730794923,0.21469052116901877,0.7145759377811914,-0.9596452169058257,-0.38287556312892557,Biotechnology,Healthcare,VRDN
2021Q2,2021,Q2,2021-08-12,2021-06-30,-17964000.0,1090000.0,-17998000.0,-2.21,0.0,0.0,118202000.0,98912000.0,115462000.0,16830000.0,19290000.0,0.0,-315311000.0,148272731.85,120980731.85,12.201167790111098,6.860487225193108,0.0034855586199895095,0.0041653186670980264,-0.18045640490895964,12.201167790111098,-0.1816159818828858,136.03002922018348,-2.063470438794255,1.4990368393117115,0.0,0.0,0.0,0.00922150217424409,6.6162804515745695,-0.1519771239065329,-10.096883340143002,0.0,0.24054982817869422,0.9578293257161974,-0.9926603238470235,-0.9095669232148205,0.0,0.026868905742145177,0.027923305428031325,0.4864028298585112,-0.8755459932680287,-0.6358473116400011,Biotechnology,Healthcare,VRDN
2021Q1,2021,Q1,2021-05-07,2021-03-31,-18460000.0,1451000.0,-18515000.0,-2.91,0.0,0.0,122832000.0,105998000.0,121534000.0,16436000.0,16834000.0,0.0,-297347000.0,105880358.37,59746358.370000005,16.728566159650033,7.394378194207836,0.0028901263514393644,0.0033491197947131076,-0.173510889530307,16.728566159650033,-0.1741542293250816,72.9706122467264,-1.4339160125947996,0.9988901523613654,0.0,0.0,0.0,0.01181288263644653,7.2086882453151615,-0.15028657027484696,-9.16395693006751,0.0,0.8738621586475943,0.949575162536836,-0.986636470370042,-0.9042385376907238,-1.0,0.796566088470609,0.7956356652464734,-0.10355356046819589,-0.915488255997198,-0.5937735090005783,Biotechnology,Healthcare,VRDN
2020Q4,2020,Q4,2021-03-26,2020-12-31,-90742000.0,54000.0,-90598000.0,-23.07,54000.0,1.0,131255000.0,120037000.0,129611000.0,10674000.0,11218000.0,0.0,-278887000.0,64696484.65,19254484.65,30.521111938034796,12.14268315533071,0.0034665346082054017,0.003790497929804977,-0.7490719075297444,30.521111938034796,-0.7559502486733257,1198.083049074074,-0.17824294331731722,0.5389711892999658,0.0,0.0,0.0,0.00041141289855624547,11.95793516957092,-0.6913412822368672,-6.864348503978779,1.0,-14.380071773668279,0.6330552605033756,-0.9990125458752858,-0.8610453814417655,0.0,-15.516563523844194,-15.746395563770795,-4.370661890888134,-0.9828775509015472,0.1781212612105193,Biotechnology,Healthcare,VRDN
2020Q3,2020,Q3,2020-11-12,2020-09-30,-5494000.0,0.0,-5410000.0,-1.499993,0.0,0.0,32833000.0,21042000.0,31972000.0,7558000.0,11791000.0,0.0,-188145000.0,43235746.5,22396746.5,5.657662230950494,4.230219634824028,0.2814241768951969,0.43912175648702595,-0.17629040667361837,5.657662230950494,-0.26109685391122517,0.0,-1.9674074672369857,2.054735600228115,0.0,0.0,0.0,0.0,3.9872982270441915,-0.1673316480370359,-8.398552156177157,0.0,0.1666663888875,0.9830759621578761,-1.0,-0.983827317463462,0.0,0.14623154623154624,0.15123941010354566,0.6358474452256321,-1.0,-0.79128646752154,Biotechnology,Healthcare,VRDN
2020Q2,2020,Q2,2020-08-05,2020-06-30,-6435000.0,168000.0,-6374000.0,-1.799991,0.0,0.0,33485000.0,21171000.0,32521000.0,6723000.0,12314000.0,0.0,-182651000.0,58916141.55,37528141.55,5.983031826699792,4.8372750260300466,0.27457070329998506,0.43427329837985923,-0.20720369286782395,5.983031826699792,-0.3039535213263426,350.69131875,-2.288894388111888,2.782870036842851,0.0,0.0,0.0,0.005017171868000598,4.585750409043582,-0.19217560101538003,-8.678176690234203,0.0,0.33333345679071796,0.9754380343592283,-0.9977617586463591,-0.9810809786804996,0.0,0.20002486325211338,0.20305076269067268,0.645011760858674,-0.9056185959069956,-0.793407514759121,Biotechnology,Healthcare,VRDN
2020Q1,2020,Q1,2020-05-08,2020-03-31,-8044000.0,828000.0,-7998000.0,-2.699987,0.0,0.0,39050000.0,27000000.0,38341000.0,8661000.0,12050000.0,0.0,-176216000.0,20282547.990000002,-8148452.009999998,8.905685818618887,4.42685602124466,0.19646606914212547,0.28414814814814815,-0.22865801360855395,8.905685818618887,-0.2979259259259259,24.495830905797103,-0.630362630221283,0.7512054811111112,0.0,0.0,0.0,0.021203585147247118,4.1689181387830505,-0.20599231754161332,-2.3977477231351227,0.0,0.4193547623999,0.9740649834267301,-0.9890981334702728,-0.9825618151363616,0.0,0.20498122158529353,0.20583854632112006,0.7071725980574062,-0.5446100559791534,-0.8570540379112396,Biotechnology,Healthcare,VRDN
2019Q4,2019,Q4,2020-03-13,2019-12-31,-10118000.0,880000.0,-10071000.0,-4.649977,0.0,0.0,30262000.0,15754000.0,29739000.0,10180000.0,14508000.0,0.0,-168169000.0,15542676.0,-999324.0,7.29789387618966,2.9213163064833005,0.27440354239640474,0.5271042274977783,-0.4186133510682517,7.29789387618966,-0.642249587406373,17.66213181818182,-0.3840352836528958,0.9865860099022471,0.0,0.0,0.0,0.029079373471680655,2.6476424361493125,-0.3343467054391646,-1.991119139123751,0.0,0.13888884259236117,0.9465570033231254,-0.9839640113518472,-0.9686364757752871,0.0,0.09902048085485307,0.10320569902048085,0.3517572744185095,-0.5846071196246417,18.245326180631785,Biotechnology,Healthcare,VRDN
2019Q3,2019,Q3,2019-11-08,2019-09-30,-11230000.0,695000.0,-11230000.0,-5.399973,0.0,0.0,38813000.0,23169000.0,38217000.0,10385000.0,15644000.0,0.0,-158051000.0,22720751.94,7094751.940000001,11.181323825500117,3.68001925854598,0.23783268492515394,0.3984203029910656,-0.34660493827160493,11.181323825500117,-0.4846993827959774,32.69172941007194,-0.5058048072128227,0.9806531114851741,0.0,0.0,0.0,0.017906371576533634,3.352623976889745,-0.2893360472006802,-2.4478293406593408,0.0,-0.24137938168882692,0.9443510840702302,-0.9956659857973393,-0.9750362518565866,0.0,-0.26236510791366907,-0.2558711697606799,0.8587018928884784,-0.9819107166957209,-0.8855954434192428,Biotechnology,Healthcare,VRDN
2019Q2,2019,Q2,2019-08-08,2019-06-30,-8896000.0,2514000.0,-8942000.0,-4.349978,0.0,0.0,48782000.0,33437000.0,48080000.0,9148000.0,15345000.0,0.0,-146821000.0,68784613.19999999,54928613.19999999,16.18751706522644,5.255793616090949,0.20808904923947358,0.30358584801268057,-0.20514820592823713,16.18751706522644,-0.26605257648712505,27.36062577565632,-1.9330208295863305,2.057140688458893,0.0,0.0,0.0,0.05153540240252552,4.839527765631832,-0.18236234676725022,-9.545463946711072,0.0,0.23684221606702624,0.9831054119456528,-0.9876703120959458,-0.9753223149379853,0.0,0.23501590850460058,0.23807089297886844,0.9180398412517128,-0.9335620549118523,-0.880020748923108,Biotechnology,Healthcare,VRDN
2019Q1,2019,Q1,2019-05-09,2019-03-31,-11629000.0,372000.0,-11736000.0,-5.699972,0.0,0.0,54950000.0,40956000.0,54209000.0,6860000.0,13994000.0,0.0,-137925000.0,88643480.1,80840480.1,19.890417185911,7.902186588921283,0.18911737943585077,0.2537357163785526,-0.22855807431642908,19.890417185911,-0.2839388612169157,238.28892499999998,-1.9056556905150914,2.1643588265455613,0.0,0.0,0.0,0.006769790718835305,7.440962099125365,-0.2116287534121929,-7.482988358939726,0.0,-0.1515153106833872,0.8996465831091425,-0.9979231393040383,-0.8465367767873067,0.0,-0.12716875060579627,-0.12273988328709462,0.9022491615082813,-0.989457053106171,-0.8861387510748714,Biotechnology,Healthcare,VRDN
2018Q4,2018,Q4,2019-03-14,2018-12-31,-10317000.0,476000.0,-10453000.0,-4.949975,0.0,0.0,66147000.0,51344000.0,65370000.0,6733000.0,14803000.0,0.0,-126296000.0,93442927.5,71134927.5,24.973369974950753,9.708896480023764,0.15568355329795758,0.20056871299470239,-0.1695759384835015,24.973369974950753,-0.2009387659707074,196.3086712184874,-2.2642950348938644,1.8199386004206919,0.0,0.0,0.0,0.00719609354921614,9.283380365364621,-0.1559707923261826,-11.359461159737418,0.0,-0.13793104240986967,0.6902743794871362,-0.9973376822724002,-0.8454523176372194,0.0,-0.14493396959272,-0.14227953229155282,0.9201917143089847,-0.9833493054560433,-0.8863027957163482,Biotechnology,Healthcare,VRDN
2018Q3,2018,Q3,2018-11-07,2018-09-30,-9011000.0,944000.0,-9151000.0,-4.349978,0.0,0.0,76553000.0,60718000.0,75752000.0,6833000.0,15835000.0,0.0,-115979000.0,165908817.0,144413817.0,29.64374099539267,11.086199326796429,0.1333063367862788,0.16807207088507525,-0.1290272549102548,29.64374099539267,-0.14840739154781118,175.7508654661017,-4.602952419265343,2.7324486478474257,0.0,0.0,0.0,0.012331326009431374,10.523781647885263,-0.11770929943960394,-23.677581989439133,0.0,0.0,0.9372782440194911,-0.9941236716974241,0.0,0.0,-0.034083084691301356,-0.032727683105744275,0.9495972914982768,-0.9667798673401448,-0.9152620300145952,Biotechnology,Healthcare,VRDN
2018Q2,2018,Q2,2018-08-08,2018-06-30,-8714000.0,2182000.0,-8861000.0,-4.349978,0.0,0.0,81887000.0,67671000.0,81223000.0,4284000.0,14216000.0,0.0,-106968000.0,194193193.5,160902193.5,33.50563700369859,18.959617180205417,0.1234750326669679,0.14941407693103398,-0.11392095857653442,33.50563700369859,-0.12877007876342894,88.99779720439963,-5.571298872504017,2.8696663785077803,0.0,0.0,0.0,0.026646476241650077,18.0812324929972,-0.1064149376579921,-42.21591163043478,0.0,-0.6111107201627267,0.8997418163097597,-0.9877153019263979,0.0,0.0,-0.8695558892941428,-0.9183806018618749,0.9417269878127894,-0.949068352586497,-0.8940513974925539,Biotechnology,Healthcare,VRDN
2018Q1,2018,Q1,2018-05-09,2018-03-31,-4661000.0,4784000.0,-4619000.0,-2.699987,0.0,0.0,86992000.0,72706000.0,86353000.0,4137000.0,14286000.0,0.0,-98254000.0,185647477.35000002,117566477.35000002,41.18039204802586,20.87333816775441,0.11516001471399669,0.1377878029323577,-0.05583627484164209,41.18039204802586,-0.06410750144417242,38.8059108173077,-9.957491812379319,2.5533996829697685,0.0,0.0,0.0,0.05499356262644841,20.04060913705584,-0.05357963950708111,-24.899071532993567,0.0,0.37931019421247647,0.9383644799883454,-0.9701755857817639,0.0,0.0,0.2701221421860319,0.2730563424614416,0.9741946240762529,-0.8918371021568753,-0.9193648525317119,Biotechnology,Healthcare,VRDN
2017Q4,2017,Q4,2018-03-15,2017-12-31,-6386000.0,1192000.0,-6354000.0,-4.349978,0.0,0.0,52481000.0,38510000.0,51868000.0,3897000.0,13971000.0,0.0,-93593000.0,232561986.29999998,195042986.29999998,25.906596326658565,13.309725429817808,0.189058897505764,0.2576473643209556,-0.13119425173439048,25.906596326658565,-0.16582705790703714,195.10233749999998,-9.104368395709363,6.039002500649182,0.0,0.0,0.0,0.022712981841047235,12.547344110854503,-0.12168213258131515,-31.958497498969354,0.0,-0.07407394604417811,0.7348436675768789,-0.9907789882660698,-0.8396770470221209,0.0,-0.09461775797051765,-0.07896077432501274,0.9510158949200158,-0.9684558041678066,-0.8886634726051614,Biotechnology,Healthcare,VRDN
2017Q3,2017,Q3,2017-11-09,2017-09-30,-5834000.0,1631000.0,-5889000.0,-4.04998,0.0,0.0,47081000.0,38985000.0,46421000.0,6534000.0,8096000.0,0.0,-87207000.0,197389244.25,157958244.25,27.10730906504294,7.104530149984695,0.07166372846795947,0.08654610747723483,-0.1390259448995491,27.10730906504294,-0.14964730024368347,121.02344834457388,-8.458572345303395,5.063210061562139,0.0,0.0,0.0,0.034642424757333104,6.6483011937557395,-0.12391410547779359,-34.472449222843174,0.0,0.20588238177638127,0.9421657696760114,-0.9855402316789029,0.0,0.0,0.20213347921225383,0.19877551020408163,0.9583469977260952,-0.9853457897018226,-0.9394794349125174,Biotechnology,Healthcare,VRDN
2017Q2,2017,Q2,2017-08-11,2017-06-30,-7312000.0,718000.0,-7350000.0,-5.099975,0.0,0.0,50026000.0,41336000.0,49350000.0,6630000.0,8690000.0,0.0,-81373000.0,276828907.95,234343907.95,28.96054916868735,7.4434389140271495,0.07695998080997882,0.09313915231275402,-0.1626610011950604,28.96054916868735,-0.17689181343139151,385.55558210306407,-9.464883340741247,6.697041512241146,0.0,0.0,0.0,0.014352536680925919,7.06998491704374,-0.14616399472274416,-38.53945537379925,0.0,0.4333332777775,0.8809576424255672,-0.9942799839854028,0.0,0.0,-0.04756446991404011,-0.059230436662343275,0.9799037777273184,-0.9949039149800829,-0.9558499732399904,Biotechnology,Healthcare,VRDN
2017Q1,2017,Q1,2017-05-11,2017-03-31,-6980000.0,462000.0,-6939000.0,-8.999955,0.0,0.0,57794000.0,47994000.0,56939000.0,7279000.0,9800000.0,0.0,-74061000.0,143748429.6,93796429.6,62.301066000654245,7.822365709575491,0.0747655465965325,0.09003208734425136,-0.1326388225174424,62.301066000654245,-0.14543484602241946,311.143787012987,-5.148582722063037,2.9951333416677084,0.0,0.0,0.0,0.007993909402360106,7.494161285890919,-0.12077378274561373,-17.47276402090677,0.0,-0.24473474569942,0.7884584462538888,-0.9933989802405222,0.0,-1.0,-0.25314183123877915,-0.26786040562762653,0.8389994391388153,-0.9931057254254316,-0.5193201676624742,Biotechnology,Healthcare,VRDN
2016Q4,2016,Q4,2017-03-24,2016-12-31,-5570000.0,756000.0,-5473000.0,-7.23042,64000.0,0.08465608465608465,4259000.0,-326000.0,4259000.0,4585000.0,4585000.0,64000.0,-30642000.0,57892253.400000006,55596253.400000006,-0.42318097087580286,0.9288985823336968,0.245362761211552,-3.205521472392638,-7.611961057023644,-0.42318097087580286,17.085889570552148,76.57705476190478,-2.598395574506284,-177.5835993865031,0.0,10.8125,0.0,0.1775064569147687,0.8429661941112323,-1.3078187367926744,-30.84296931273309,0.08465608465608465,0.8109675239109577,0.5537276544951493,-0.9887151496064925,-1.0026188551378723,-0.7793103448275862,-2.0288200108754757,-2.0137665198237884,0.5537276544951493,-0.9887151496064925,-1.0026188551378723,Biotechnology,Healthcare,VRDN
2016Q3,2016,Q3,2016-10-26,2016-09-30,-1839000.0,889000.0,-1816000.0,-38.249618,290000.0,0.3262092238470191,7541000.0,4686000.0,6512000.0,2853000.0,2855000.0,62000.0,-25072000.0,5393925.0,1147925.0,97.7349518207984,2.282509638976516,0.14653229014719532,0.23580879214682032,-0.31359005353134173,97.7349518207984,-0.39244558258642764,6.067407199100113,-0.7332687601957586,1.151072343149808,0.0,9.661290322580646,0.0,0.1178888741546214,2.132492113564669,-0.24386686115899747,-4.798865658362989,0.3262092238470191,0.2608695626968872,0.45316158635799847,-0.7635888886282439,0.0,0.17886178861788618,0.2664539289988033,0.2689210950080515,0.45316158635799847,-0.7635888886282439,0.0,Biotechnology,Healthcare,VRDN
2016Q2,2016,Q2,2016-08-15,2016-06-30,-2507000.0,874000.0,-2484000.0,-51.749483,246000.0,0.2814645308924485,9042000.0,6437000.0,7966000.0,2597000.0,2605000.0,213000.0,-23233000.0,4562268.75,-833731.25,134.91930412911339,3.0673854447439353,0.12220747622207476,0.17166381854901352,-0.32935560859188545,134.91930412911339,-0.3894671430790741,5.219987128146453,-0.4549530065815716,0.7087569908342396,0.0,2.948356807511737,0.0,0.09666003096660031,2.756642279553331,-0.2772616677726167,-2.2720461902390436,0.2814645308924485,0.11538460683752139,-0.2210456745438077,-0.7916965456122572,0.0,0.30158730158730157,0.09100797679477883,0.09177330895795247,-0.2210456745438077,-0.7916965456122572,0.0,Biotechnology,Healthcare,VRDN
2016Q1,2016,Q1,2016-05-16,2016-03-31,-2758000.0,818000.0,-2735000.0,-58.499415,189000.0,0.2310513447432763,10796000.0,8339000.0,9672000.0,2443000.0,2457000.0,269000.0,-20726000.0,5477706.0,-1977294.0,174.68996145466733,3.9590667212443718,0.10235272323082623,0.13250989327257465,-0.2896018636171114,174.68996145466733,-0.3307351001319103,6.696462102689487,-0.49652882523567804,0.6568780429308071,0.0,2.3382899628252787,0.0,0.07576880326046684,3.7044617273843636,-0.25546498703223414,-2.4618903370786516,0.2310513447432763,0.07142857142857142,-0.3489006803414755,-0.811388657844206,0.0,-0.06896551724137931,0.07449664429530202,0.0750760906323977,-0.3489006803414755,-0.811388657844206,0.0,Biotechnology,Healthcare,VRDN
2015Q4,2015,Q4,2016-03-21,2015-12-31,-2980000.0,659000.0,-2957000.0,-62.99937,203000.0,0.30804248861911987,12902000.0,10410000.0,11734000.0,2468000.0,2492000.0,187000.0,-17968000.0,7976410.2,-1750589.7999999998,219.64805671604,4.754457050243112,0.08564563633545187,0.10614793467819404,-0.25679548415110726,219.64805671604,-0.2862632084534102,12.103809104704098,-0.6691619295302014,0.7662257636887608,0.0,2.4385026737967914,0.0,0.051077352348473104,4.548622366288493,-0.23097194233452178,-6.033593192133131,0.30804248861911987,0.2820512861421988,-2.88087048645542,-0.8401077071847323,0.3592918430713125,3.6710526315789473,0.05456852791878172,0.054667519181585675,-2.88087048645542,-0.8401077071847323,0.3592918430713125,Biotechnology,Healthcare,VRDN
2015Q3,2015,Q3,2015-11-13,2015-09-30,-3152000.0,501000.0,-3128000.0,-87.749123,-76000.0,-0.15169660678642716,14797000.0,12633000.0,13605000.0,2114000.0,2164000.0,364000.0,-14988000.0,7523935.2,-3495064.8,349.82831191847583,6.435666982024598,0.07467729945259174,0.08746932636745033,-0.22768962003202795,349.82831191847583,-0.24950526399113432,15.017834730538922,-0.5967588197969543,0.5955778674899074,0.0,1.585164835164835,0.0,0.033858214502939785,5.993850520340587,-0.21301615192268702,-3.2208626712328767,-0.15169660678642716,-0.18181818059380472,-0.24441241046330703,-0.8231094269627307,0.0,-2.357142857142857,-0.2302888368462139,-0.25622489959839356,-0.24441241046330703,-0.8231094269627307,0.0,Biotechnology,Healthcare,VRDN
2015Q2,2015,Q2,2015-08-14,2015-06-30,-2562000.0,734000.0,-2490000.0,-74.249258,56000.0,0.07629427792915532,13094000.0,10943000.0,11859000.0,2075000.0,2151000.0,536000.0,-11836000.0,17050628.25,7707628.25,316.24425627835734,5.715180722891566,0.0843897968535207,0.10097779402357672,-0.20667330677290838,316.24425627835734,-0.2341222699442566,23.229738760217984,-1.6638005708430914,1.558131065521338,0.0,1.2649253731343284,0.0,0.056056208950664425,5.315180722891566,-0.19566213532915838,-7.715216402714932,0.07629427792915532,0.26666666534978106,-0.7204908400503874,-0.7588003000596971,0.0,1.4869565217391305,0.02733485193621868,0.04670750382848392,-0.7204908400503874,-0.7588003000596971,0.0,Biotechnology,Healthcare,VRDN
2015Q1,2015,Q1,2015-05-15,2015-03-31,-2634000.0,645000.0,-2612000.0,-101.248988,-115000.0,-0.17829457364341086,15747000.0,13149000.0,14491000.0,2495000.0,2598000.0,330000.0,-9274000.0,12455111.25,245111.25,510.70027576028275,5.8080160320641285,0.06718740077475074,0.08046239257738232,-0.18385303019638208,510.70027576028275,-0.20031941592516542,19.31025,-1.1821479925968108,0.9472287816563997,0.0,2.303030303030303,0.0,0.040960182891979426,5.55751503006012,-0.16726995618212992,-10.802351474414571,-0.17829457364341086,-0.154463227954777,-1.3884759591870657,-0.7242639129224117,0.0,0.5494930817807168,-0.16648339798296685,-0.15786813956477988,-1.3884759591870657,-0.7242639129224117,0.0,Biotechnology,Healthcare,VRDN
2014Q4,2014,Q4,2015-03-27,2014-12-31,-2258069.0,654516.0,-2255870.0,-87.70222,-255268.0,-0.39001032824254867,8089000.0,5991000.0,6785000.0,1989000.0,2098000.0,179000.0,-6640000.0,14714410.5,9675410.5,232.6873033751505,3.4112619406737053,0.009889974038818148,0.013353363378400934,-0.366748496179483,232.6873033751505,-0.3769101986312803,22.481361036246632,-1.629092213302605,2.4560858788182274,0.0,5.08259217877095,0.0,0.08091432809988874,3.120663650075415,-0.2791530473482507,-11.69218987637487,-0.39001032824254867,0.09350804570832248,-4.413109660575776,-0.7076796066387792,0.4399852117653841,-1.5943818864269281,-0.3792235904771736,-0.3813853717800262,-4.413109660575776,-0.7076796066387792,0.4399852117653841,Biotechnology,Healthcare,VRDN
2014Q3,2014,Q3,2014-11-14,2014-09-30,-1637203.0,1300990.0,-1633049.0,-96.749033,429468.0,0.33010860959730665,9524766.0,7529688.0,8655558.0,1995078.0,1995078.0,232064.0,-31518965.0,17021137.5,10643376.5,447.9024448277913,4.338455940068509,0.0011125732642670698,0.0014073624298908533,-0.2165765617612597,447.9024448277913,-0.21743304636261157,13.0832193175966,-2.5991183591772065,2.26053689077157,0.0,3.7555243381136236,0.0,0.13659023224297584,3.978970245774852,-0.17188905218248932,-20.4820511246927,0.33010860959730665,0.6194690253304322,-0.388476872415538,-0.013268676586721321,0.0,-0.2816338819751104,0.5022108886455825,0.41913069273967163,-0.388476872415538,-0.013268676586721321,0.0,Biotechnology,Healthcare,VRDN
2014Q2,2014,Q2,2014-08-14,2014-06-30,-3288949.0,1273571.0,-2811388.0,-254.247458,597840.0,0.46942023648465614,10662994.0,8463166.0,9767954.0,2137301.0,2199828.0,193140.0,-29881763.0,20466087.795,12780359.795000002,655.9576809796931,4.570228526538845,0.0009938109315263612,0.0012521318853960799,-0.331775623179454,655.9576809796931,-0.388619223586067,16.069844394226944,-1.555670808136581,2.4182543264541896,0.0,3.498659003831418,0.0,0.11943840538595445,4.236993292007068,-0.30844517027769125,-43.11563771517173,0.46942023648465614,-3.5199999687107986,-4.92361867614572,0.12243339587969088,0.0,0.39875388679227625,-3.6600267222459153,-15.865663225210417,-4.92361867614572,0.12243339587969088,0.0,Biotechnology,Healthcare,VRDN
2014Q1,2014,Q1,2014-03-31,2014-03-31,-705779.0,1090923.0,-166693.0,-56.249438,427409.0,0.39178658805433564,3495332.0,1625443.0,1586248.0,1714204.0,1869889.0,124236.0,-26592814.0,25649480.25,26552895.25,129.61031815644685,0.9253554419427326,0.28853339253610244,0.6204585457626013,-0.06328600667511275,129.61031815644685,-0.43420716690772915,23.5117237880217,-9.085521193603096,15.779993669418122,0.0,5.340754692681671,0.0,0.312108549345241,0.746018560218037,-0.2019204470419405,301.09264509085784,0.39178658805433564,-2.471797489417855,-0.3139181168971397,-0.04253599300677199,0.0,-0.3911431282105341,-2.473544075162289,-1.6535160798365944,-0.3139181168971397,-0.04253599300677199,0.0,Biotechnology,Healthcare,VRDN
2013Q4,2013,Q4,2013-12-31,2013-12-31,-203187.0,1090603.0,255071.0,-16.20182,701986.0,0.6436677691148841,3672626.0,2026501.0,2054548.0,1386780.0,1646125.0,356641.0,-25887035.0,25649480.25,26137196.25,161.59006458815085,1.4815241062028583,0.1897998870562916,0.3439741702570095,0.09365335506955039,161.59006458815085,-0.10026493942021247,23.518622495995334,-31.558958311801444,12.657028173191131,-0.22147086181694695,1.0896587885296418,0.001754421515032454,0.2969545496873354,0.8677353293240456,-0.05532471860733982,-71.21512470534665,0.6436677691148841,0.7837596255863494,0.0,0.0,0.0,1.596207685963556,0.7690098734134044,1.818429758165174,0.0,0.0,0.0,Biotechnology,Healthcare,VRDN
2013Q3,2013,Q3,2013-09-30,2013-09-30,-879635.0,983589.0,-311659.0,-74.925046,270389.0,0.2749003903053003,,,,,,,,25649480.25,,,0.0,0.0,0.0,0.0,,0.0,26.077437069751696,-7.289807775384109,0.0,-0.06821010987511866,0.0,0.002339228686709938,0.0,0.0,0.0,-85.97917770060539,0.2749003903053003,-0.49221603435084177,0.0,0.0,0.0,-0.4590597179153746,-0.6298863608991071,-4.16222483560532,0.0,0.0,0.0,Biotechnology,Healthcare,VRDN
2013Q2,2013,Q2,2013-06-30,2013-06-30,-539691.0,1102904.0,-60373.0,-50.210589,499850.0,0.4532126096196949,,,,,,,,25649480.25,,,0.0,0.0,0.0,0.0,,0.0,23.256312652778483,-11.88155826667482,0.0,-0.1667620916413281,0.0,0.003508843030064908,0.0,0.0,0.0,-175.2300940727988,0.4532126096196949,-0.004042056730730247,0.0,0.0,0.0,0.0625588568537544,-0.004719299421397136,0.23821480845909251,0.0,0.0,0.0,Biotechnology,Healthcare,VRDN
2013Q1,2013,Q1,2013-03-31,2013-03-31,-537156.0,1139388.0,-79252.0,-50.008452,470421.0,0.41287164688411676,,,,,,,,25649480.25,,,0.0,0.0,0.0,0.0,,0.0,22.511629269397254,-11.937630897728035,0.0,-0.167549091883922,0.0,0.003508843030064908,0.0,0.0,0.0,-69.75748990331661,0.41287164688411676,0.0,0.0,0.0,0.0,0.0,0.0,0.0,0.0,0.0,0.0,Biotechnology,Healthcare,VRDN
