Quarters,Year,Quarter,FillingDate,Date,NetIncome,Revenue,OperatingIncome,EPSDiluted,GrossProfit,GrossProfitRatio,TotalAssets,CommonStockEquity,CurrentAssets,CurrentLiability,TotalLiability,Inventory,RetainedEarnings,MarketCap,EnterpriseValue,bookValuePerShare,currentRatio,debtToAssets,debtToEquity,roic,shareholdersEquityPerShare,roe,priceToSalesRatio,peRatio,pbRatio,payoutRatio,inventoryTurnover,dividendYield,assetTurnover,quickRatio,returnOnAssets,priceToFreeCashFlowsRatio,grossProfitMargin,epsdilutedGrowth,fiveYNetIncomeGrowthPerShare,fiveYRevenueGrowthPerShare,fiveYShareholdersEquityGrowthPerShare,grossProfitGrowth,netIncomeGrowth,operatingIncomeGrowth,threeYNetIncomeGrowthPerShare,threeYRevenueGrowthPerShare,threeYShareholdersEquityGrowthPerShare,Industry,Sector,Symbol
2023Q1,2023,Q1,2023-04-25,2023-03-31,82371000.0,365773000.0,119588000.0,0.44,192369000.0,0.5259245488,5519313000.0,1441720000.0,77316000.0,831570000.0,4005927000.0,0.0,-205203000.0,12479467000.0,15835163000.0,7.755352339967724,0.09297593708286735,0.613546830918993,2.3488312571095635,0.02344313875565634,7.755352339967724,0.05713384013539383,34.11806502940348,37.87579063019752,8.655957467469412,0.9725267387794247,0.0,0.006419184409077728,0.06627147255464584,97.66143078754645,0.014924140015251898,127.33370405893517,0.5259245488321992,0.9130434782608695,0.30265916485550004,0.4327677530971428,0.3289961226704845,0.11706056558852564,0.814738929279577,0.1657795714647794,0.27586949019923285,0.41922016109346094,0.19576404063827252,REIT—Residential,Real Estate,ELS
2022Q4,2022,Q4,2023-02-21,2022-12-31,45390000.0,336887000.0,102582000.0,0.23,172210000.0,0.5111803067,5492519000.0,1445405000.0,67703000.0,785050000.0,3975034000.0,0.0,-204248000.0,12005780799.999998,15391117799.999998,7.777350307778399,0.08624036685561429,0.616836100157323,2.3439686454661497,0.01256377490076406,7.777350307778399,0.03140296318332924,35.637411951188376,66.12569288389513,8.30617079642038,1.764749944921789,0.0,0.006671952564717824,0.06133560939889329,0.06114642379466276,0.00826396777143602,1637.8964256480215,0.511180306749741,0.09523809523809533,-0.04376756545856367,0.41306241977586394,0.32816234516246584,-0.024654089475144848,0.11386503067484663,0.009506376948512045,-0.19271954223191082,0.34398824483692175,0.13046348349929604,REIT—Residential,Real Estate,ELS
2022Q3,2022,Q3,2022-10-21,2022-09-30,40750000.0,376705000.0,101616000.0,0.21,176563000.0,0.4687036275,5405446000.0,1447174000.0,75163000.0,680711000.0,3886057000.0,-23200000.0,-200969000.0,11676551760.0,14946371760.0,7.788293670014101,0.11041837137933719,0.6105564647209499,2.2805343379579788,0.012370288086373847,7.788293670014101,0.028158327885934933,30.996540422877317,71.63528687116565,8.068519583685168,1.9658650306748466,-8.626810344827586,0.006860672709423248,0.06968990162883877,0.11041837137933719,0.007538693384412683,255.06349548919812,0.4687036275069351,0.1052631578947368,-0.25986631258865295,0.4852934049484467,0.4244566453419768,0.05469305345654602,0.11530777020554506,0.12077294685990338,-0.38053777166970226,0.4704420181811174,0.1365127080299882,REIT—Residential,Real Estate,ELS
2022Q2,2022,Q2,2022-07-27,2022-06-30,36537000.0,360966000.0,90666000.0,0.19,167407000.0,0.4637749816,5399588000.0,1449205000.0,84351000.0,657439000.0,3877852000.0,58313000.0,-191828000.0,13091000490.0,16316787490.0,7.801197198641309,0.12830239763689102,0.6052708095506546,2.2551764588170755,0.010871956267663758,7.801197198641309,0.025211754030658187,36.26657494057612,89.57358629608342,9.033228901363161,2.1918055669595207,3.319311302796975,0.006117332289550621,0.06685065601301432,0.25624278450168,0.006766627379718601,164.16282717195025,0.46377498157721225,-0.3870967741935484,-0.18378013843321858,0.5438308268331062,0.30326380955131926,-0.09275316764396657,-0.38681905145503975,-0.19853968141718084,-0.23583571232134218,0.488266990310525,0.13799870176066595,REIT—Residential,Real Estate,ELS
2022Q1,2022,Q1,2022-04-27,2022-03-31,59586000.0,356526000.0,113126000.0,0.31,184522000.0,0.5175555219,5264805000.0,1457370000.0,78662000.0,639490000.0,3734468000.0,79688000.0,-177158000.0,14201571200.0,17327429200.0,7.84840325273305,0.12300739651910116,0.6009677471435314,2.1710190274261167,0.016755956135914227,7.84840325273305,0.040885979538483705,39.83319926176492,59.58434531601383,9.744657293617957,1.185983284664183,2.158468025298665,0.004976069126773804,0.06771874741799554,0.2476191965472486,0.011317798095086143,151.5901455958328,0.5175555218974213,0.40909090909090906,-0.06692868070228873,0.4374948105835594,0.3013410624805228,0.04488210378491019,0.45726234439580327,0.2098390460403187,-0.491488351180667,0.4015454742221572,0.19244227835632868,REIT—Residential,Real Estate,ELS
2021Q4,2021,Q4,2022-02-22,2021-12-31,40889000.0,322469000.0,93505000.0,0.22,176596000.0,0.5476371372,5307871000.0,1415110000.0,163353000.0,896481000.0,3821700000.0,0.0,-183689000.0,16119709740.0,19270530740.0,7.695457585826232,0.1822157970999943,0.6168610729235884,2.3137558211022466,0.011843764372811445,7.695457585826232,0.028894573566719196,49.98840117964828,98.55774010124972,11.391135487700602,1.7098975274523711,0.0,0.004337298941959733,0.0607529836350582,5.631622979181935,0.007703465287683141,292.06605558776636,0.5476371372131895,-0.42105263157894735,-0.03586445499083906,0.4121346254553571,0.2996337377419097,-0.007346700168069116,-0.42104070796460175,-0.049330500116921014,-0.2061180513884399,0.3061131954989589,0.22915769569748995,REIT—Residential,Real Estate,ELS
2021Q3,2021,Q3,2021-10-26,2021-09-30,70625000.0,329854000.0,98357000.0,0.38,177903000.0,0.5393386164788058,4981860000.0,1247818000.0,80219000.0,768351000.0,3672638000.0,0.0,-181941000.0,14328928899.999998,17412943900.0,6.801247077162899,0.10440410697714976,0.6271326372077899,2.5038002336879255,0.02249648624632757,6.801247077162899,0.05659879886329577,43.44021567117573,50.72187221238938,11.483188173275268,0.9898336283185841,0.0,0.0048787317243230936,0.06621101355718546,0.10440410697714976,0.014176432095642993,354.9664057274506,0.5393386164788058,0.15151515151515146,0.5133629406399811,0.37958767410124583,0.15603684190417602,0.037444163235791514,0.15666814065084592,0.10844772015236549,0.2247855697635444,0.2860075887604108,0.08454321133136021,REIT—Residential,Real Estate,ELS
2021Q2,2021,Q2,2021-07-27,2021-06-30,61059000.0,314459000.0,88734000.0,0.33,171482000.0,0.545323873700546,4824007000.0,1240486000.0,82825000.0,603625000.0,3522016000.0,0.0,-185930000.0,13549462470.0,16485100470.0,6.803259897881396,0.13721267343135224,0.6178247668380249,2.402599465048376,0.021022645293857178,6.803259897881396,0.049221837247659384,43.08816879147997,55.47692588316219,10.922704867285887,1.144646980789073,0.0,0.005158212006915135,0.06518626527697825,0.13721267343135224,0.012657319941699918,146.2435236913114,0.545323873700546,-0.07783878945382897,0.4972112522085662,0.4138358205859357,0.15769275310742073,0.08622972211137082,-0.06408645003065604,-0.06078728156059147,0.28517979333338234,0.29842153782905156,0.1651618057756965,REIT—Residential,Real Estate,ELS
2021Q1,2021,Q1,2021-04-27,2021-03-31,65240000.0,293341000.0,94477000.0,0.357855,157869000.0,0.5381757067713003,4785715000.0,1233385000.0,128723000.0,547606000.0,3481369000.0,0.0,-180370000.0,11602105303.2,14494340303.2,6.765377433555166,0.23506499198328726,0.6234727726160041,2.41916595385869,0.02240305533502737,6.765377433555166,0.05289508142226474,39.55159798050733,44.45932442979767,9.406718342772127,1.0116952789699571,0.0,0.005688881308618668,0.061295125179832065,0.23506499198328726,0.013632236771307945,99.5436007927724,0.5381757067713003,0.27805357142857123,0.24250462067941103,0.36289098292948535,0.3130747794475423,0.1211411040330656,0.009063631020509172,0.06830928581120811,0.052066449380199976,0.17168178950945565,0.15934905126884635,REIT—Residential,Real Estate,ELS
2020Q4,2020,Q4,2021-02-23,2020-12-31,64654000.0,269208000.0,88436000.0,0.28,140811000.0,0.52305652135152,4418969000.0,1233687000.0,59904000.0,518592000.0,3114214000.0,0.0,-179523000.0,11546132780.16,14189002780.16,6.769921133621054,0.11551277304701962,0.6035186035475696,2.161755777599991,0.02267231056009857,6.769921133621054,0.05240713406236752,42.889263246857446,44.64585632814675,9.359045511673544,1.0209577133665357,0.0,0.005716979118187942,0.060920997635421296,0.11551277304701962,0.014631014609968978,264.52833532258063,0.52305652135152,0.0,0.6203431484863954,0.2566929139891238,0.23052750618503565,0.009781494044332255,0.2787579113924051,0.041906714263834396,0.3891053995578024,0.15159976732586739,0.15612052608744023,REIT—Residential,Real Estate,ELS
2020Q3,2020,Q3,2020-10-27,2020-09-30,50560000.0,281757000.0,84879000.0,0.28,139447000.0,0.49491938088494697,4260413000.0,1228311000.0,150448000.0,362309000.0,2961321000.0,0.0,-181754000.0,11069028597.699999,13455593597.699999,6.802355205374157,0.4152477581291108,0.5869813560328541,2.03595262111957,0.022761292689323465,6.802355205374157,0.04116221380415872,39.2857270545186,54.73214298704509,9.011584686370146,1.304865506329114,0.0,0.0059602339462478705,0.06613372928868633,0.4152477581291108,0.011867394076583656,157.65825745559684,0.49491938088494697,0.1200000000000001,0.20790145979673277,0.2699157989953406,0.24055661890569974,0.1053011207812178,0.09449074575170473,0.1811059779583658,-0.05502782364299588,0.14318095342889994,0.24413131897917542,REIT—Residential,Real Estate,ELS
2020Q2,2020,Q2,2020-07-28,2020-06-30,46195000.0,251277000.0,71864000.0,0.25,126162000.0,0.5020833582062824,4268174000.0,1236512000.0,155297000.0,369212000.0,2960791000.0,0.0,-169903000.0,12030024160.0,14406932160.0,6.42203778915769,0.4206174230523385,0.5850045007537181,2.019309962216299,0.019248874957043326,6.42203778915769,0.03735911984679485,47.875548339083956,65.10457928347223,9.728999120105588,1.4284229895010283,0.0,0.005485109516189035,0.058872248413490175,0.4206174230523385,0.010823129516275579,224.16890263672784,0.5020833582062824,-0.32432432432432434,0.18238570428880183,0.11015745625677174,0.17983934485379055,-0.09750845893571208,-0.3092336448598131,-0.24971288968699756,-0.004337079828784096,0.03688177005020773,0.07286218013279695,REIT—Residential,Real Estate,ELS
2020Q1,2020,Q1,2020-04-28,2020-03-31,66875000.0,266967000.0,95782000.0,0.37,139793000.0,0.5236340071993917,4212464000.0,1248910000.0,132148000.0,198881000.0,2891557000.0,0.0,-153703000.0,11068578720.0,13431506720.0,6.485687875199933,0.6644576404985896,0.5839454058242397,1.9695966883122082,0.025825889468687503,6.485687875199933,0.053546692716048394,41.460475339648724,41.37786437383178,8.862591155487586,0.8819140186915888,0.0,0.005328416727382683,0.06337549709623631,0.6644576404985896,0.01587550659186642,135.093048222328,0.5236340071993917,0.23333333333333336,0.9780595075620475,0.13300308294864435,0.19368122170646537,0.13686119514654696,0.21679403202328967,0.1696564862191503,0.009828958458717243,0.03797305003174713,0.07538969120765195,REIT—Residential,Real Estate,ELS
2019Q4,2019,Q4,2020-02-24,2019-12-31,54960000.0,245019000.0,81889000.0,0.3,122964000.0,0.5018549581869162,4151275000.0,1249810000.0,66418000.0,352282000.0,2829387000.0,0.0,-154318000.0,12787328960.0,15166926960.0,6.879789061123833,0.1885364565887556,0.5801730793551378,1.9270593130155784,0.022384636664126302,6.879789061123833,0.0439746841519911,52.18913210812223,58.166525473071324,10.231418343588226,1.073198689956332,0.0,0.004612613015939804,0.05902258944541135,0.1885364565887556,0.01323930599635052,492.4453714329726,0.5018549581869162,-0.15260221735753124,0.5935803879390177,0.1990308130777856,0.26073102211448934,0.004772021572152312,-0.14739144599059897,-0.011062133929110561,0.3117926934681513,0.08611240194132787,0.161881002222987,REIT—Residential,Real Estate,ELS
2019Q3,2019,Q3,2019-10-30,2019-09-30,64461000.0,251037000.0,82805000.0,0.354025,122380000.0,0.4874978588813601,4137471000.0,1247759000.0,79614000.0,332008000.0,2817678000.0,0.0,-153505000.0,12162956424.8,14502174424.8,6.852799458366107,0.2397954266162261,0.5756182943638759,1.9087051265508803,0.02281529844217842,6.852799458366107,0.051661418591250396,48.450851566900496,47.17176441879586,9.747841069309057,0.9148477373916011,0.0,0.00484849225306418,0.06067402043422177,0.2397954266162261,0.015579807085052681,334.8923820810044,0.4874978588813601,0.38833333333333325,1.1080009115384468,0.1704830986180211,0.2584903545842931,0.08029377493732566,0.3889762761533323,0.16246911500449238,0.3918155294970374,0.057950363970787705,0.16479941901432224,REIT—Residential,Real Estate,ELS
2019Q2,2019,Q2,2019-07-30,2019-06-30,46409000.0,235419000.0,71232000.0,0.255,113284000.0,0.481201602249606,4014478000.0,1236073000.0,126467000.0,194210000.0,2707004000.0,0.0,-162204000.0,11015260080.0,13199279080.0,6.855189893074227,0.6511868595849853,0.5665683060163738,1.84008226051374,0.020290843397998432,6.855189893074227,0.0375455171336968,46.79002153606973,59.33795212135577,8.911496392203373,1.2636557564265551,0.0,0.005323977788457265,0.05864249349479559,0.6511868595849853,0.011560407106478102,231.49083893745797,0.481201602249606,-0.5952380952380952,0.5406065385330625,0.17900671645672492,0.2574028094202818,-0.1455809814007512,-0.5904208844840215,-0.2135838724635121,0.15076270942917414,0.07035202917408903,0.1665295431178047,REIT—Residential,Real Estate,ELS
2019Q1,2019,Q1,2019-04-30,2019-03-31,113309000.0,245983000.0,90578000.0,0.63,132586000.0,0.539004727969006,4008877000.0,1181826000.0,179033000.0,187664000.0,2751559000.0,0.0,-152848000.0,10249284800.0,12451258800.0,6.581788817108487,0.9540082274703726,0.5852501835302006,1.985229636173176,0.02567387618331178,6.581788817108487,0.095876211895829,41.666638751458436,22.613571737461278,8.67241438248947,0.4643761748846076,0.0,0.005133821630168771,0.06135957775706264,0.9540082274703726,0.028264523955212395,135.4704098761516,0.539004727969006,1.2499999999999998,1.5959201945141004,0.18428352119764552,0.20981551363133324,0.03949070553277564,1.258276033881415,0.17519299383717157,1.191015762939092,0.16035393419377486,0.2774425350654097,REIT—Residential,Real Estate,ELS
2018Q4,2018,Q4,2019-02-26,2018-12-31,50175000.0,240516000.0,77075000.0,0.28,127549000.0,0.5303139915847594,3925808000.0,1121552000.0,136929000.0,164230000.0,2732464000.0,0.0,-211034000.0,8699934100.0,10982312100.0,6.260756949871609,0.8337636241855934,0.5981831001414231,2.0938413912150304,0.02221243008452107,6.260756949871609,0.04473711428449149,36.17195571188611,43.34795266567015,7.757049249611253,1.0469357249626308,0.0,0.006037976770421744,0.061265349706353445,0.615082506241247,0.01278080843484959,236.6942567199913,0.5303139915847594,-0.11111111111111104,0.7550417692239804,0.26444297259584276,0.16342194704593505,0.004750051202873663,-0.10513643659711075,-0.01791516417986519,0.279168594993741,0.14212591620271356,0.13797982048802018,REIT—Residential,Real Estate,ELS
2018Q3,2018,Q3,2018-10-25,2018-09-30,56070000.0,249408000.0,78481000.0,0.315,126946000.0,0.5089892866307416,3855037000.0,1118759000.0,204137000.0,243510000.0,2664520000.0,0.0,-211743000.0,8556956000.000001,10739348000.0,6.271070627802691,0.8383105416615334,0.5952736640400598,2.051203163505277,0.022990946990547406,6.271070627802691,0.05011803257001731,34.30906787272261,38.1530051721063,7.64861422343865,0.928179061886927,0.0,0.006081952507410345,0.0646966553109607,0.6090057903166194,0.01454460748366358,178.0584722308925,0.5089892866307416,0.2115384615384615,0.6215380226783241,0.2623989618163805,0.17008777298754277,0.08292599701428877,0.21508289088742008,0.13851130808176054,0.35584230884744056,0.13779697937025223,0.14366538354238137,REIT—Residential,Real Estate,ELS
2018Q2,2018,Q2,2018-07-26,2018-06-30,46145000.0,235227000.0,68933000.0,0.26,117225000.0,0.4983484038822074,3700189000.0,1034057000.0,132840000.0,151397000.0,2598358000.0,0.0,-218453000.0,8137653100.000001,10318627100.0,5.8388971078160115,0.8774282185248057,0.6018608779173172,2.1536520714041876,0.021138244789417907,5.8388971078160115,0.04462519957797297,34.594893868475985,44.08740437750569,7.8696368768839635,1.1272943980929677,0.0,0.006392383573096769,0.06357161755791393,0.533015845756521,0.012470984590246606,141.49733268418217,0.4983484038822074,-0.23529411764705885,1.1429603791472083,0.2744192901166187,0.1105637385146385,-0.1012902780652729,-0.2337517850619375,-0.19973763031414707,0.28410539648938765,0.12987612960099462,0.07270632228059293,REIT—Residential,Real Estate,ELS
2018Q1,2018,Q1,2018-05-02,2018-03-31,60222000.0,243135000.0,86138000.0,0.34,130437000.0,0.5364797334813992,3690083000.0,1033163000.0,154632000.0,146177000.0,2588944000.0,0.0,-215749000.0,7769751480.0,9934749480.0,5.835496588495775,1.05784083679375,0.6067313391053806,2.16702398363085,0.02632537624707676,5.835496588495775,0.058288963116178184,31.95653229687211,32.25462239713062,7.520353980930405,0.7646042974328319,0.0,0.00592631567670167,0.06588876185169819,0.7443305034307722,0.01631995811476327,89.16605246849825,0.5364797334813992,0.3333333333333334,0.5128368844423755,0.22710691370133354,0.10723278555689299,0.13720139494333042,0.3379396147608362,0.19974372188252992,0.9373799713579618,0.12228992760750704,0.07401448097050398,REIT—Residential,Real Estate,ELS
2017Q4,2017,Q4,2018-02-28,2017-12-31,45011000.0,226071000.0,71797000.0,0.255,114700000.0,0.5073627311773735,3610032000.0,1031954000.0,126390000.0,165178000.0,2509990000.0,0.0,-211980000.0,7843997300.0,10012929300.0,5.855722635192646,0.7651745389821889,0.6094175896501749,2.131894444907428,0.022214617643537025,5.855722635192646,0.04361725425745721,34.697052253495585,43.5671130390349,7.601111386747858,1.0112861300570972,0.0,0.00580303616371719,0.06262299059952932,0.4877283899792951,0.012468310530211366,192.21714614781416,0.5073627311773735,-0.08928571428571436,0.5715961352441529,0.36560249467008804,0.12541901287604218,-0.030955358048055152,-0.12733864557281063,-0.04499866985900505,0.34534895345041033,0.14041906105563923,0.07306940917741235,REIT—Residential,Real Estate,ELS
2017Q3,2017,Q3,2017-11-01,2017-09-30,51579000.0,237599000.0,75180000.0,0.28,118364000.0,0.498167079827777,3525847000.0,951759000.0,174362000.0,160158000.0,2510672000.0,0.0,-213771000.0,7405107960.0,9508850960.0,5.467554028746395,1.0886874211715931,0.6186139103596952,2.291691489126974,0.02399695872542251,5.467554028746395,0.054193340961314784,31.166410464690507,35.89206828360379,7.7804443772005305,0.9220031408131216,0.0,0.006422053568547839,0.06738777944703783,0.7909626743590704,0.014628825357424755,129.92785135277398,0.498167079827777,0.24444444444444452,1.6760394515569221,0.35517227662959633,0.08019623590889717,0.0849328127005078,0.23353422298751614,0.15063209770730662,0.7643122643844211,0.1587794869650753,0.004095340911437615,REIT—Residential,Real Estate,ELS
2017Q2,2017,Q2,2017-07-26,2017-06-30,41814000.0,218405000.0,65338000.0,0.225,109098000.0,0.4995215311004785,3485358000.0,1038708000.0,160428000.0,146754000.0,2385947000.0,0.0,-219641000.0,7491117420.0,9477888420.0,5.98589260399018,1.0931763359090723,0.5894691449199767,1.977948566873462,0.021122979006659406,5.98589260399018,0.04025577929504731,34.299202948650446,44.78833297460181,7.211956988874641,1.1370832735447458,0.0,0.006346983678704637,0.06266357717055178,0.7903907218883301,0.011997045927563251,105.94740785789043,0.4995215311004785,-0.3076923076923077,6.1219068035913935,0.29837709681545127,0.1849185675572909,-0.13841658440276405,-0.2935034214750359,-0.2247232340970846,0.44235218174101987,0.13657322224634627,0.09795327256353818,REIT—Residential,Real Estate,ELS
2017Q1,2017,Q1,2017-05-03,2017-03-31,59185000.0,229862000.0,84277000.0,0.325,126625000.0,0.550874002662467,3471041000.0,1037913000.0,147697000.0,138996000.0,2371295000.0,0.0,-216724000.0,6630858880.0,8616931880.0,6.03101176087765,1.0625989237100348,0.5932862792459093,1.984097896451822,0.02721040773800107,6.03101176087765,0.05702308382301792,28.847129495088357,28.00903472163555,6.388646138934574,0.704705584185182,0.0,0.006289984563809628,0.06622278446149152,0.7733100233100233,0.0170510806412255,73.73191833830005,0.550874002662467,0.5116279069767442,2.433470116037209,0.21086340420471616,0.36786005354887447,0.1468305362593173,0.5066697215009419,0.30089219560385283,0.41474250790317563,0.15466657487036334,0.10857576776646975,REIT—Residential,Real Estate,ELS
2016Q4,2016,Q4,2017-02-22,2016-12-31,39282000.0,211513000.0,64784000.0,0.215,110413000.0,0.522015195283505,3478987000.0,1008543000.0,142438000.0,137654000.0,2397140000.0,0.0,-231276000.0,6140252299.999999,8175191299.999999,5.921251012763759,1.0347538030133523,0.601117221765991,2.0735645381505794,0.02089926453841543,5.921251012763759,0.03894925650170593,29.03014140974786,39.07802746805152,6.088240461735394,1.0597729239855405,0.0,0.006779851700882064,0.06079729530463897,0.6600607319801822,0.01129121781714045,131.63795262085966,0.522015195283505,-0.10416666666666664,9.281064674857303,0.34787658444073566,0.40969938488739804,-0.0031688996424831173,-0.09268968703083497,-0.03814232476652859,0.4451245852915575,0.1695100606507782,0.1003323459727342,REIT—Residential,Real Estate,ELS
2016Q3,2016,Q3,2016-10-27,2016-09-30,43295000.0,221817000.0,67353000.0,0.24,110764000.0,0.49934856210299483,3470383000.0,1001387000.0,147302000.0,141546000.0,2395769000.0,0.0,-231879000.0,6568403900.000001,8591610900.0,5.8832442277187,1.0406652254390798,0.6028207837578734,2.0891213886339646,0.021773087658070102,5.8832442277187,0.04323503300921622,29.611814694094686,37.92818974477422,6.559306142380519,0.9607806906109251,0.0,0.0063328931401432234,0.06391715266009544,0.7283074053664533,0.01247556825860431,116.94626464409075,0.49934856210299483,0.14285714285714285,25.75445360111189,0.39629013576188343,0.601185140191352,0.06832561728395062,0.1451885944030048,0.09153229073818978,0.3123331605830482,0.1767680122227495,0.0977251804234952,REIT—Residential,Real Estate,ELS
2016Q2,2016,Q2,2016-07-27,2016-06-30,37806000.0,206186000.0,61705000.0,0.21,103680000.0,0.5028469440214176,3485575000.0,993328000.0,152705000.0,127206000.0,2419659000.0,0.0,-236623000.0,6765505800.0,8805744800.0,5.8765677504851155,1.2004543810826533,0.6068181003134346,2.129316801700949,0.019850806096180784,5.8765677504851155,0.038059935892273244,32.81263422346813,44.73830741152198,6.810948448045358,1.0932656192138814,0.0,0.006109225418149815,0.05915408505052968,0.8545823310221216,0.010846417018712837,130.53514055837465,0.5028469440214176,-0.3,2.0418827112839617,0.4315173561947272,0.5969557866977179,-0.12829265421770825,-0.2850605143721634,-0.21454938900203666,0.8394794810227506,0.17038586122853888,0.11772873029002832,REIT—Residential,Real Estate,ELS
2016Q1,2016,Q1,2016-04-27,2016-03-31,52880000.0,216764000.0,78560000.0,0.3,118939000.0,0.5487027366167814,3415125000.0,945986000.0,171606000.0,127195000.0,2399968000.0,0.0,-235875000.0,6676759460.0,8685950460.0,5.152316942985991,1.349156806478242,0.6167557556458402,2.2265636066495698,0.02573810300745278,5.152316942985991,0.055899347347635166,30.80197569707147,31.5656177193646,7.057989716549717,0.6923600605143722,0.0,0.00548349842754407,0.06347176164854873,1.0318880459137545,0.015484059880677867,84.2270118959014,0.5487027366167814,0.4634146341463415,1.0139404426330225,0.2501835990912839,2.078363972361985,0.14918018531580016,0.43629301681288535,0.27943715188430346,0.2809649984531986,0.05494778568022333,-0.022394383350176263,REIT—Residential,Real Estate,ELS
2015Q4,2015,Q4,2016-02-23,2015-12-31,36817000.0,197660000.0,61402000.0,0.205,103499000.0,0.5236213700293433,3420061000.0,925068000.0,152911000.0,119074000.0,2427370000.0,0.0,-250506000.0,5605080240.0,7670535240.0,5.501641450185555,1.2841678284092246,0.6273902716939844,2.319519213722667,0.019995564646257742,5.501641450185555,0.03979923638046068,28.357180208438734,38.06040850693973,6.059100779618364,0.9949208246190618,0.0,0.00653514284034585,0.057794290803585086,0.9718410400255303,0.010765012670826631,141.17878797037932,0.5236213700293433,-0.046511627906976785,3.674631170576452,0.18821965975644814,1.9680704964926519,-0.0026596000963623224,-0.0552476263792661,-0.023365303558079243,0.34731502980163753,0.2514015935123733,0.05736768556184297,REIT—Residential,Real Estate,ELS
2015Q3,2015,Q3,2015-10-29,2015-09-30,38970000.0,206564000.0,62871000.0,0.215,103775000.0,0.5023866695067872,3443390000.0,921821000.0,165791000.0,139793000.0,2454214000.0,0.0,-253396000.0,4923218490.0,6990069490.0,5.483308945120573,1.185974977287847,0.6261986007974699,2.339115728541658,0.02042548131668349,5.483308945120573,0.04227501868584031,23.833865000677758,31.58338779830639,5.340753237342174,0.9394662560944316,0.0,0.007436395535636689,0.05998855778752915,0.8993941041396922,0.011317335532716306,95.23771598251248,0.5023866695067872,0.13157894736842102,1.4573065522200639,0.12144917633042818,1.9271080875103197,0.04171894919643843,0.1427482259105038,0.08122377381853202,1.0935340412457943,0.21992901929675024,0.08330885286246903,REIT—Residential,Real Estate,ELS
2015Q2,2015,Q2,2015-08-04,2015-06-30,34102000.0,197566000.0,58148000.0,0.19,99619000.0,0.5042314973224138,3447508000.0,914786000.0,160383000.0,129880000.0,2465829000.0,0.0,-258457000.0,4418349980.0,6499921980.0,5.443145981840035,1.2348552510009239,0.6284298687631762,2.3683320470580003,0.018871237265533445,5.443145981840035,0.037278664080998176,22.36391879169493,32.39069541375872,4.829927414717758,1.0736027212480206,0.0,0.008286351277224989,0.05730690110073711,0.9270788420080074,0.009891782702172119,59.122597816196546,0.5042314973224138,0.1875,3.1139977071953604,0.15470002493879195,1.9500248263521716,-0.1131102880951533,0.15670578658164303,-0.19526135876108888,4.997212668869557,0.21267801675447523,0.07748086484341127,REIT—Residential,Real Estate,ELS
2015Q1,2015,Q1,2015-04-29,2015-03-31,29482000.0,205475000.0,72257000.0,0.16,112324000.0,0.5466553108650687,3468794000.0,912379000.0,183550000.0,119330000.0,2489702000.0,0.0,-258642000.0,4613656950.0,6722691950.0,5.43335000774169,1.5381714573032765,0.6376100742794182,2.424143913877895,0.02312877526673937,5.43335000774169,0.03231332593143858,22.453616985034675,39.12265916491418,5.056732947601819,1.0826945254731701,0.0,0.006918589818430258,0.05923528465512798,1.1649710885778932,0.008499207505548037,49.63323059544941,0.5466553108650687,-0.08571428571428563,0.40455687759793246,0.1158892409525251,1.9252448238821942,0.10880337999249769,-0.07078920827029753,0.24116666952951887,0.7528378382561005,0.10930287812037884,0.23230773329776933,REIT—Residential,Real Estate,ELS
2014Q4,2014,Q4,2015-02-24,2014-12-31,31728000.0,187992000.0,58217000.0,0.175,101302000.0,0.5388633558874846,3446339000.0,911993000.0,163984000.0,103639000.0,2467312000.0,0.0,-254209000.0,4307621100.0,6446153100.0,5.456984035805749,1.5822615038740242,0.6419118954925792,2.4257269518516043,0.018633977746260768,5.456984035805749,0.03478974071072914,22.913853249074428,33.941795102118,4.723305003437527,1.0068393847705497,0.0,0.007415926159336531,0.05454831924543697,1.069587703470701,0.009206291081637645,121.93566110906671,0.5388633558874846,0.12903225806451607,3.196442309126394,0.20618208149700995,2.491790562827939,0.04065992767915845,0.13084078839505292,0.01618083435154477,7.463097076008584,0.22094066197482184,0.29916921644318617,REIT—Residential,Real Estate,ELS
2014Q3,2014,Q3,2014-10-31,2014-09-30,28057000.0,196783000.0,57290000.0,0.155,97344000.0,0.49467687757580686,3451148000.0,909695000.0,202553000.0,124364000.0,2474604000.0,0.0,-256340000.0,3538373160.0,5635171160.0,5.445253857849182,1.6287108809623363,0.6391907852111819,2.4249248374455172,0.01838789306969971,5.445253857849182,0.030842205354541907,17.981091659340493,31.528434615247534,3.889625819642847,1.137897850803721,0.0,0.009022790575316256,0.057019577253713837,1.183582065549516,0.008129758561498956,68.28199845619451,0.49467687757580686,0.03333333333333337,1.1097740315931441,0.29214690443823155,2.441978597618467,0.04980264435002049,0.008845420876631548,0.07779136487630514,16.664728606810336,0.2620478322858558,0.48198157755871157,REIT—Residential,Real Estate,ELS
2014Q2,2014,Q2,2014-07-30,2014-06-30,27811000.0,184345000.0,53155000.0,0.15,92726000.0,0.50300252244433,3430424000.0,907561000.0,178414000.0,116894000.0,2455278000.0,0.0,-254816000.0,3675613439.9999995,5775529440.0,5.4518646226301755,1.5262887744452238,0.6368679207001817,2.4072508624764617,0.017189537326406854,5.4518646226301755,0.0306436702326345,19.938774797255142,33.0410039193125,4.049990513034385,1.1437560677429794,0.0,0.008654065646250332,0.05373825509616304,1.0523978989511866,0.008107161097287098,71.16661710037174,0.50300252244433,-0.3478260869565218,4.790440990784982,-0.05891624232848607,1.5725172308574529,-0.1014922480620155,-0.3117622311861219,-0.19159582072300885,1.2721474322288624,0.29959183914215926,0.4815428200726707,REIT—Residential,Real Estate,ELS
2014Q1,2014,Q1,2014-05-01,2014-03-31,40409000.0,192289000.0,65753000.0,0.23,103200000.0,0.5366921664785818,3410562000.0,904356000.0,142546000.0,111775000.0,2435828000.0,0.0,-253065000.0,3378665400.0,5498664400.0,5.440324365946388,1.275294117647059,0.6381429218996751,2.4066031518561273,0.021342957729563468,5.440324365946388,0.04468262498396649,17.57076795864558,20.9029263282932,3.735990472778419,0.6202331163849637,0.0,0.007418017777078488,0.05638044404411942,0.8502527398792217,0.011848193934020259,40.594809501495874,0.5366921664785818,0.5862068965517243,0.7777277916531908,-0.09051757625296301,5.18432789411833,0.12528622832842656,0.5252708262559922,0.22815570249168815,0.6998115985054087,0.22492243766347553,2.25044027986109,REIT—Residential,Real Estate,ELS
2013Q4,2013,Q4,2014-02-24,2013-12-31,26493000.0,176269000.0,53538000.0,0.145,91710000.0,0.5202843381422712,3391639000.0,893333000.0,165366000.0,97326000.0,2428434000.0,2618000.0,-264083000.0,3007198689.9999995,5141139690.0,5.381329590496729,1.699093767338635,0.6464037003938214,2.454144199307537,0.01735035248068429,5.381329590496729,0.02965635434938595,17.06028110444831,28.377294851470197,3.366268446368823,0.9467783942928321,32.299083269671506,0.008340985277564085,0.05197162787666966,1.0420339888621746,0.007811267649652572,72.51503954666022,0.5202843381422712,-0.19444444444444448,1205.3935594542925,-0.6766630742203507,5.7072971867982805,-0.01757881543850628,-0.1768014168971196,-0.01909124221326493,2.407121979338543,0.0732761357859847,1.9031636710744808,REIT—Residential,Real Estate,ELS
2013Q3,2013,Q3,2013-11-05,2013-09-30,32183000.0,183881000.0,54580000.0,0.18,93351000.0,0.5076707218255284,3397130000.0,889900000.0,165685000.0,111302000.0,2437595000.0,3027000.0,-267415000.0,2836827570.0,4979609570.0,5.359487358620108,1.488607572190976,0.6459299467491677,2.465791661984493,0.017696601526226506,5.359487358620108,0.03616473761096752,15.427518721346958,22.036693052232547,3.1878048881896843,0.8492371749060063,29.90749917409977,0.009634353631158483,0.05412833774391913,0.8530035399184202,0.00947358505562048,60.431322454892104,0.5076707218255284,0.7142857142857143,11.831126544068546,-0.05012679372404047,5.406830580961394,0.06999908303149786,0.5940858883550448,0.18471890601258953,1.0546667069853422,0.010759295547974054,1.8610094651490188,REIT—Residential,Real Estate,ELS
2013Q2,2013,Q2,2013-08-02,2013-06-30,20189000.0,173053000.0,46070000.0,0.105,87244000.0,0.5041461286426702,3521129000.0,872982000.0,399319000.0,106887000.0,2582091000.0,2283000.0,-276448000.0,3300084750.0,5445072750.0,5.257597475337565,3.7358986593318178,0.6596983524318478,2.6608601322822234,0.0144155025321783,5.257597475337565,0.02312647912557189,19.069792202388864,40.86488620040616,3.7802437507302553,1.1268017237109318,37.58607095926413,0.0068934593270672815,0.04914702074249481,2.075855810341763,0.005733672353384383,81.92251694263089,0.5041461286426702,-0.5,1.8845377796008642,0.001715806481112836,5.183393881835144,-0.13486176668914363,-0.4592473550287934,-0.2849493240621459,1.4651910078976005,0.023735284883068194,1.8494630000662236,REIT—Residential,Real Estate,ELS
2013Q1,2013,Q1,2013-05-01,2013-03-31,37335000.0,185831000.0,64429000.0,0.21,100844000.0,0.5426651096964447,3426566000.0,875151000.0,179413000.0,96995000.0,2485092000.0,1632000.0,-273465000.0,3211445680.0,5381059680.0,5.270343025076482,1.8497139027784937,0.6570528628370211,2.5726246099244587,0.02060682162588843,5.270343025076482,0.04266120932273402,17.281539032777093,21.504256595687693,3.6695903678336657,0.06189902236507299,52.075367647058826,0.0007196136040513692,0.054232429785388635,1.3721532037733903,0.010895748104662218,51.84852322446278,0.5426651096964447,0.4482758620689656,0.7103681915249215,-0.04119019990545643,5.209837561041975,0.3377729431429254,0.39112452492734184,0.6730025187608735,0.7987136559631922,0.020572243105637062,1.8374839891083186,REIT—Residential,Real Estate,ELS
2012Q4,2012,Q4,2013-02-28,2012-12-31,26838000.0,155129000.0,38511000.0,0.145,75382000.0,0.48593106382430107,3398226000.0,859248000.0,138408000.0,74284000.0,2473924000.0,1569000.0,-287652000.0,2778067650.0000005,5010793650.0,5.203148843405596,1.8632276129449141,0.6679561630097586,2.641689011787051,0.012307317662443746,5.203148843405596,0.031234288587229764,17.90811292537179,25.87811731500112,3.2331383372437292,1.5941575378195096,50.82664117272148,0.015400632882356192,0.045649995026816936,1.2320015077271014,0.00789765012686031,109.02934262166407,0.48593106382430107,0.3186882785532042,2.3707984758164473,-0.07540078811815958,6.084514640084483,-0.2155144602512202,0.34263845114813146,-0.27149423982747856,2.592321934490595,0.0072865582859618985,2.3293676340598144,REIT—Residential,Real Estate,ELS
2012Q3,2012,Q3,2012-11-05,2012-09-30,19989000.0,181828000.0,52863000.0,0.10995775298699584,96091000.0,0.5284719625140243,3497125000.0,913766000.0,207268000.0,82280000.0,2516349000.0,2246000.0,-293790000.0,3085674840.0,5422009840.0,5.0616303288132585,2.519056878949927,0.7103557922579261,2.7186424095446755,0.015557234336157863,5.0616303288132585,0.021875403549705286,16.9702952240579,38.59216118865376,3.3768763994283004,1.1607884336385013,38.17319679430098,0.007519586866126179,0.05199356614361797,2.4917598444336413,0.0057158380097937595,82.83023756475988,0.5284719625140243,7.796620238959667,0.10807802569018993,-0.06258666106720302,6.031886387077584,0.05620040009672668,2.275811209439528,0.44257060990585345,0.3909735885447847,0.10488780860567934,2.1994877953611653,REIT—Residential,Real Estate,ELS
2012Q2,2012,Q2,2012-08-03,2012-06-30,6102000.0,174827000.0,36645000.0,0.0125,90978000.0,0.5203887271416886,3498650000.0,911070000.0,195225000.0,97808000.0,2519588000.0,3034000.0,-291673000.0,3109650390.0,5463133390.0,5.05173331558986,1.996002371994111,0.711260057450731,2.7313488535458306,0.010779462983009367,5.05173331558986,0.006697619282821298,17.78701453436826,127.40291666666667,3.4131849254173665,3.9065880039331367,27.63645352669743,0.00766581351931334,0.049969845511840284,1.9649824145264192,0.0017441012962142542,77.55125916504564,0.5203887271416886,-0.8333333333333334,0.9988496332630843,-0.062092948816863724,6.833168748221352,-0.09703736787256216,-0.6293281496780464,-0.23410525435773105,0.17269931025911883,-0.1761941877410946,1.3837112436922518,REIT—Residential,Real Estate,ELS
2012Q1,2012,Q1,2012-05-04,2012-03-31,16462000.0,181291000.0,47846000.0,0.075,100755000.0,0.5557639375368882,3492569000.0,724642000.0,166426000.0,85105000.0,2698173000.0,2809000.0,-275656000.0,2865477120.0,5037946120.0,4.409085377725857,1.9555372774807591,0.6515092472045649,3.1400898650644042,0.015948225432429703,4.409085377725857,0.02271742460414936,15.805953522237727,43.51653991009598,3.954334857764247,1.2740250273356821,28.67070131719473,0.007319199952292762,0.05190763589781619,1.922530991128606,0.004713435869126709,49.09328947368421,0.5557639375368882,2.34338747099768,-0.407203248617794,-0.05603818748160269,5.692986564753047,0.18357062306174232,3.2438772879608146,0.3976164047438219,-0.267497025069388,-0.13272715032418073,4.012059549187546,REIT—Residential,Real Estate,ELS
2011Q4,2011,Q4,2012-02-29,2011-12-31,3879000.0,159313000.0,34234000.0,0.022432338653712698,85128000.0,0.5343443410142299,3496101000.0,726327000.0,138802000.0,27680000.0,2696821000.0,2948000.0,-270021000.0,2883008700.0,5097231700.0,4.200364330326162,5.014523121387283,0.6534945643732832,3.1455294929143487,0.011369606876098054,4.200364330326162,0.0053405697433800475,18.096506248705378,185.80875870069607,3.969298539087766,5.351894818252127,25.164518317503394,0.007200810736367185,0.045568763602653356,4.9080202312138725,0.0011095217214834468,-28.017577259475217,0.5343443410142299,1.3797927736719733,0.17212402349972583,-0.17096452819352423,7.370419142584688,0.01484210149851579,1.3594890510948905,0.2594363917298212,170.2916831260343,-0.7194507330683432,4.235340334120655,REIT—Residential,Real Estate,ELS
2011Q3,2011,Q3,2011-11-08,2011-09-30,1644000.0,161391000.0,27182000.0,0.009426173111325169,83883000.0,0.5197501719426734,3292805000.0,635361000.0,274679000.0,25930000.0,2592646000.0,3143000.0,-254455000.0,2710521000.0,6684321000.0,3.6743060374739764,10.59309679907443,1.2714375737403216,6.58931851341206,0.005637130318665222,3.6743060374739764,0.002587505370962335,16.79474691897318,412.18385036496346,4.266111706573113,11.935523114355231,24.660515431116767,0.007239198663282815,0.04901322732442401,10.471885846509835,0.0004992703789018785,-5.363428055824335,0.5197501719426734,-0.8114765377734967,-0.7488193069200599,-0.1563672766957506,6.3548784790367625,0.3783850400946497,-0.8486884491486424,-0.2163860701107011,-0.37062019271742047,-0.19946408258259626,3.3923335777323858,REIT—Residential,Real Estate,ELS
2011Q2,2011,Q2,2011-08-04,2011-06-30,10865000.0,125914000.0,34688000.0,0.05,60856000.0,0.48331400797369634,2368553000.0,543765000.0,116704000.0,84262000.0,1760966000.0,2762000.0,-236888000.0,2306658480.0,3578772480.0,3.6798562611661523,1.3850134105527996,0.5731170043482244,2.496405616396789,,3.6798562611661523,0.01998105799380247,18.319316994138855,53.075436723423834,4.2420135168685,1.5973308789691671,23.55467052860246,0.007523870633853001,0.05316072724570656,1.352234696541739,0.00458718888705467,96.86958172350076,0.48331400797369634,-0.6721311475409836,4.641887518154193,-0.2266539831292677,7.052004473868042,-0.14534091707043045,-0.4623948540326571,-0.2497783160672189,0.7443302590621788,-0.18101306155930488,3.327832398364922,REIT—Residential,Real Estate,ELS
2011Q1,2011,Q1,2011-05-05,2011-03-31,20210000.0,133455000.0,46237000.0,0.1525,71205000.0,0.5335506350455209,2066862000.0,236530000.0,120728000.0,68788000.0,1797124000.0,3265000.0,-229740000.0,2036774500.0,3450082500.0,1.6737192187942258,1.7550735593417457,0.6808272637457169,5.949249566651165,0.028129726362256996,1.6737192187942258,0.08544370692935357,15.261882282417295,25.195132360217713,8.61106202173086,0.7265215239980208,19.06584992343032,0.007208947284051328,0.06456889719778099,1.7076088852706868,0.009778108069140562,43.35499904212521,0.5335506350455209,2.255743419905874,0.3263914592813546,-0.13863889481016578,2.6855707126956023,0.16746733124559363,2.5227470803555865,0.2898069627315331,0.08787814248703085,-0.1909234161818654,0.972077419259705,REIT—Residential,Real Estate,ELS
2010Q4,2010,Q4,2011-02-24,2010-12-31,5737000.0,121173000.0,35848000.0,0.04684030045721751,60991000.0,0.5033382024048262,2048395000.0,227030000.0,94247000.0,65545000.0,1588237000.0,3177000.0,-237002000.0,1712576600.0,3165102600.0,1.8536087524493794,1.4378976275841024,0.6897688190021944,6.223490287627186,,1.8536087524493794,0.02526978813372682,14.133318478538948,74.62857765382604,7.543393384134256,2.556039742025449,18.943028013849542,0.008562536706387323,0.05915509459845391,1.389427111145015,0.002800729351516675,-85.71883477651534,0.5033382024048262,-0.49361837343548637,1.2959973788400418,-0.09579847215865357,4.266675034484354,-0.06107022999476585,-0.5034620045006059,-0.09148968523493335,-0.028473630714289506,-0.02623650634901842,1.5238406086267526,REIT—Residential,Real Estate,ELS
2010Q3,2010,Q3,2010-11-04,2010-09-30,11554000.0,134195000.0,39458000.0,0.0925,64958000.0,0.48405678303960653,2073162000.0,229440000.0,144179000.0,183744000.0,1809043000.0,3164000.0,-233434000.0,1668177600.0,3012057600.0,1.8732854343566296,0.7846732410309997,0.6875000602943716,6.212077231520223,,1.8732854343566296,0.050357391910739194,12.430996683930102,36.09523974381167,7.270648535564853,1.2683053487969533,21.88274336283186,0.00878443638135412,0.06472962556712886,0.5872409439219785,0.00557312935506246,47.41835133598636,0.48405678303960653,0.8499999999999999,6.9883668468515925,0.07466400847298627,2.768515943589337,0.10098305084745762,0.9256666666666666,0.17957609637977937,-0.05595862061124928,0.019732110359168817,1.6024678787736677,REIT—Residential,Real Estate,ELS
2010Q2,2010,Q2,2010-08-05,2010-06-30,6000000.0,123845000.0,33451000.0,0.05,59000000.0,0.4764019540554726,2152928000.0,224455000.0,215336000.0,189720000.0,1893263000.0,2745000.0,-235740000.0,1466770760.0,2828413760.0,1.845118703143496,1.1350200295171833,0.6983712413977615,6.698638925397073,,1.845118703143496,0.026731416096767727,11.843600952803907,61.11544833333333,6.534809917355372,2.441666666666667,23.62295081967213,0.00998792749318237,0.05752398593914892,0.9950874973645372,0.0027869023023528888,26.341919471283358,0.4764019540554726,-0.5918367346938775,0.8278925197294509,0.00409397757509911,2.835642930990589,-0.14031764534460148,-0.6016994158258099,-0.25048173874075735,1.9138388489630214,-0.015000226756647285,1.8610231893317475,REIT—Residential,Real Estate,ELS
2010Q1,2010,Q1,2010-05-06,2010-03-31,15064000.0,132148000.0,44630000.0,0.1225,68630000.0,0.5193419499349214,2181106000.0,223839000.0,205086000.0,176548000.0,1720270000.0,3187000.0,-232540000.0,1623296640.0,2994711640.0,1.857400092936803,1.1616444253120963,0.7077702780149153,6.89657298326029,,1.857400092936803,0.06729837070394346,12.283928928171445,26.94,7.252072427056947,0.9713223579394583,19.930342014433638,0.009013756105600021,0.06058761013907623,1.1435926773455378,0.006906587758687565,37.06410576066854,0.5193419499349214,1.7077805880493202,0.3189803651395109,0.030779364835512624,3.0982409887517215,0.9582275230404885,1.3812835915270314,-0.02699049446237028,-0.26021039603960394,-0.06160977538546089,1.8195312184698724,REIT—Residential,Real Estate,ELS
2009Q4,2009,Q4,2010-02-25,2009-12-31,6326000.0,130405000.0,45868000.0,0.04524000228846044,35047000.0,0.26875503239906445,2166319000.0,218530000.0,199289000.0,62990000.0,1911892000.0,2964000.0,-238467000.0,1764330260.0,3176545260.0,1.5628039361519537,3.1638196539133197,0.714530500817285,7.0832425753901065,,1.5628039361519537,0.028947970530361963,13.529621256853648,69.72535014227,8.073629524550405,2.3134682263673727,32.17206477732793,0.008294932265119117,0.060196582313131165,2.936069217336085,0.0029201608811998602,78.23734025098665,0.26875503239906445,-0.5109188941788061,5.098349254933584,-0.11598533778007054,3.4815037129020157,-0.47895574089767035,-0.43167729763722934,0.3892658105161134,1.363859351628982,-0.1608206312501779,2.1143307947901833,REIT—Residential,Real Estate,ELS
2009Q3,2009,Q3,2009-11-05,2009-09-30,11131000.0,127469000.0,33016000.0,0.0925,67263000.0,0.5276812401446627,2198293000.0,221216000.0,192369000.0,99213000.0,1940811000.0,3324000.0,-235682000.0,1495852820.0,2903859820.0,1.5820127009554323,1.9389495328233195,0.7133648699240729,7.088931180384782,,1.5820127009554323,0.05031733690148995,11.735032203908402,33.59655062438236,6.761955825980037,1.0510286587009254,18.11251504211793,0.007820956609888931,0.057985445980130945,1.9054458589096186,0.005063474250247806,35.60960839860023,0.5276812401446627,2.3636363636363638,13.114995089345308,-0.038382063294793455,2.329946564332717,0.2792020082918109,2.8329889807162534,7.702161307327359,1.1030872065370638,-0.17601872818444908,2.1667234708133214,REIT—Residential,Real Estate,ELS
2009Q2,2009,Q2,2009-08-10,2009-06-30,2904000.0,118439000.0,3794000.0,0.0275,52582000.0,0.44395849340166665,2225821000.0,213309000.0,207698000.0,8337000.0,1975164000.0,3981000.0,-237704000.0,935560340.0,2380087340.0,2.119272344315066,24.912798368717763,0.7272273916006723,7.588418679005574,,2.119272344315066,0.013614052852903534,7.899090164557283,80.54066287878788,4.385939364958816,4.012741046831956,16.542828435066568,0.012455637014283868,0.05321137683578329,24.43528847307185,0.0013046871244363316,33.650828717358465,0.44395849340166665,-0.7962962962962963,2.9878743178065634,0.28894880667405254,3.830303014078305,-0.2418317616864204,-0.7871591908531222,-0.9231828305324965,1.2138556040375568,0.06795400958254164,3.6372437363523518,REIT—Residential,Real Estate,ELS
2009Q1,2009,Q1,2009-05-11,2009-03-31,13644000.0,126908000.0,49390000.0,0.135,69354000.0,0.5464903709774009,2067115000.0,87776000.0,48181000.0,149635000.0,1960638000.0,10286000.0,-234279000.0,950404500.0,2544728500.0,0.8796953297253959,0.3219901760951649,0.7793485122985417,18.353570452059788,,0.8796953297253959,0.15544112285818448,7.488925048066315,17.414330474934037,10.827612331388991,0.7418645558487247,5.595372350768034,0.010650202098159256,0.061393778285194586,0.3219901760951649,0.006600503600428616,19.08059626581008,0.5464903709774009,1019.8138461538463,1.4923324561623996,0.4654486895918213,4.744463073279178,-0.7812776935036756,1050.5384615384614,1.3226839148046519,0.26825692731522766,0.16011097864943707,0.9371106616477395,REIT—Residential,Real Estate,ELS
2008Q4,2008,Q4,2009-03-02,2008-12-31,-13000.0,322182000.0,-153060000.0,-0.00013250703306560117,317087000.0,0.9841859570056676,2091647000.0,78713000.0,58246000.0,350500000.0,1795413000.0,12934000.0,-241609000.0,940855720.0,2557946720.0,0.8023096995148205,0.16617974322396575,0.7947818154784244,21.119802319820106,,0.8023096995148205,-0.0001651569626364133,2.920261591274497,-18093.37923076923,11.95299023033044,-777.5384615384615,0.3939229936601206,0.010743411327721959,0.15403268333518993,0.2229700427960057,-6.215197879948194e-06,57.20530917492552,0.9841859570056676,-1.0088338022043735,0.9562647682207059,3.168010038709027,11.240273677178847,1.908601410789143,-1.0087719298245614,-2.3209289480724586,0.9991626498104743,2.001382905566129,1.2796096850404488,REIT—Residential,Real Estate,ELS
2008Q3,2008,Q3,2008-11-10,2008-09-30,1482000.0,114382000.0,115873000.0,0.015,109017000.0,0.9530957668164571,2106143000.0,82070000.0,83837000.0,356400000.0,1804932000.0,31092000.0,-236583000.0,1300666810.0,2921759810.0,0.8365270925918376,0.23523288439955106,0.7947409079060633,20.39524795905934,,0.8365270925918376,0.018057755574509567,11.371254305747408,219.41073043184886,15.848261362251737,0.0,0.17255242506110896,0.0,0.05430875301439646,0.23989618406285074,0.0007036559245977125,57.207372009148486,0.9530957668164571,-0.6470588235294118,-0.7434334098846019,0.5162453171760832,-0.5928253975551445,0.15285048063195963,-0.6393283037235337,1.5039004256974307,0.27918864700145063,0.1435490852653279,0.6828538928769664,REIT—Residential,Real Estate,ELS
2008Q2,2008,Q2,2008-08-06,2008-06-30,4109000.0,101422000.0,46277000.0,0.0425,94563000.0,0.9323716747845635,2029806000.0,82885000.0,43490000.0,323600000.0,1726717000.0,32305000.0,-233096000.0,1072280000.0,2622894000.0,0.8502769798933114,0.13439431396786156,0.7694326452872836,18.84296314170236,,0.8502769798933114,0.049574711950292574,10.572459624144663,65.2397176928693,12.936960849369608,0.0,0.21232007429190528,0.0,0.04996635146413007,0.03582509270704574,0.0020243313893051848,36.19877118357977,0.9323716747845635,-0.673076923076923,-0.7420868582729221,0.38967051341938624,-0.5957555192827703,-0.10986124969407157,-0.6770923379174852,-0.22608535688005887,0.5621581505733797,0.02616573236792439,0.7675604728061602,REIT—Residential,Real Estate,ELS
2008Q1,2008,Q1,2008-05-07,2008-03-31,12725000.0,112984000.0,59796000.0,0.13,106234000.0,0.940257027543723,2028246000.0,82155000.0,65216000.0,312800000.0,1725974000.0,62649000.0,-232285000.0,1194754000.0,2835080000.0,0.8487086776859504,0.20849104859335038,0.8052918630185885,19.881078449272717,,0.8487086776859504,0.15489014667396994,10.574541528003966,23.472573673870333,14.542681516645365,0.6724557956777996,0.1077431403533975,0.007162143838815355,0.05570527440951443,0.04168478260869565,0.006273893797892366,33.13606611936987,0.940257027543723,1.6963624651062919,0.5022241983298719,0.5851582205192448,-0.5820668217454552,0.15739701700676567,1.7324457805454154,0.2408898480949614,0.38710951623142775,0.09717778063329333,0.872624376206586,REIT—Residential,Real Estate,ELS
2007Q4,2007,Q4,2008-02-28,2007-12-31,4657000.0,98136000.0,48188000.0,0.048213102534371374,91787000.0,0.9353040678242439,2033695000.0,70941000.0,69311000.0,303400000.0,1744978000.0,63526000.0,-240098000.0,1102839160.0,2761015160.0,0.7344397051515653,0.22844759393539882,0.8159492942648725,23.39115603106807,,0.7344397051515653,0.06564610028051479,11.237865411265998,59.203304702598246,15.54586430977855,1.8441056474124973,0.09994333028996001,0.007787173607437008,0.04825502349172319,0.037936717205009886,0.0022899205633096407,125.12357159065124,0.9353040678242439,-0.5055066406731141,-0.7417036058984099,0.3091089714187093,-0.6414862137752081,-0.04054732088725357,-0.5175093244923332,-0.01568755617288994,5.3676861815760475,-0.03692748691674623,1.1060826565638844,REIT—Residential,Real Estate,ELS
2007Q3,2007,Q3,2007-11-09,2007-09-30,9652000.0,103783000.0,48956000.0,0.0975,95666000.0,0.9217887322586551,2046051000.0,69528000.0,69785000.0,304500000.0,1759088000.0,66082000.0,-241099000.0,1268252960.0,3034437960.0,0.7198111644856717,0.22917898193760264,0.8650263360981716,25.45575883097457,,0.7198111644856717,0.13882176964676102,12.220237996589036,32.84948611686697,18.240895178920724,0.8862411935350186,0.1228322387336945,0.006744711244356173,0.05072356456412865,0.06817077175697865,0.004717379967557016,1011.3659968102073,0.9217887322586551,4.571428571428571,0.2908130296228483,0.4107498521992651,-0.8151796447380504,0.04390999759935401,4.906976744186046,0.010548044173805346,16.207988791342277,0.13341670176329712,0.5151159739108313,REIT—Residential,Real Estate,ELS
2007Q2,2007,Q2,2007-08-09,2007-06-30,1634000.0,99772000.0,48445000.0,0.0175,91642000.0,0.9185142124042818,2046232000.0,62255000.0,70213000.0,301400000.0,1768277000.0,69517000.0,-247098000.0,1259501270.0,1456005270.0,0.6449156756308789,0.23295620437956205,0.09637225886409752,3.1676170588707735,,0.6449156756308789,0.026246887800176692,12.62379495249168,192.70215269277847,20.23132712231949,5.224602203182375,0.11694981083763684,0.006778079707692554,0.04875888951008488,0.056280690112806904,0.0007985409279104227,49.89507071267282,0.9185142124042818,-0.893939393939394,-0.7732230292038939,0.4320567072836045,-0.8381805711303464,-0.1157917080748338,-0.8988861386138614,-0.1674257136473783,1.3396344497696842,0.13214152436831236,0.46990930173864565,REIT—Residential,Real Estate,ELS
2007Q1,2007,Q1,2007-05-10,2007-03-31,16160000.0,111760000.0,58187000.0,0.165,103643000.0,0.9273711524695777,2044165000.0,63004000.0,71703000.0,298500000.0,1765248000.0,71703000.0,-245080000.0,1291379100.0,3070508100.0,0.6587620242576328,0.2402110552763819,0.8703451042357149,28.23834994603517,,0.6587620242576328,0.2564916513237255,11.554931102362204,19.978018254950495,20.49677956955114,0.39195544554455447,0.1132030737904969,0.004904833909732627,0.054672690316094834,0.05434170854271357,0.007905428377846212,38.04888332351208,0.9273711524695777,7.621502504173622,1.0359628061778872,0.5693655498278745,-0.8364540788361924,0.1379586727859637,7.9927657206455205,5.943250361056835,2.0797080692468137,0.3463933013192988,3.301755385705973,REIT—Residential,Real Estate,ELS
