Year,Date,FillingDate,NetIncome,Revenue,OperatingIncome,EPSDiluted,GrossProfit,GrossProfitRatio,TotalAssets,CommonStockEquity,CurrentAssets,CurrentLiability,TotalLiability,Inventory,RetainedEarnings,EnterpriseValue,bookValuePerShare,currentRatio,debtToAssets,debtToEquity,roic,shareholdersEquityPerShare,roe,priceToSalesRatio,peRatio,pbRatio,payoutRatio,inventoryTurnover,dividendYield,assetTurnover,quickRatio,returnOnAssets,priceToFreeCashFlowsRatio,grossProfitMargin,epsdilutedGrowth,fiveYNetIncomeGrowthPerShare,fiveYRevenueGrowthPerShare,fiveYShareholdersEquityGrowthPerShare,grossProfitGrowth,netIncomeGrowth,operatingIncomeGrowth,threeYNetIncomeGrowthPerShare,threeYRevenueGrowthPerShare,threeYShareholdersEquityGrowthPerShare,Industry,Sector,Price,MarketCap,AvgVolume,Symbol
2022,2022-12-31,2023-03-30,-48028000.0,48579000.0,-42197000.0,-1.28,48579000.0,1.0,124802000.0,75934000.0,109107000.0,21649000.0,48868000.0,-4463000.0,-413878000.0,-37437820.25,2.0203232267063456,5.039817081620398,0.0532603644172369,0.08753654489425026,-0.4893465878819562,2.0203232267063456,-0.6324966418205283,1.3384832901047778,-1.3538390053718665,0.8562986244633497,0.0,0.0,0.0,0.38924856973445937,5.089888678460899,-0.3848335763849938,-8.410578159358428,1.0,0.5586206896551724,0.9146782805313854,0.689511374948119,-0.9382248239538816,1.6609881682734444,0.46368590316240843,0.5203305634811471,0.5990881019256972,3.949940733401748,-0.5080037215828405,Biotechnology,Healthcare,1.545,81223431,299860,SPRO
2021,2021-12-31,2022-03-31,-89552000.0,18256000.0,-87971000.0,-2.9,18256000.0,1.0,171072000.0,88289000.0,157872000.0,18670000.0,82783000.0,0.0,-367463000.0,389392053.56000006,2.8576416773876647,8.455918585966792,0.0428766835016835,0.08307943231886192,-0.8524855233537135,2.8576416773876647,-1.0143052928450882,27.094711522787033,-5.523506494103985,5.602521872033889,0.0,0.0,0.0,0.1067153011597456,7.983020889126942,-0.5234754956977179,-7.687088031454459,1.0,0.15451895043731784,0.721472944229177,3.3205575251370125,-0.31165316117175346,0.9566988210075027,-0.16777508280520564,-0.11196642776787633,-0.11328422412462366,1.3840963186726607,-0.6040908914480034,Biotechnology,Healthcare,1.545,81223431,299860,SPRO
2020,2020-12-31,2021-03-11,-76686000.0,9330000.0,-79113000.0,-3.43,9330000.0,1.0,153451000.0,132040000.0,126906000.0,14343000.0,21411000.0,0.0,-277707000.0,356695905.58,5.898297168218774,8.84793976155616,0.05107819434216786,0.0593607997576492,-0.5246692151657893,5.898297168218774,-0.5807785519539533,46.523784092175774,-5.660314862947605,3.2873894697061496,0.0,0.0,0.0,0.060801167799492996,9.278533082339818,-0.49974258883943407,-5.045588180497274,1.0,-0.07523510971786841,-1.2282349429932942,0.0,197.76114900151816,0.9675242513707296,-0.32482205790892127,-0.25147114654517844,0.7712728401321214,-0.4552079665826243,-0.819648489349374,Biotechnology,Healthcare,1.545,81223431,299860,SPRO
2019,2019-12-31,2020-03-16,-57884000.0,4742000.0,-63216000.0,-3.19,4742000.0,1.0,106103000.0,74574000.0,82045000.0,26663000.0,31529000.0,0.0,-199427000.0,150428447.875,4.106379083203817,3.0771106027078723,0.052260539287296306,0.07435567355914931,-0.7011188762952668,4.106379083203817,-0.7761954568616408,36.822743119991564,-3.016609907314629,2.3414789051814306,0.0,0.0,0.0,0.04469242151494303,3.397629674080186,-0.5455453662950153,-3.469095400226487,1.0,-0.22692307692307687,-1.0732606123119426,0.0,137.3769928058528,0.0,-0.38937160962027745,-0.4768023174321357,0.6937182915452211,0.9092646939430523,-0.010858120064321441,Biotechnology,Healthcare,1.545,81223431,299860,SPRO
2018,2018-12-31,2019-03-14,-41662000.0,3966000.0,-42806000.0,-2.6,0.0,0.0,129006000.0,115500000.0,124219000.0,12318000.0,13151000.0,0.0,-138502000.0,64331266.80000001,7.217923547753782,10.084348108459166,0.0,0.0,-0.3706147186147186,7.217923547753782,-0.3607099567099567,24.813733434190624,-2.3621349623157797,0.8520456000000001,0.0,0.0,0.0,0.030742756150876703,9.47726903718136,-0.3229462195556796,-2.3397272247450136,0.0,0.8540965207631874,-0.6935349728165204,0.0,242.229992799753,0.0,-0.07534264254187853,-0.025784807093218308,-0.6935349728165204,0.0,242.229992799753,Biotechnology,Healthcare,1.545,81223431,299860,SPRO
2017,2017-12-31,2018-04-02,-38743000.0,1979000.0,-41730000.0,-17.82,0.0,0.0,93479000.0,84602000.0,92059000.0,8157000.0,8522000.0,0.0,-96840000.0,-56892336.25,32.70445114066641,11.28588942012995,0.0,0.0,-0.4932507505732725,32.70445114066641,-0.4579442566369589,15.359102450732694,-0.7845459502361717,0.3592783119784402,0.0,0.0,0.0,0.021170530279528022,11.061787421846267,-0.41445672290033053,-0.7766279255455056,0.0,-0.7118155619596542,-8.74189048769025,0.0,1101.0764299920672,0.0,-0.5198697579537876,-0.2561331687787845,-8.74189048769025,0.0,1101.0764299920672,Biotechnology,Healthcare,1.545,81223431,299860,SPRO
2016,2016-12-31,2016-12-31,-25491000.0,335000.0,-33221000.0,-10.41,0.0,0.0,13772000.0,10169000.0,11872000.0,6918000.0,7411000.0,0.0,-45440000.0,17854273.0,4.1514560918913315,1.7161029199190518,0.0,0.0,-3.266889566329039,4.1514560918913315,-2.5067361589143475,84.08738208955224,-1.1050673963359618,2.7701124004326876,0.0,0.0,0.0,0.024324716816729597,1.5349812084417462,-1.850929422015684,-0.9456266742757393,0.0,-5.77133797419736,-5.769129709938425,0.0,138.8960003744368,0.0,-1.510439235769155,-1.492759060553763,-5.769129709938425,0.0,138.8960003744368,Biotechnology,Healthcare,1.545,81223431,299860,SPRO
2015,2015-12-31,2015-12-31,-10154000.0,0.0,-13327000.0,-1.5373623410421997,0.0,0.0,7176000.0,196000.0,5988000.0,6421000.0,7433000.0,0.0,-18100000.0,70264418.5,0.02967530223008382,0.9325650210247625,0.0,0.0,-67.99489795918367,0.02967530223008382,-51.80612244897959,0.0,-7.48034454402206,387.52764540816327,0.0,0.0,0.0,0.0,0.8878679333437159,-1.414994425863991,-7.7190465955284555,0.0,0.0,0.0,0.0,0.0,0.0,0.0,0.0,0.0,0.0,0.0,Biotechnology,Healthcare,1.545,81223431,299860,SPRO
TTM,,,,,,,,,,,,,,,,-8648569.0,1.234393317359078,4.422586679427503,0.05670570255717662,0.09842841499714677,-0.3565053751170036,1.234393317359078,-0.5418108805813175,1.6569591701665782,-2.8642000003529327,1.2516269962522555,0.0,0.0,0.0,0.4355514456311197,4.2684560838734935,-0.25175483802178666,10.632730854823931,1.027111619270939,,,,,,,,,,,Biotechnology,Healthcare,1.545,81223431,299860,SPRO
