Quarters,Year,Quarter,FillingDate,Date,NetIncome,Revenue,OperatingIncome,EPSDiluted,GrossProfit,GrossProfitRatio,TotalAssets,CommonStockEquity,CurrentAssets,CurrentLiability,TotalLiability,Inventory,RetainedEarnings,MarketCap,EnterpriseValue,bookValuePerShare,currentRatio,debtToAssets,debtToEquity,roic,shareholdersEquityPerShare,roe,priceToSalesRatio,peRatio,pbRatio,payoutRatio,inventoryTurnover,dividendYield,assetTurnover,quickRatio,returnOnAssets,priceToFreeCashFlowsRatio,grossProfitMargin,epsdilutedGrowth,fiveYNetIncomeGrowthPerShare,fiveYRevenueGrowthPerShare,fiveYShareholdersEquityGrowthPerShare,grossProfitGrowth,netIncomeGrowth,operatingIncomeGrowth,threeYNetIncomeGrowthPerShare,threeYRevenueGrowthPerShare,threeYShareholdersEquityGrowthPerShare,Industry,Sector,Symbol
2023Q1,2023,Q1,2023-05-02,2023-03-31,26600000.0,999300000.0,42600000.0,1.55,174400000.0,0.1745221655,2099300000.0,255500000.0,1543600000.0,1385200000.0,1827000000.0,854700000.0,173700000.0,850574610.0,1346574610.0,14.986216200363657,1.1143517181634421,0.26704139475063116,2.19412915851272,0.03954947079987398,14.986216200363657,0.10410958904109589,0.8511704293005103,7.994122274436091,3.329059138943249,0.21052631578947367,0.9651339651339651,0.006583784578286437,0.476015814795408,0.43351140629511986,0.012670890296765588,149.22361578947368,0.1745221655158611,2.522727272727273,0.728376282968042,0.22744597720476978,-0.5883466723195165,0.18882072256305385,2.5,1.1515151515151516,0.7056243499609163,0.24776361089885535,-0.5088960576659824,Farm & Heavy Construction Machinery,Industrials,HY
2022Q4,2022,Q4,2023-02-27,2022-12-31,7600000.0,985200000.0,19800000.0,0.44,146700000.0,0.1489037759,2026200000.0,204400000.0,1458700000.0,1342900000.0,1801100000.0,799500000.0,152700000.0,428650160.0,922550160.0,12.068965517241379,1.086231290490729,0.27287533313591944,2.704990215264188,0.015767143820503336,12.068965517241379,0.03718199608610567,0.43508948436865613,14.100334210526315,2.0971142857142855,0.7105263157894737,1.048780487804878,0.012597685721148454,0.48623038199585433,0.4338372179611289,0.003750863685717106,-153.08934285714287,0.14890377588306944,1.2037037037037037,4.086265942371281,0.20702208068709596,-0.647727064849538,0.6881472957422324,1.2076502732240437,1.7951807228915662,1.199658228903276,0.16134831793822743,-0.6304586086526826,Farm & Heavy Construction Machinery,Industrials,HY
2022Q3,2022,Q3,2022-11-01,2022-09-30,-36600000.0,840100000.0,-24900000.0,-2.16,86900000.0,0.1034400667,1932800000.0,114000000.0,1375600000.0,1307400000.0,1811300000.0,779000000.0,150500000.0,363949200.0,840349200.0,6.73758865248227,1.0521646014991586,0.28197433774834435,4.780701754385965,-0.042682515596020904,6.73758865248227,-0.32105263157894737,0.43322128318057374,-2.4859918032786887,3.1925368421052633,-0.15027322404371585,0.9668806161745828,0.015111999147133721,0.43465438741721857,0.4043903931467034,-0.018936258278145695,12.254181818181818,0.10344006665873111,-0.9459459459459459,-3.157483344079089,0.18233460858131062,-0.7985456096404421,-0.1231079717457114,-0.9572192513368984,-0.5859872611464968,-3.8154366134751774,0.07988337067693772,-0.7799485846885814,Farm & Heavy Construction Machinery,Industrials,HY
2022Q2,2022,Q2,2022-08-02,2022-06-30,-18700000.0,895400000.0,-15700000.0,-1.11,99100000.0,0.1106767925,2052800000.0,199600000.0,1469800000.0,1329400000.0,1845300000.0,790200000.0,193300000.0,544743540.0,1049743540.0,11.80576092742651,1.1056115540845495,0.2828332034294622,2.908817635270541,-0.017261511397924315,11.80576092742651,-0.093687374749499,0.6083800982800983,-7.282667647058823,2.7291760521042083,-0.29411764705882354,1.0077195646671728,0.010096494214506885,0.4361847233047545,0.45644651722581614,-0.009109508963367109,-8.445636279069767,0.11067679249497431,0.22916666666666657,-2.109625180506847,0.2711247530522341,-0.628674852726155,-0.020750988142292492,0.22727272727272727,0.14207650273224043,-2.137115753793264,0.030196217357201797,-0.6342541885299692,Farm & Heavy Construction Machinery,Industrials,HY
2022Q1,2022,Q1,2022-05-03,2022-03-31,-24200000.0,827600000.0,-18300000.0,-1.44,101200000.0,0.1222812953,2057300000.0,324900000.0,1446000000.0,1232600000.0,1705800000.0,826400000.0,218200000.0,559555290.0,973455290.0,19.283043504065525,1.1731299691708583,0.23282943664025665,1.474299784549092,-0.025863352774940472,19.283043504065525,-0.0744844567559249,0.6761180401159981,-5.780529855371901,1.7222385041551245,-0.2231404958677686,0.8789932236205228,0.009650520862737265,0.402274826228552,0.4518903131591757,-0.01176299032712779,11.32703016194332,0.12228129531174481,0.7888563049853373,-2.303053544499419,0.1310857119619565,-0.3552293679896967,0.5937007874015748,0.789198606271777,0.7982359426681367,-8.015417217988151,-0.022863813341554632,-0.38357362180555116,Farm & Heavy Construction Machinery,Industrials,HY
2021Q4,2021,Q4,2022-02-28,2021-12-31,-114800000.0,829700000.0,-90700000.0,-6.82,63500000.0,0.0765336869,1970100000.0,357100000.0,1350000000.0,1104600000.0,1587200000.0,781000000.0,248600000.0,691507500.0,1144507500.0,21.224368499257057,1.2221618685497013,0.26318460991827825,1.451974236908429,-0.11113724954423775,21.224368499257057,-0.32147857742929153,0.8334428106544535,-1.5058961236933799,1.9364533744049288,-0.047038327526132406,0.9810499359795134,0.007809025932473618,0.4211461347139739,0.47338403041825095,-0.05827115374854068,-9.039313725490196,0.07653368687477402,-0.4858387799564271,-10.183888144593574,0.1725707171961932,-0.24854386561815406,-0.02457757296466974,-0.48704663212435234,-0.6703499079189686,-93.42712233779098,-0.022383129636957863,-0.3316778770057604,Farm & Heavy Construction Machinery,Industrials,HY
2021Q3,2021,Q3,2021-11-02,2021-09-30,-77200000.0,748200000.0,-54300000.0,-4.59,65100000.0,0.08700882117080995,2010900000.0,476100000.0,1345000000.0,1005600000.0,1500700000.0,758000000.0,357300000.0,845373200.0,1211973200.0,28.305588585017837,1.3375099443118537,0.2128400218807499,0.898970804452846,-0.08192872296974334,28.305588585017837,-0.1621508086536442,1.129875968992248,-2.737607512953368,1.7756210880067211,-0.07124352331606218,0.9011873350923483,0.006506002319448973,0.37207220647471284,0.5342084327764519,-0.03839077030185489,-8.247543414634146,0.08700882117080995,-42.72727272727273,-7.114101485842444,0.1581916415064358,-0.08342476489028214,-0.44072164948453607,-41.63157894736842,-10.203389830508474,-5.934007134363852,-0.05937914297417635,-0.15946364300453753,Farm & Heavy Construction Machinery,Industrials,HY
2021Q2,2021,Q2,2021-08-03,2021-06-30,1900000.0,765600000.0,5900000.0,0.11,116400000.0,0.15203761755485892,1991200000.0,595200000.0,1290000000.0,863100000.0,1361200000.0,678000000.0,440000000.0,1227158700.0,1485358700.0,35.396966993755576,1.494612443517553,0.17361390116512657,0.5808131720430108,-0.1442236156871081,35.396966993755576,0.003192204301075269,1.6028718652037617,161.46825,2.0617585685483872,2.8421052631578947,0.9575221238938053,0.004400408846875306,0.3844917637605464,0.6463909164639091,0.0009541984732824427,-19.1743546875,0.15203761755485892,-0.6666666666666667,-0.7769927166292288,0.15526586613341994,0.17566446943371872,-0.016891891891891893,-0.6607142857142857,0.9032258064516129,-0.6660613397901534,-0.015759738328872997,0.05117495737781236,Farm & Heavy Construction Machinery,Industrials,HY
2021Q1,2021,Q1,2021-05-04,2021-03-31,5600000.0,732200000.0,3100000.0,0.33,118400000.0,0.1617044523354275,1874100000.0,582100000.0,1185000000.0,823200000.0,1258300000.0,585900000.0,443500000.0,1464487200.0,1646887200.0,34.62819750148721,1.4395043731778425,0.152286430820127,0.49029376395808283,0.0025645024580437364,34.62819750148721,0.009620340147740937,2.0001190931439496,65.37889285714286,2.515868751073699,0.9464285714285714,1.0476190476190477,0.003619014218765449,0.39069419988261034,0.658284742468416,0.0029881009551251266,-26.72421897810219,0.1617044523354275,-0.5769230769230769,-0.45525758477096967,0.17883268439582456,0.14600341134247885,-0.027115858668857847,-0.5725190839694656,-0.7737226277372263,-0.6309579229365709,-0.08784756599461323,-0.04880507911541383,Farm & Heavy Construction Machinery,Industrials,HY
2020Q4,2020,Q4,2021-02-24,2020-12-31,13100000.0,719600000.0,13700000.0,0.78,121700000.0,0.16912173429683158,1859500000.0,616900000.0,1129700000.0,755900000.0,1208400000.0,509400000.0,443200000.0,1000618650.0,1138418650.0,36.713682080580845,1.494509855801032,0.1555256789459532,0.4687955908575134,0.013859765294485522,36.713682080580845,0.02123520829956233,1.3905206364647027,19.095775763358777,1.62201110390663,0.40458015267175573,1.1737338044758538,0.00529672318220333,0.3869857488572197,0.74546897737796,0.007044904544232321,13.114268020969856,0.16912173429683158,1.6,-0.2588145250917265,0.08571413281220075,0.3028258016095009,0.1769825918762089,1.5686274509803921,0.8767123287671232,6.361855025888235,-0.11140066462496427,0.0716110281557338,Farm & Heavy Construction Machinery,Industrials,HY
2020Q3,2020,Q3,2020-11-03,2020-09-30,5100000.0,652400000.0,7300000.0,0.3,103400000.0,0.15849172286940527,1733900000.0,569400000.0,1031400000.0,677800000.0,1131300000.0,490300000.0,435400000.0,623934250.0,831734250.0,33.902947305745755,1.521687813514311,0.1716938693119557,0.5228310502283106,0.007498053857686542,33.902947305745755,0.008956796628029505,0.9563676425505825,30.58501225490196,1.0957749385317879,1.0588235294117647,1.1197226188048133,0.008654758093501039,0.37626160678239806,0.7199763942165831,0.0029413460983909105,7.7219585396039605,0.15849172286940527,0.42857142857142855,-0.7628967951557695,-0.027894754935379774,0.2116999498082895,-0.0019305019305019305,0.4166666666666667,-0.16091954022988506,-0.6971295569568865,-0.07499576657221671,0.013700588318782448,Farm & Heavy Construction Machinery,Industrials,HY
2020Q2,2020,Q2,2020-08-04,2020-06-30,3600000.0,654400000.0,8700000.0,0.21,103600000.0,0.15831295843520782,1734900000.0,531500000.0,1047700000.0,723000000.0,1171200000.0,521400000.0,435700000.0,648985420.0,926185420.0,31.661404658366592,1.449100968188105,0.19465098852959825,0.6353715898400752,0.023551067919114266,31.661404658366592,0.006773283160865475,0.9917258863080685,45.06843194444444,1.2210450047036687,1.4722222222222223,1.0563866513233602,0.008166593326549617,0.3771975329990201,0.648271092669433,0.0020750475531730937,30.326421495327104,0.15831295843520782,-0.7692307692307693,-0.845868774584067,-0.03446145699161811,0.13230122095846336,-0.2421360643745428,-0.7647058823529411,-0.5693069306930693,-0.7848552959825185,-0.06436202825664354,-0.0041577311334246555,Farm & Heavy Construction Machinery,Industrials,HY
2020Q1,2020,Q1,2020-05-21,2020-03-31,15300000.0,785700000.0,20200000.0,0.91,136700000.0,0.173984981545119,1848700000.0,510400000.0,1155500000.0,853000000.0,1306000000.0,555800000.0,437400000.0,670545340.0,960245340.0,30.51536529953366,1.354630715123095,0.18396711202466598,0.6663401253918495,0.018807688520040465,30.51536529953366,0.029976489028213166,0.8534368588519792,10.95662320261438,1.313764380877743,0.3464052287581699,1.1676862180640517,0.007904014365382062,0.42500135230161734,0.6124267291910903,0.008276085898198735,-10.593133333333334,0.173984981545119,3.55,0.07117123472094022,0.22868122826782925,0.18149048758446573,-0.03186968838526912,3.5,1.4938271604938271,-0.17011031886704336,0.08171742421128869,0.02034781833362289,Farm & Heavy Construction Machinery,Industrials,HY
2019Q4,2019,Q4,2020-02-25,2019-12-31,3400000.0,834800000.0,8100000.0,0.2,141200000.0,0.16914230953521803,1847200000.0,544300000.0,1155800000.0,817000000.0,1270200000.0,559900000.0,427400000.0,982627360.0,1205027360.0,32.65930637225489,1.41468788249694,0.1553702901689043,0.5272827484842918,0.008494572911750826,32.65930637225489,0.0062465552085247105,1.1770811691423095,72.25201176470588,1.8053047216608489,1.5588235294117647,1.2387926415431327,0.005393702858019341,0.4519272412299697,0.652264381884945,0.0018406236466002599,12.980546367239102,0.16914230953521803,-0.736842105263158,-0.8742181505442036,0.14719992767629658,0.16962712831945623,0.045925925925925926,-0.734375,-0.5846153846153846,-0.725408360596719,0.19103380990148394,0.15631407921258633,Farm & Heavy Construction Machinery,Industrials,HY
2019Q3,2019,Q3,2019-10-30,2019-09-30,12800000.0,766000000.0,19500000.0,0.76,135000000.0,0.1762402088772846,1838200000.0,510100000.0,1158100000.0,838700000.0,1295700000.0,591800000.0,429300000.0,911801800.0,1200101800.0,30.618247298919567,1.3808274710862047,0.19100206723969101,0.6882964124681435,0.0164789441089952,30.618247298919567,0.02509311899627524,1.190341775456919,17.80862890625,1.787496177220153,0.4140625,1.066238594119635,0.00581266674402266,0.4167120008704167,0.6169071181590556,0.006963333696006963,22.458172413793104,0.1762402088772846,-0.21649484536082472,-0.5504590568621814,0.09804962513893163,0.07976106826431752,-0.03156384505021521,-0.20987654320987653,-0.14847161572052403,0.02347280375564858,0.19713323117265336,-0.008537584994472186,Farm & Heavy Construction Machinery,Industrials,HY
2019Q2,2019,Q2,2019-07-30,2019-06-30,16200000.0,856200000.0,22900000.0,0.97,139400000.0,0.16281242700303666,1920800000.0,537600000.0,1232600000.0,888300000.0,1350700000.0,599000000.0,421800000.0,915025700.0,1235625700.0,32.27859501651156,1.3875942812113025,0.1930966264056643,0.6899181547619048,0.019999431555393635,32.27859501651156,0.030133928571428572,1.068705559448727,14.12076697530864,1.7020567336309522,0.32098765432098764,1.196661101836394,0.005682900491210247,0.4457517700957934,0.6541708882134414,0.008433985839233653,-15.695123499142367,0.16281242700303666,3.85,-0.503252763256468,0.2615115727789064,0.09057903371692584,0.1045958795562599,3.764705882352941,5.735294117647059,0.9196970409407066,0.3043900432905263,0.07209177811329245,Farm & Heavy Construction Machinery,Industrials,HY
2019Q1,2019,Q1,2019-04-30,2019-03-31,3400000.0,834800000.0,3400000.0,0.2,126200000.0,0.15117393387637756,1871700000.0,519500000.0,1184900000.0,858300000.0,1320300000.0,588900000.0,410800000.0,1078458580.0,1332158580.0,31.281989522490516,1.3805196318303623,0.16530426884650318,0.595572666025024,0.0027927296622285882,31.281989522490516,0.006544754571703561,1.291876593195975,79.29842500000001,2.075954918190568,1.5294117647058822,1.2032603158430972,0.00482169653655127,0.44601164716567826,0.6304322497961086,0.0018165304268846503,-34.78898645161291,0.15117393387637756,3.7678333333333334,-0.8446438248931174,0.24703206710793862,0.1147449304975902,0.043837882547559964,3.8333333333333335,2.0,-0.6652206900704523,0.3604463263488252,0.035262280250485535,Farm & Heavy Construction Machinery,Industrials,HY
2018Q4,2018,Q4,2019-02-26,2018-12-31,-1200000.0,837700000.0,-3400000.0,-0.07225868609622449,120900000.0,0.14432374358362182,1742100000.0,527400000.0,1131600000.0,776200000.0,1182600000.0,533600000.0,407300000.0,1028969720.0,1246769720.0,31.75769253929066,1.4578716825560423,0.17306698811778887,0.5716723549488054,-0.0016973055274751335,31.75769253929066,-0.0022753128555176336,1.2283272293183718,-214.36869166666665,1.9510233598786502,-4.25,1.343328335832084,0.004956414072126438,0.4808564376327421,0.7075496006183973,-0.0006888238333046323,-26.519838144329896,0.14432374358362182,-1.0776975119314243,-1.0469934505607896,0.174393866188049,0.18007575167119624,0.02544529262086514,-1.077922077922078,-1.278688524590164,-1.0686961648282245,0.2788172728134162,0.12695700608177274,Farm & Heavy Construction Machinery,Industrials,HY
2018Q3,2018,Q3,2018-10-30,2018-09-30,15400000.0,782900000.0,12200000.0,0.93,117900000.0,0.15059394558692044,1752400000.0,557500000.0,1147500000.0,770000000.0,1162700000.0,506400000.0,413600000.0,1009523900.0,1184123900.0,33.67562669888251,1.4902597402597402,0.16919653047249486,0.5318385650224215,0.020868347338935573,33.67562669888251,0.027623318385650224,1.289467237195044,16.388375,1.810805201793722,0.33766233766233766,1.3131911532385465,0.005150942934585303,0.44675873088336,0.7603896103896104,0.008787947957087422,31.946958860759494,0.15059394558692044,1.7352941176470589,-0.33850569025235033,0.2273293561035048,0.3553790890294452,-0.06576862123613313,1.75,0.12962962962962962,-0.2736619561588962,0.18346781124069522,0.20357545356781362,Farm & Heavy Construction Machinery,Industrials,HY
2018Q2,2018,Q2,2018-07-31,2018-06-30,5600000.0,765600000.0,10800000.0,0.34,126200000.0,0.1648380355276907,1710000000.0,557300000.0,1100600000.0,730400000.0,1120100000.0,467100000.0,403400000.0,1063337500.0,1184037500.0,33.67371601208459,1.5068455640744798,0.1597076023391813,0.4900412704109097,0.007803468208092485,33.67371601208459,0.010048447873676656,1.3888943312434692,47.470424107142854,1.908016328727795,0.9107142857142857,1.3688717619353457,0.0047962194505507426,0.447719298245614,0.7901150054764513,0.0032748538011695906,71.36493288590604,0.1648380355276907,-0.6222222222222222,-0.843621371701357,0.17332742172771567,0.4724549631003011,-0.04466313398940197,-0.6241610738255033,-0.4375,-0.7568068993971012,0.14578555123453374,0.20426715637255616,Farm & Heavy Construction Machinery,Industrials,HY
2018Q1,2018,Q1,2018-05-01,2018-03-31,14900000.0,788200000.0,19200000.0,0.9,132100000.0,0.1675970565846232,1693400000.0,600900000.0,1185000000.0,706900000.0,1085400000.0,428000000.0,402900000.0,1154264580.0,1209564580.0,36.404943656852055,1.6763332861790918,0.16735561592063306,0.4716258944915959,0.016338894999982864,36.404943656852055,0.024796139124646364,1.4644310834813499,19.366855369127517,1.9208929605591614,0.33557046979865773,1.5329439252336448,0.004331762480314522,0.46545411597968583,0.986843966614797,0.008798866186370616,54.704482464454976,0.1675970565846232,7.189750000000001,-0.38546539863799223,0.24005010409198765,0.6944791312431944,-0.009745127436281859,7.208333333333333,0.17073170731707318,0.05707059216312884,0.24901930879141734,0.4095225211764532,Farm & Heavy Construction Machinery,Industrials,HY
2017Q4,2017,Q4,2018-02-27,2017-12-31,-2400000.0,795500000.0,16400000.0,-0.14540167211922936,133400000.0,0.16769327467001885,1647900000.0,565500000.0,1131400000.0,692400000.0,1075500000.0,411900000.0,389100000.0,1405650960.0,1476250960.0,34.26026899309342,1.6340265742345466,0.17640633533588204,0.5140583554376658,-0.0012480206035893483,34.26026899309342,-0.004244031830238726,1.7670030923947202,-146.421975,2.4856780901856763,-2.0833333333333335,1.607428987618354,0.003557070810807827,0.4827356028885248,0.9721259387637204,-0.0014563990533406153,-165.3707011764706,0.16769327467001885,-1.1454016721192293,-1.0752453653217013,0.23938464652006075,0.6830997076097198,0.09884678747940692,-1.1454545454545455,-0.08379888268156424,-1.0896478415562385,0.1037898375374489,0.2269623727185514,Farm & Heavy Construction Machinery,Industrials,HY
2017Q3,2017,Q3,2017-11-03,2017-09-30,16500000.0,691100000.0,17900000.0,1.0,121400000.0,0.17566198813485748,1606700000.0,550400000.0,1102700000.0,671600000.0,1049000000.0,419900000.0,396500000.0,1257973080.0,1313873080.0,33.4447347633226,1.6418999404407386,0.18304599489637144,0.5343386627906976,0.022262438047149332,33.4447347633226,0.029978197674418606,1.8202475473882216,19.060198181818183,2.285561555232558,0.296969696969697,1.3567516075256014,0.003895154894729544,0.4301363042260534,0.95473496128648,0.010269496483475447,142.95148636363638,0.17566198813485748,0.01010101010101011,-0.32426308503138157,0.20346336005307405,0.5385678146877189,-0.0024650780608052587,0.006097560975609756,-0.02185792349726776,-0.413365561296319,0.0029018196366454837,0.17943794049688375,Farm & Heavy Construction Machinery,Industrials,HY
2017Q2,2017,Q2,2017-08-01,2017-06-30,16400000.0,685500000.0,18300000.0,0.99,121700000.0,0.1775346462436178,1537600000.0,523100000.0,1050200000.0,628400000.0,1007400000.0,382500000.0,384900000.0,1155823250.0,1216323250.0,31.793593873457727,1.6712285168682368,0.19536940686784598,0.5742687822596062,0.01991499696417729,31.793593873457727,0.03135155801949914,1.6861024799416484,17.619256859756096,2.209564614796406,0.3048780487804878,1.4739869281045752,0.004325920939901495,0.4458246618106139,0.9972947167409294,0.010665972944849115,41.57637589928058,0.1775346462436178,-0.10000000000000007,-0.142303823011001,0.1612753445685313,0.5891233768113652,-0.034892942109436956,-0.09392265193370165,-0.21794871794871795,-0.4909460253088978,0.02240511586966112,0.07419256839299564,Farm & Heavy Construction Machinery,Industrials,HY
2017Q1,2017,Q1,2017-05-02,2017-03-31,18100000.0,713100000.0,23400000.0,1.1,126100000.0,0.17683354368251297,1334700000.0,491100000.0,864500000.0,613000000.0,836400000.0,358800000.0,373500000.0,925980190.0,1003780190.0,29.90682662444431,1.4102773246329527,0.10721510451786918,0.29138668295662795,0.02748285971244029,29.90682662444431,0.03685603746691102,1.2985278221848269,12.789781629834254,1.885522683771126,0.27071823204419887,1.6360089186176143,0.0052916898794562765,0.5342773657001574,0.7561174551386624,0.013561099872630553,9.685985251046025,0.17683354368251297,0.4805819672131149,-0.12704107602667075,0.15825930288706525,0.529036598734531,0.13603603603603603,0.48360655737704916,1.7857142857142858,-0.16358894815462252,0.07730134490076027,0.06574050678268398,Farm & Heavy Construction Machinery,Industrials,HY
2016Q4,2016,Q4,2017-02-28,2016-12-31,12200000.0,690600000.0,8400000.0,0.742951099202241,111000000.0,0.16072980017376196,1287100000.0,463800000.0,810000000.0,576500000.0,816700000.0,352200000.0,360300000.0,1047167170.0,1215167170.0,28.24432129590159,1.4050303555941024,0.16408981431124234,0.4553686934023286,0.014072689511941848,28.24432129590159,0.02630444156964209,1.5163150448885028,21.458343647540985,2.257798986632169,0.4016393442622951,1.645655877342419,0.004679291082053308,0.5365550462279544,0.7259323503902863,0.009478672985781991,-12.14811102088167,0.16072980017376196,-0.009398534397011993,-0.47143436628789714,0.04239537730343657,0.6004797656368128,0.06118546845124283,-0.008130081300813009,0.5555555555555556,-0.5168216080908071,-0.02086310087836371,0.04952331289395098,Farm & Heavy Construction Machinery,Industrials,HY
2016Q3,2016,Q3,2016-11-01,2016-09-30,12300000.0,629300000.0,5400000.0,0.75,104600000.0,0.1662164309550294,1296500000.0,506000000.0,848100000.0,582600000.0,783500000.0,376000000.0,353000000.0,985230050.0,1053230050.0,30.881904180653038,1.4557157569515964,0.11785576552256075,0.3019762845849802,0.014255167498218103,30.881904180653038,0.024308300395256915,1.5655967741935484,20.025001016260163,1.9470949604743082,0.3902439024390244,1.3954787234042554,0.004871958584698061,0.4853837254145777,0.7281153450051493,0.009487080601619746,28.392796829971182,0.1662164309550294,0.47058823529411764,-0.27976982431666586,0.02553254970839239,0.0,-0.0824561403508772,0.4819277108433735,-0.5263157894736842,-0.46618196456281363,-0.0032292157717009693,0.24293714056573443,Farm & Heavy Construction Machinery,Industrials,HY
2016Q2,2016,Q2,2016-08-08,2016-06-30,8300000.0,645600000.0,11400000.0,0.51,114000000.0,0.17657992565055763,1267600000.0,493200000.0,814300000.0,562600000.0,766200000.0,345800000.0,345500000.0,974505690.0,1073605690.0,30.108052011476712,1.4473871311766797,0.1188071946986431,0.305352798053528,0.012455178732209709,30.108052011476712,0.016828872668288728,1.5094573884758364,29.352581024096384,1.975883394160584,0.5783132530120482,1.5373048004626952,0.004925574113374341,0.5093089302619123,0.7314255243512264,0.006547806879141685,-64.11221644736843,0.17657992565055763,-0.16393442622950816,-0.5566509981075636,0.02177997544580795,0.0,0.1644535240040858,-0.17,0.17525773195876287,-0.7658333448568126,-0.0003720161382961359,0.31653870923158756,Farm & Heavy Construction Machinery,Industrials,HY
2016Q1,2016,Q1,2016-04-27,2016-03-31,10000000.0,604200000.0,9700000.0,0.61,97900000.0,0.1620324395895399,1116400000.0,494100000.0,835100000.0,494400000.0,620500000.0,301200000.0,342000000.0,1089043200.0,1013543200.0,30.216487279843445,1.6891181229773462,0.05643138659978502,0.12750455373406194,0.01936795483835835,30.216487279843445,0.020238818053025704,1.802454816285998,27.226079999999996,2.2040947176684877,0.47,1.6809428950863214,0.004315714932153289,0.5412038695807954,0.9834142394822006,0.00895736295234683,-43.736674698795184,0.1620324395895399,-0.4200744186046512,-0.5392837397874561,0.05822268097090746,0.0,-0.11482820976491863,-0.4186046511627907,-0.6297709923664122,-0.5836763957169904,-0.04047899612160923,0.40643555440672086,Farm & Heavy Construction Machinery,Industrials,HY
2015Q4,2015,Q4,2016-02-17,2015-12-31,17200000.0,645000000.0,26200000.0,1.0518590998043054,110600000.0,0.17147286821705426,1095900000.0,460800000.0,818900000.0,505200000.0,633200000.0,304600000.0,336700000.0,857662400.0,755662400.0,28.180039138943247,1.620942201108472,0.04845332603339721,0.115234375,0.03041380652347498,28.180039138943247,0.03732638888888889,1.3297091472868217,12.466023255813953,1.8612465277777779,0.26744186046511625,1.7544320420223243,0.00536341572161727,0.5885573501231864,0.948535233570863,0.015694862669951636,21.229267326732675,0.17147286821705426,-0.17823507827788646,0.0,0.0,0.0,0.03655107778819119,-0.17703349282296652,-0.09655172413793103,-0.45566291585127194,0.014370486565497788,0.38439705901746685,Farm & Heavy Construction Machinery,Industrials,HY
2015Q3,2015,Q3,2015-10-28,2015-09-30,20900000.0,652100000.0,29000000.0,1.28,106700000.0,0.16362521085723047,1111200000.0,456600000.0,859600000.0,530900000.0,652800000.0,343100000.0,324100000.0,943727770.0,876127770.0,27.97965561615295,1.6191373139951026,0.04229661627069834,0.1029347349978099,0.04258074259696383,27.97965561615295,0.04577310556285589,1.4472132648366816,11.288609688995214,2.0668588918090234,0.22009569377990432,1.589624016321772,0.004874286999099328,0.5868430525557955,0.8777547560745903,0.01880849532037437,39.48651757322176,0.16362521085723047,-0.07913669064748192,0.2287552633652273,0.06698624529050021,0.0,-0.0352622061482821,-0.07929515418502203,0.06227106227106227,-0.1368284585120308,0.1451524497744255,0.2871561966838782,Farm & Heavy Construction Machinery,Industrials,HY
2015Q2,2015,Q2,2015-07-29,2015-06-30,22700000.0,658700000.0,27300000.0,1.39,110600000.0,0.16790648246546228,1091900000.0,456200000.0,843000000.0,519100000.0,634000000.0,342900000.0,307800000.0,1130303200.0,1084903200.0,27.961998161201347,1.6239645540358312,0.04918032786885246,0.1177115300306883,0.04455145777832493,27.961998161201347,0.04975887768522578,1.7159605283133446,12.448273127753305,2.4776483998246386,0.20704845814977973,1.5984251968503937,0.004158176319415887,0.6032603718289221,0.8520516278173762,0.020789449583295174,-136.18110843373495,0.16790648246546228,0.6352941176470588,0.21743794054551027,0.04673045708902279,0.0,0.07482993197278912,0.6330935251798561,0.3,0.19721873122893044,0.12531324191605656,0.39761063556319853,Farm & Heavy Construction Machinery,Industrials,HY
2015Q1,2015,Q1,2015-04-29,2015-03-31,13900000.0,622300000.0,21000000.0,0.85,102900000.0,0.16535433070866143,1062500000.0,420400000.0,818900000.0,533100000.0,640500000.0,350800000.0,289800000.0,1192941330.0,1136541330.0,25.827855255882533,1.5361095479272182,0.03303529411764706,0.0834919124643197,0.03276368357413898,25.827855255882533,0.03306374881065652,1.9169875140607424,21.455779316546764,2.8376339914367272,0.3237410071942446,1.4806157354618017,0.0037721888636384157,0.5856941176470588,0.7630838491840181,0.01308235294117647,-90.37434318181818,0.16535433070866143,-0.47592992424242425,-0.35665362911324155,0.0949458971273434,0.0,-0.12350936967632027,-0.4734848484848485,-0.3674698795180723,-0.3236752635099185,0.019718736530292755,0.32049235610921967,Farm & Heavy Construction Machinery,Industrials,HY
2014Q4,2014,Q4,2015-02-19,2014-12-31,26400000.0,710700000.0,33200000.0,1.6219205013208822,117400000.0,0.1651892500351766,1120800000.0,454500000.0,867000000.0,553500000.0,664800000.0,342500000.0,280400000.0,1191476400.0,1111576400.0,27.922835903422005,1.5663956639566397,0.02810492505353319,0.06930693069306931,0.055231590928990465,27.922835903422005,0.058085808580858087,1.6764829041789784,11.282920454545456,2.6215102310231027,0.16666666666666666,1.7322627737226277,0.0036928973163043765,0.6341006423982869,0.8475158084914183,0.023554603854389723,28.234037914691942,0.1651892500351766,-0.045929116870069286,0.0,0.0,0.0,0.05480682839173405,-0.07042253521126761,-0.08539944903581267,0.15390022106684803,0.08222473494064476,0.5822626217295155,Farm & Heavy Construction Machinery,Industrials,HY
2014Q3,2014,Q3,2014-10-29,2014-09-30,28400000.0,695800000.0,36300000.0,1.7,111300000.0,0.15995975855130784,1137400000.0,471200000.0,888200000.0,573800000.0,664900000.0,364900000.0,258400000.0,1190109540.0,1130509540.0,28.35650237708371,1.547926106657372,0.03367328995955689,0.08128183361629882,0.055027645467818756,28.35650237708371,0.06027164685908319,1.7104189997125612,10.476316373239436,2.525699363327674,0.1619718309859155,1.6018087147163607,0.003865190426084644,0.6117460875681379,0.817532241199024,0.024969228064005627,29.902249748743717,0.15995975855130784,-0.12820512820512822,0.6397527489060257,0.11807250491962228,0.0,0.03727865796831314,-0.13677811550151975,-0.2389937106918239,0.6397527489060257,0.11807250491962228,0.0,Farm & Heavy Construction Machinery,Industrials,HY
2014Q2,2014,Q2,2014-07-30,2014-06-30,32900000.0,684700000.0,47700000.0,1.95,107300000.0,0.15671096830728787,1142300000.0,497300000.0,896400000.0,553600000.0,643800000.0,365900000.0,234600000.0,1487649080.0,1430749080.0,29.59766694441138,1.6192196531791907,0.03650529633196183,0.08385280514779811,0.05996731341407199,29.59766694441138,0.06615724914538508,2.1727020300861692,11.304324316109422,2.9914520008043435,0.1398176291793313,1.5780267832741186,0.0030921270760978117,0.5994047097960256,0.8592846820809249,0.02880154075111617,-170.9941471264368,0.15671096830728787,0.4885496183206106,0.7133376978931082,0.05651002746586611,0.0,-0.03939122649955237,0.48868778280542985,0.509493670886076,0.7133376978931082,0.05651002746586611,0.0,Farm & Heavy Construction Machinery,Industrials,HY
2014Q1,2014,Q1,2014-04-30,2014-03-31,22100000.0,676000000.0,31600000.0,1.31,111700000.0,0.16523668639053254,1127900000.0,470600000.0,886100000.0,559600000.0,656200000.0,360100000.0,206300000.0,1635075000.0,1560775000.0,28.06201550387597,1.5834524660471765,0.02925791293554393,0.07012324691882703,0.043884034948371724,28.06201550387597,0.04696132596685083,2.41875,18.496323529411764,3.4744475138121547,0.19004524886877827,1.5670647042488197,0.0025686895096555203,0.599343913467506,0.8406004288777699,0.01959393563259154,-75.00344036697248,0.16523668639053254,-0.1437908496732026,-0.007195745124621999,0.1544652272853417,0.0,-0.11278792692613185,-0.14007782101167315,-0.09714285714285714,-0.007195745124621999,0.1544652272853417,0.0,Farm & Heavy Construction Machinery,Industrials,HY
2013Q4,2013,Q4,2014-02-19,2013-12-31,25700000.0,717900000.0,35000000.0,1.53,125900000.0,0.17537261457027442,1161300000.0,449800000.0,921600000.0,609800000.0,710400000.0,330600000.0,188400000.0,1557076240.0,1450876240.0,26.91157113796817,1.511315185306658,0.05984672349952639,0.15451311694086262,0.05433997689196996,26.91157113796817,0.05713650511338372,2.1689319403816687,15.146656031128405,3.46170795909293,0.15953307392996108,1.7906836055656383,0.0026331401730206867,0.6181865151123741,0.8773368317481142,0.02213037113579609,30.4116453125,0.17537261457027442,0.09285714285714294,0.0,0.0,0.0,0.12813620071684587,0.09361702127659574,0.1182108626198083,0.0,0.0,0.0,Farm & Heavy Construction Machinery,Industrials,HY
2013Q3,2013,Q3,2013-10-30,2013-09-30,23500000.0,643900000.0,31300000.0,1.4,111600000.0,0.17331883832893305,1151700000.0,415200000.0,918400000.0,628000000.0,735500000.0,322200000.0,166800000.0,1498475370.0,1435575370.0,24.845909879719944,1.462420382165605,0.10575670747590518,0.29335260115606937,0.045548608284928536,24.845909879719944,0.05659922928709056,2.327186473054822,15.941227340425533,3.609044725433526,0.17872340425531916,1.6520794537554313,0.002802848871650123,0.5590865676825563,0.8670382165605095,0.020404619258487453,35.59323919239905,0.17331883832893305,-0.3518518518518519,0.34920539935200945,0.028854944321387542,0.0,-0.023622047244094488,-0.35082872928176795,-0.12813370473537605,0.34920539935200945,0.028854944321387542,0.0,Farm & Heavy Construction Machinery,Industrials,HY
2013Q2,2013,Q2,2013-07-31,2013-06-30,36200000.0,659600000.0,35900000.0,2.16,114300000.0,0.17328684050939963,1090000000.0,382600000.0,855500000.0,493500000.0,706500000.0,296000000.0,147500000.0,1089792200.0,1061892200.0,22.869097429766885,1.7335359675785207,0.1236697247706422,0.35232618923157344,0.07280437863789405,22.869097429766885,0.09461578672242552,1.6522016373559734,7.526189226519336,2.848385258755881,0.11602209944751381,1.8422297297297296,0.0038539457338747697,0.605137614678899,1.0299898682877406,0.033211009174311926,34.37830283911672,0.17328684050939963,0.46938775510204095,0.8933054393305442,0.02216023554935689,0.0,0.046703296703296704,0.4715447154471545,0.11838006230529595,0.8933054393305442,0.02216023554935689,0.0,Farm & Heavy Construction Machinery,Industrials,HY
2013Q1,2013,Q1,2013-05-01,2013-03-31,24600000.0,644900000.0,32100000.0,1.47,109200000.0,0.16932857807412002,1085700000.0,359800000.0,856300000.0,516700000.0,725000000.0,308300000.0,115500000.0,952569360.0,960269360.0,21.484444975219443,1.6572479194890652,0.1278437874182555,0.3857698721511951,0.05158809487411658,21.484444975219443,0.06837131739855476,1.477080725693906,9.680582926829269,2.647496831573096,0.17073170731707318,1.7375932533246838,0.00440912775107526,0.593994657824445,0.9682601122508225,0.02265819287095883,-110.76387906976744,0.16932857807412002,-0.23834196891191708,0.10663016815005491,0.10286557219025305,0.0,0.017707362534948742,-0.24074074074074073,0.10689655172413794,0.10663016815005491,0.10286557219025305,0.0,Farm & Heavy Construction Machinery,Industrials,HY
2012Q4,2012,Q4,2013-02-19,2012-12-31,32400000.0,652000000.0,29000000.0,1.93,107300000.0,0.16457055214723926,1064400000.0,341300000.0,831800000.0,507100000.0,722200000.0,308600000.0,95100000.0,818229600.0,809129600.0,20.355460130017295,1.640307631630842,0.13359639233370912,0.41664225021974804,0.07062781949252883,20.355460130017295,0.09493114561968942,1.254953374233129,6.3134999999999994,2.3973911514796367,1.1666666666666667,1.7650680492546986,0.04619730207755867,0.6125516723036453,0.9475448629461645,0.030439684329199548,16.07523772102161,0.16457055214723926,0.304054054054054,0.0,0.0,0.0,0.073,0.30120481927710846,0.024734982332155476,0.0,0.0,0.0,Farm & Heavy Construction Machinery,Industrials,HY
2012Q3,2012,Q3,2012-11-01,2012-09-30,24900000.0,585600000.0,28300000.0,1.48,100000000.0,0.17076502732240437,1091200000.0,364800000.0,871800000.0,520800000.0,725600000.0,323400000.0,62700000.0,680006640.0,679706640.0,21.737575974258135,1.673963133640553,0.13260630498533724,0.39665570175438597,0.04752789777728317,21.737575974258135,0.06825657894736842,1.161213524590164,6.827375903614459,1.8640532894736843,0.20080321285140562,1.5015460729746444,0.007352869377863721,0.5366568914956011,0.9765745007680492,0.02281891495601173,62.96357777777778,0.17076502732240437,0.27349293297469013,0.4235354206037081,-0.06825833931484201,0.0,0.03199174406604747,0.27692307692307694,0.15040650406504066,0.4235354206037081,-0.06825833931484201,0.0,Farm & Heavy Construction Machinery,Industrials,HY
2012Q2,2012,Q2,2012-06-30,2012-06-30,19500000.0,602000000.0,24600000.0,1.162158,96900000.0,0.16096345514950167,1032000000.0,335700000.0,819800000.0,484000000.0,696300000.0,300900000.0,37800000.0,679890185.5200001,679390185.5200001,20.007001556576903,1.693801652892562,0.10901162790697674,0.3351206434316354,0.04978051741851126,20.007001556576903,0.0580875781948168,1.1293856902325583,8.71654084,2.0252909905272567,0.0,1.6786307743436357,0.0,0.5833333333333334,0.9971074380165289,0.0188953488372093,22.891925438383844,0.16096345514950167,-0.07729062029081242,0.016888483941297078,-0.06983192048218667,0.0,-0.021212121212121213,-0.08018867924528301,-0.174496644295302,0.016888483941297078,-0.06983192048218667,0.0,Farm & Heavy Construction Machinery,Industrials,HY
2012Q1,2012,Q1,2012-03-31,2012-03-31,21200000.0,629500000.0,29800000.0,1.259506,99000000.0,0.1572676727561557,1138300000.0,328400000.0,928700000.0,706400000.0,809900000.0,317100000.0,18300000.0,680330800.0,702630800.0,19.55926146515783,1.3146942242355606,0.0011420539400860933,0.003958587088915956,0.07123294467314546,19.55926146515783,0.06455542021924482,1.0807478951548848,8.02276886792453,2.0716528623629724,0.0,1.6729738252917061,0.0,0.5530176579109198,0.8118629671574179,0.018624264253711675,38.876045714285716,0.1572676727561557,-0.10393619745762706,-0.04876114065333571,0.07377246087780978,0.0,-0.017857142857142856,-0.1016949152542373,0.06428571428571428,-0.04876114065333571,0.07377246087780978,0.0,Farm & Heavy Construction Machinery,Industrials,HY
2011Q4,2011,Q4,2011-12-31,2011-12-31,23600000.0,677400000.0,28000000.0,1.4055985705777247,100800000.0,0.1488042515500443,1117000000.0,296300000.0,898400000.0,661200000.0,819900000.0,309000000.0,-2900000.0,680330800.0,721430800.0,17.647409172126267,1.3587416817906837,0.20232766338406447,0.7627404657441782,0.045867659774767394,17.647409172126267,0.07964900438744515,1.0043265426631236,7.206894067796611,2.2960877489031386,0.0,1.866019417475728,0.0,0.6064458370635631,0.8366606170598911,0.021128021486123544,11.31998003327787,0.1488042515500443,0.3515370870939661,0.0,0.0,0.0,0.13258426966292136,0.3485714285714286,0.16182572614107885,0.0,0.0,0.0,Farm & Heavy Construction Machinery,Industrials,HY
2011Q3,2011,Q3,2011-09-30,2011-09-30,17500000.0,628800000.0,24100000.0,1.04,89000000.0,0.14153944020356235,,,,,,,,680330800.0,,,0.0,0.0,0.0,0.0,,0.0,1.0819510178117049,9.719011428571429,0.0,0.2857142857142857,0.0,0.007349365926105358,0.0,0.0,0.0,-59.1592,0.14153944020356235,-0.09000227499431247,0.0,0.0,0.0,-0.09090909090909091,-0.08854166666666667,-0.12363636363636364,0.0,0.0,0.0,Farm & Heavy Construction Machinery,Industrials,HY
2011Q2,2011,Q2,2011-06-30,2011-06-30,19200000.0,648000000.0,27500000.0,1.14286,97900000.0,0.15108024691358024,,,,,,,,680736000.0,,,0.0,0.0,0.0,0.0,,0.0,1.0505185185185186,8.863750000000001,0.0,0.0,0.0,0.0,0.0,0.0,0.0,24.66434782608696,0.15108024691358024,-0.13901068269824768,0.0,0.0,0.0,0.021920668058455117,-0.13901345291479822,-0.09539473684210527,0.0,0.0,0.0,Farm & Heavy Construction Machinery,Industrials,HY
2011Q1,2011,Q1,2011-03-31,2011-03-31,22300000.0,586600000.0,30400000.0,1.32738,95800000.0,0.16331401295601772,,,,,,,,680736000.0,,,0.0,0.0,0.0,0.0,,0.0,1.1604773269689737,7.631569506726458,0.0,0.2242152466367713,0.0,0.007344991303530296,0.0,0.0,0.0,-17.86708661417323,0.16331401295601772,0.0,0.9592725041771095,-0.05051832848524035,0.0,0.0,0.0,0.0,0.0,0.0,0.0,Farm & Heavy Construction Machinery,Industrials,HY
2010Q4,2010,Q4,2010-12-31,2010-12-31,,,,,,,1041200000.0,230700000.0,800100000.0,480600000.0,810500000.0,281100000.0,-85500000.0,0.0,50200000.0,0.0,1.6647940074906367,0.21100653092585478,0.9523190290420459,,0.0,,0.0,0.0,0.0,0.0,,,,1.0168539325842696,,0.0,0.0,0.0,-1.0,-1.0,-1.0,0.0,0.0,0.0,0.0,0.0,0.0,Farm & Heavy Construction Machinery,Industrials,HY
