Quarters,Year,Quarter,FillingDate,Date,NetIncome,Revenue,OperatingIncome,EPSDiluted,GrossProfit,GrossProfitRatio,TotalAssets,CommonStockEquity,CurrentAssets,CurrentLiability,TotalLiability,Inventory,RetainedEarnings,MarketCap,EnterpriseValue,bookValuePerShare,currentRatio,debtToAssets,debtToEquity,roic,shareholdersEquityPerShare,roe,priceToSalesRatio,peRatio,pbRatio,payoutRatio,inventoryTurnover,dividendYield,assetTurnover,quickRatio,returnOnAssets,priceToFreeCashFlowsRatio,grossProfitMargin,epsdilutedGrowth,fiveYNetIncomeGrowthPerShare,fiveYRevenueGrowthPerShare,fiveYShareholdersEquityGrowthPerShare,grossProfitGrowth,netIncomeGrowth,operatingIncomeGrowth,threeYNetIncomeGrowthPerShare,threeYRevenueGrowthPerShare,threeYShareholdersEquityGrowthPerShare,Industry,Sector,Symbol
2023Q1,2023,Q1,2023-05-12,2023-03-31,1412474.0,43491277.0,5520122.0,-0.03,12079198.0,0.2777384072,407218526.0,53927239.0,36302885.0,29826588.0,354049825.0,8015602.0,-119572709.0,37176832.980000004,334437835.98,2.8938678521346173,1.217131674598516,0.7875147556523496,5.946727552656645,0.014575855006541476,2.8938678521346173,0.026192217999515977,0.854811252840426,6.580091559207461,0.6893887703021473,1.411928290361451,3.9188671044295864,0.05364394543970108,0.10680083106042185,0.9302520288274341,0.003468589737000325,3.7295918848884493,0.2777384071753055,-1.1875,-0.15362566760507831,-0.2466346105609598,-0.5734462727915144,0.015614085417470327,-0.7223240440743254,0.07367671297248998,1.0889852997264204,-0.10642617197008364,-0.5221738808679129,REIT—Hotel & Motel,Real Estate,SOHO
2022Q4,2022,Q4,2023-03-21,2022-12-31,5086771.0,41341747.0,5141326.0,0.16,11893492.0,0.2876872136,405012215.0,52254301.0,39941490.0,28230401.0,353491492.0,6754956.0,-120985183.0,33321625.78,334431023.78,2.8384054678018775,1.4148396262596483,0.7975761373024268,6.181846696217408,0.01252168812585735,2.8384054678018775,0.09734645574916408,0.8060042982702207,1.6376609926021832,0.6376819733939222,0.0,4.35950360002345,0.0,0.10207530901259361,13.915293268416555,0.012559549592843762,13.595957717492068,0.2876872136051725,15.0,2.4729140166128154,-0.1938196734842815,-0.5819839975213121,0.21080921936119196,1.513652758347882,0.08168144197655124,4.076535620812908,-0.30580487059907896,-0.6211260954019606,REIT—Hotel & Motel,Real Estate,SOHO
2022Q3,2022,Q3,2022-11-14,2022-09-30,2023657.0,39212695.0,4753087.0,0.01,9822763.0,0.250499564,409024935.0,48790376.0,41204190.0,30452767.0,362813305.0,7332081.0,-126071951.0,33925286.199999996,341195571.2,2.703762212623574,1.353052417207277,0.8074856267625835,6.769403785697409,0.012459946634809786,2.703762212623574,0.04147656086929931,0.8651607904021897,4.191086508237315,0.6953274186696162,0.0,4.008402525831343,0.0,0.09586871519214347,12.960611526696407,0.004947514996854654,12.322670798767488,0.2504995639804915,-0.9924242424242424,3.07911970871046,-0.1831137454060136,-0.471161108087764,-0.33502164599754675,-0.9223921579170022,-0.4203049094018895,-0.2655154378036742,-0.3036160796908348,-0.6577773420635447,REIT—Hotel & Motel,Real Estate,SOHO
2022Q2,2022,Q2,2022-08-15,2022-06-30,26075419.0,47170259.0,8199288.0,1.32,14771553.0,0.3131539515,413097986.0,47463043.0,43616104.0,33873529.0,369025552.0,8175184.0,-127843207.0,30906772.62,340197893.62,2.6720905425938324,1.2876161795837688,0.80673415822463,7.021468387519949,0.021527023979359742,2.6720905425938324,0.5493836330721568,0.6552173610070702,0.2963209586392456,0.6511755392506123,0.0,3.963055265789736,0.0,0.11418661092189396,11.73598345776137,0.06312163187355747,-5.151997740285529,0.3131539515184769,28.966101694915253,17.742288697746673,-0.09744158228147548,-0.49897500951845086,0.4808929256550608,33.15440153697419,1.088882004604092,15.123246914648156,-0.29790516209948703,-0.6521548404857689,REIT—Hotel & Motel,Real Estate,SOHO
2022Q1,2022,Q1,2022-05-13,2022-03-31,-810944.0,38352603.0,3925204.0,-0.0472,9974761.0,0.2600804175,425846475.0,21043873.0,53217009.0,42201797.0,409723151.0,7129479.0,-154171027.0,35369235.92,380863628.92,1.2256521028062966,1.2610128663478477,0.8587102194517402,17.37696858368229,0.010272208591399871,1.2256521028062966,-0.038535872175240744,0.9222121356404415,-10.9037232903875,1.6807379478102726,0.0,3.980352842051993,0.0,0.09006204172524852,9.401803624618164,-0.0019043107025836013,4.745076547371766,0.2600804174882211,0.9541747572815534,-1.2494064223234256,-0.19034346073410402,-0.7696665205364195,-0.657391138105558,0.9518992878289736,1.1743293498741452,-2.5079731578339572,-0.3584523036970657,-0.7878613207505056,REIT—Hotel & Motel,Real Estate,SOHO
2021Q4,2021,Q4,2022-03-25,2021-12-31,-16859293.0,35075958.0,-22516025.0,-1.03,29114136.0,0.8300310999,436054830.0,16502930.0,400768522.0,0.0,419551900.0,6894228.0,-152814205.0,34315595.05,21148712.049999997,1.0051151276772046,0.0,0.0,0.0,-1.3634541064750096,1.0051151276772046,-1.0215939230185185,0.9783223896550451,-0.50885281859091,2.079363788733273,0.0,0.8647555607386352,0.0,0.08043932915500558,0.0,-0.03866324104241661,14.80099599180451,0.8300310999346048,-5.609918966735899,-260.86619871765436,-0.11449919274899013,-0.8105129419936042,-0.050746947220485665,-5.668441168711121,-9.080100782243033,-5.075434662331391,-0.3318362495699947,-0.8330064753873601,REIT—Hotel & Motel,Real Estate,SOHO
2021Q3,2021,Q3,2021-11-12,2021-09-30,-2528221.0,35493126.0,2786602.0,-0.15582641862682822,30670574.0,0.8641271552130968,460046115.0,33218435.0,12062435.0,0.0,426827680.0,8550860.0,-137482732.0,41534970.88,21994180.880000003,2.0474118988957386,0.0,0.0,0.0,0.08366951945661855,2.0474118988957386,-0.07610897382733413,1.1702257749852747,-4.107134115253374,1.2503590515326806,0.0,0.5639844413310474,0.0,0.07715123515389322,0.0,-0.00549558167663257,19.429020235945703,0.8641271552130968,-0.6837752884008026,-0.692562965717884,-0.12263547017780263,-0.6370270277339586,2.174850232581635,-0.8395998928934202,-0.11343680274985198,-0.31931154819760504,-0.28622009360835293,-0.6864147227488021,REIT—Hotel & Motel,Real Estate,SOHO
2021Q2,2021,Q2,2021-08-16,2021-06-30,-1374332.0,34383309.0,3143151.0,-0.09254585199122818,9660479.0,0.2809642027182433,465215926.0,41934299.0,45790710.0,53836241.0,429509002.0,0.0,-135244679.0,44550846.0,407422227.0,2.8238048947488,0.8505554836192966,0.8269154654864502,9.173737326573647,0.0074006218834205455,2.8238048947488,-0.032773458309151654,1.2957114162572312,-8.10409093290413,1.06239634529243,0.0,0.0,0.0,0.07390828017353816,0.4627321955854979,-0.0029541808936265866,16.57594877366353,0.2809642027182433,0.8032856982039586,-1.7856018824343998,-0.17242273442578163,-0.1503208244867466,1.2997324015514569,0.8001287069604288,2.509478570564133,-1.4462609922916776,-0.39421421216980596,-0.582430123563954,REIT—Hotel & Motel,Real Estate,SOHO
2021Q1,2021,Q1,2021-05-17,2021-03-31,-6876085.0,22635532.0,-2082276.0,-0.4704581779070754,4200697.0,0.18557977784661744,468632775.0,43158465.0,44951917.0,54765461.0,431522047.0,0.0,-134073574.0,50862705.6,415832741.6,2.9528798444414646,0.8208077897856095,0.8237946588349481,8.945109076516044,-0.004853022972004318,2.9528798444414646,-0.15932181554649824,2.2470293872483316,-1.8492610838871246,1.1785105332175274,0.0,0.0,0.0,0.0483012141009557,0.4523700439589105,-0.01467265066981284,-64.56936025653721,0.18557977784661744,0.5387664922479654,-15.405957327236946,-0.3940792788449493,-0.11329930739099728,3.1863860714923304,0.4294686424043932,0.7713598912335607,-6.253304012198446,-0.500076575542802,-0.5647479539481309,REIT—Hotel & Motel,Real Estate,SOHO
2020Q4,2020,Q4,2021-03-24,2020-12-31,-12052072.0,14585728.0,-9107221.0,-1.02,-1921297.0,-0.13172445009258366,473033810.0,49550068.0,45209226.0,69322456.0,428832506.0,7726980000.0,-127197489.0,35915997.5,397577658.5,3.44902490874714,0.6521584578596004,0.8180375774830979,7.809463187820449,-0.020762054061015472,3.44902490874714,-0.24323018083446424,2.462406915856377,-0.7450170705087059,0.7248425471383813,0.0,0.002136284162764754,0.0,0.030834430207007824,0.39640071321189196,-0.02547824647037386,-6.426703261682756,-0.13172445009258366,-0.186046511627907,-22.280465591224786,-0.5996844783547259,0.01991102428803793,-0.6652368587098966,-0.19671079271388991,-0.22908796112791557,-3.4719466080679173,-0.635522129410479,-0.49205720565341887,REIT—Hotel & Motel,Real Estate,SOHO
2020Q3,2020,Q3,2020-11-09,2020-09-30,-10070998.0,14414478.0,-7409739.0,-0.86,-1153768.0,-0.08004230191339569,466209038.0,61236039.0,34028381.0,40393058.0,409476635.0,9260763.0,-115173422.0,25796964.6,388753556.6,4.272784488761131,0.8424314148238046,0.8117413459496253,6.1800396985180575,-0.016651710441579263,4.272784488761131,-0.16446194372565476,1.7896565245026563,-0.640377562382596,0.421270954510954,-0.1986315556809762,1.681097551033322,0.07754470462001564,0.03091848682693277,0.4226000913325255,-0.021601893526568654,-32.38847211375969,-0.08004230191339569,0.2833333333333333,-3.585477404393934,-0.5778071584611596,0.20067670226249681,0.7784938817268895,0.3257097657679565,0.35168377853052774,-12.028207581014804,-0.6219028663979296,-0.16427021434565167,REIT—Hotel & Motel,Real Estate,SOHO
2020Q2,2020,Q2,2020-08-10,2020-06-30,-14935702.0,5293907.0,-11429205.0,-1.2,-5208741.0,-0.983912448783101,472131704.0,71286247.0,35241642.0,35065696.0,404395818.0,0.0,-105129724.0,36043859.88,396012688.88,4.98396517570748,1.0050176103733974,0.8016613220280585,5.309435437104719,-0.025447353896225502,4.98396517570748,-0.20951730002001648,6.808555548860228,-0.6033171370184006,0.5056215104156065,0.0,0.0,0.0,0.011212775916442163,0.5951375384079073,-0.03163460931232019,-5.633041325904683,-0.983912448783101,-0.18811881188118806,-8.85753564413571,-0.8918828638643436,1.144714800936417,-2.0294975904724146,-0.23081678634873667,-5.337225388590981,-14.331856312617957,-0.8742068406814892,-0.06549158237158592,REIT—Hotel & Motel,Real Estate,SOHO
2020Q1,2020,Q1,2020-06-24,2020-03-31,-12134789.0,37208465.0,-1803503.0,-1.01,5059498.0,0.13597706865897316,474762831.0,86279642.0,34152391.0,31315802.0,390700698.0,0.0,-90134337.0,22793945.6,365372325.6,6.056319937869818,1.0905801167091298,0.7526170198441672,4.141354538768253,-0.00688030294986113,6.056319937869818,-0.14064486962057632,0.6126010734385308,-0.46959913353252375,0.2641868356384696,-0.3452328672546346,0.0,0.18379126078110847,0.07837274228403107,0.6147039121016284,-0.025559686242582036,14.998454090895034,0.13597706865897316,-10.245758237219901,-16.687182463221216,-0.10657958030708424,1.7329055783860385,-0.45477162039632335,-8.865224944860278,-1.977063029805926,-5.497880672816897,-0.053312441523964825,0.13814779972247504,REIT—Hotel & Motel,Real Estate,SOHO
2019Q4,2019,Q4,2020-03-16,2019-12-31,-1230057.0,44304951.0,1845841.0,-0.0898116408600373,9279594.0,0.20944823976895946,487226790.0,102605903.0,38547258.0,24400397.0,385819619.0,0.0,-73990690.0,92858635.92,427754453.92,7.49168901144892,1.579779951940946,0.7360717664970763,3.4952558626183525,0.0028244585832827643,7.49168901144892,-0.011988169920399219,2.0958974973248474,-18.87283189315617,0.9050028624571435,-3.29591961998509,0.0,0.0436595795300371,0.09093291237125939,1.1742561401767357,-0.0025246087145577526,162.42801779282865,0.20944823976895946,-1.5882258016543604,0.7139918094087967,0.14653414223249212,2.387666274981825,0.042163419272151774,-1.5907819236793155,-0.1415355837642303,-23.729417941643167,0.3408627405772516,0.4123537405699065,REIT—Hotel & Motel,Real Estate,SOHO
2019Q3,2019,Q3,2019-11-12,2019-09-30,2082083.0,42552175.0,2150166.0,0.15268225332422655,8904164.0,0.20925285252751474,498649964.0,107738075.0,47131374.0,28519424.0,391466409.0,0.0,-68687461.0,91229563.14,421719756.14,7.900593809091433,1.6526060975144519,0.7230520726559202,3.346541044101633,0.006910408599468696,7.900593809091433,0.019325414900906668,2.1439459472988163,10.954121802541012,0.8467717948366908,2.1828135573846,0.0,0.04981717377102415,0.08533475999609216,1.2778827160043624,0.004175439988600901,12.239332778090967,0.20925285252751474,0.6769270826642253,8.356237814129239,0.017134914484430344,2.014874402571412,-0.4285589232564405,0.6781910756356843,-0.7580673798964789,2.6584115182536188,0.2514746383005357,0.4006473338849325,REIT—Hotel & Motel,Real Estate,SOHO
2019Q2,2019,Q2,2019-08-08,2019-06-30,1240671.0,51540701.0,8887458.0,0.09104883265505614,15581946.0,0.30232312905484154,493124437.0,104676081.0,52638538.0,24694456.0,388758381.0,0.0,-66820158.0,94567458.9,424228266.9,7.681839087039274,2.131593342246535,0.7342223480196338,3.4588893521911657,0.011139165371356605,7.681839087039274,0.011852478504616543,1.8348112669247554,19.05570834250176,0.9034294940789769,2.3987447115310987,0.0,0.03147015934040288,0.10451865114119259,1.7051554405571843,0.002515938994116408,10.643336334976642,0.30232312905484154,7.762359208210402,-0.5649166979951882,0.07765893688515585,1.8518364644444827,0.18294027497421278,7.770152136901384,0.6268319907978077,-0.22710599353446484,0.351959414277824,1.3114552687542,REIT—Hotel & Motel,Real Estate,SOHO
2019Q1,2019,Q1,2019-05-08,2019-03-31,-183256.0,47390304.0,5463046.0,-0.013464063332292489,13172217.0,0.27795173037927756,495791736.0,78637448.0,49684164.0,27128541.0,417141799.0,0.0,-64406087.0,92689207.5,475371479.5,5.777598442407656,1.8314351663806763,0.8303614443464624,5.23524545201416,0.060341592095975956,5.777598442407656,-0.0023303909862385157,1.9558685991970004,-126.44771180752608,1.1786904313069773,-18.481501287815952,0.0,0.03653980966446391,0.0955851026932002,1.459296170774536,-0.000369622941839434,16.700204443672497,0.27795173037927756,0.9203364987152495,-1.175835575206266,0.42357536211041874,1.2742402104876338,0.2855127288256939,0.9202421599413315,0.8120000291881128,-1.4122847277926003,0.36223724636186816,0.7349166950166156,REIT—Hotel & Motel,Real Estate,SOHO
2018Q4,2018,Q4,2019-03-15,2018-12-31,-2297655.0,43465977.0,3014926.0,-0.16901169437891417,10246664.0,0.2357398753512431,493482847.0,81824666.0,50160433.0,19677689.0,411216475.0,0.0,-61052418.0,76265992.11,455091380.11,6.0188868401255755,2.5491018279636393,0.8361347582968776,5.042711216199771,0.005307064111270588,6.0188868401255755,-0.02808022461099933,1.7546135477410296,-8.298242350352862,0.9320660362976613,-1.1205163525420483,0.0,0.033757641233941586,0.08808001587945771,2.074534311422444,-0.004655997698740682,18.16929808791858,0.2357398753512431,-0.4309452924573343,-2.3174106445284566,0.45200558093451426,1.4162713190372813,0.11679786865211145,-0.4394855415859523,-0.03341206222350178,-3.690235222054605,0.2606764092854703,0.77984479805226,REIT—Hotel & Motel,Real Estate,SOHO
2018Q3,2018,Q3,2018-11-09,2018-09-30,-1596164.0,41418062.0,3119143.0,-0.11811191893204645,9175039.0,0.22152265357080203,501942162.0,88233467.0,57155738.0,20736446.0,413439349.0,0.0,-55631915.0,96219651.52,473311080.52,6.529043445032839,2.7562938219982343,0.8250087845778534,4.693306373192838,0.004509583159253267,6.529043445032839,-0.01809023326715701,2.3231326352256656,-15.070451958570674,1.0905119654881066,-2.0902156670617806,0.0,0.03467407070484472,0.08251560664871982,2.181723666630241,-0.003179975943124698,16.760234504783092,0.22152265357080203,-2.1811191893204644,0.27102448994678197,0.45423245777932303,1.5208536658553895,-0.4399811590320401,-1.5706173688662255,-0.6638114766201787,-1.4345683218501188,0.28651257679925574,0.8346982800397572,REIT—Hotel & Motel,Real Estate,SOHO
2018Q2,2018,Q2,2018-08-09,2018-06-30,2797258.0,51553527.0,9277958.0,0.1,16383447.0,0.3177948814248926,492699023.0,91215789.0,51829308.0,20579672.0,400606004.0,0.0,-50811546.0,94149911.48,467513907.48,6.7624727119924,2.518471042687172,0.8155076085872409,4.40493697861891,0.013015988889317442,6.7624727119924,0.030666379479543832,1.826255485487928,8.41448227871723,1.032166826732157,1.140767851946442,0.0,0.03389298991192211,0.1046349284114574,1.9356135996725312,0.005677417387531536,10.558723715454073,0.3177948814248926,0.11663570937777931,0.6071738209308939,0.5373890323811733,1.42607261599023,0.3792503204945803,1.3184879249996477,0.9764360381033371,0.5604846571184099,0.11645922586277076,1.9100474832832135,REIT—Hotel & Motel,Real Estate,SOHO
2018Q1,2018,Q1,2018-05-10,2018-03-31,1206501.0,41735556.0,4694287.0,0.08955472152661391,11878516.0,0.2846138194492964,495355198.0,91399570.0,51514622.0,19763535.0,403035352.0,0.0,-50558067.0,93227769.32,466785718.32,6.784298594864202,2.60654898023051,0.8160437331274356,4.422684975432598,0.007516585610256075,6.784298594864202,0.013200291861329325,2.233773268049909,19.31779777223558,1.0200022748465885,2.5260434927115685,0.0,0.03269062450200863,0.08425379640409063,2.044452270304882,0.0024356280197952015,12.756749836790974,0.2846138194492964,1.4773877866786986,1.3478899417202101,0.5467189938016008,1.5072716543679021,0.18752230006619164,1.4694771977857348,0.6646443219382736,0.6493040725878741,0.05969442671044283,2.0614048903536446,REIT—Hotel & Motel,Real Estate,SOHO
2017Q4,2017,Q4,2018-03-16,2017-12-31,-2569882.0,38159706.0,2819994.0,-0.18759323976356326,10002773.0,0.26212919460123724,409953340.0,93020255.0,46702710.0,16887106.0,315778310.0,0.0,-48765860.0,88360001.25,355900972.25,6.790183751270601,2.7655839905310002,0.725250380933596,3.196280380009709,0.02997670504168874,6.790183751270601,-0.027627122716444928,2.315531499377904,-8.595725528448389,0.9499006560452882,-0.9901867089617344,0.0,0.028798811272085625,0.09308304696334466,2.1175296702703235,-0.006268718288769156,32.109623783942496,0.26212919460123724,-2.4779669147697527,-2.286307887304676,0.36313583009787304,1.2677618574094605,0.2520501957976572,-2.4469381869882167,0.26673838876822903,0.40260301940667353,-0.012729049504856052,2.0704526656079327,REIT—Hotel & Motel,Real Estate,SOHO
2017Q3,2017,Q3,2017-11-08,2017-09-30,-745555.0,36769471.0,2226185.0,-0.05393761480792644,7989115.0,0.21727576662715653,416445537.0,70669669.0,51071339.0,18630770.0,343939118.0,0.0,-43293677.0,81414778.27,396314310.27,5.112638752507408,2.741236084176875,0.8345663337004378,4.917971598253842,0.0026413022423343617,5.112638752507408,-0.01054985838408271,2.214194984475028,-27.300057765691328,1.152046973221284,-3.275791859755484,0.0,0.029998030479190547,0.08829358879646247,2.0786410330866625,-0.0017902821227737157,38.134707371590395,0.21727576662715653,-3.696880740396322,0.6660322439166725,0.22182079196834018,0.7762184465639096,-0.30641355510069535,-1.6890998090442415,-0.5925659531672802,-1.598716700960869,-0.13290694359394423,0.9509879987491504,REIT—Hotel & Motel,Real Estate,SOHO
2017Q2,2017,Q2,2017-08-10,2017-06-30,1081926.0,40642632.0,5463915.0,0.02,11518557.0,0.28341070529093687,412993197.0,73669051.0,48835221.0,15910942.0,337095678.0,0.0,-40229144.0,93653279.04,402605566.04,5.333248028258254,3.0692853383539456,0.8314694757550691,4.661268637762145,0.011139447696751646,5.333248028258254,0.014686302936086417,2.3043113703856584,21.64040771734851,1.27127033358961,2.184593031316375,0.0,0.025237429209398025,0.09840993095099336,2.40651829413997,0.0026197186972065304,17.825444105437665,0.28341070529093687,-0.8461538461538461,1.473642128319395,0.1716257467182005,0.7372768179798357,0.003456259637806222,-0.5926621462375146,-0.04237671635261836,-0.6257151077014729,-0.1616955071816916,0.9799361882722769,REIT—Hotel & Motel,Real Estate,SOHO
2017Q1,2017,Q1,2017-05-12,2017-03-31,2656090.0,38694886.0,5705704.0,0.13,11478883.0,0.2966511647042971,400957288.0,74632529.0,38128247.0,16875975.0,323943456.0,0.0,-39142720.0,89763129.60000001,396073981.6,5.321206911217142,2.2593211355195773,0.8181784090678507,4.3955980106208115,0.01337240610292461,5.321206911217142,0.03558890520780825,2.319767258133284,8.448803466749998,1.2027346627902695,0.8947460364671378,0.0,0.026475525202721985,0.09650625430207918,1.648568630849477,0.006624371421825858,15.980933502513581,0.2966511647042971,31.90023769879027,1.8240049064921784,0.37538887574300495,0.6319228228276415,0.3679118616768299,44.12861900231072,0.9617841402875644,1.4731780050795407,0.1279986633636319,1.0945904853802322,REIT—Hotel & Motel,Real Estate,SOHO
2016Q4,2016,Q4,2017-03-23,2016-12-31,58856.0,35935340.0,2908426.0,0.0039513392331746,8391537.0,0.23351767368835247,406019564.0,79010113.0,50476312.0,15347487.0,324680276.0,5333000.0,-39545754.0,101138428.37,400697368.37,5.304399879612248,3.2888975243960137,0.816033867274435,4.193459576497505,0.00046335341187196455,5.304399879612248,0.000744917299384194,2.8144558635037265,429.60118072074215,1.2800694054190254,32.775095147478595,5.164785861616351,0.019072977809611577,0.08850642477907789,2.33906032955102,0.000144958532096744,55.29868994088405,0.23351767368835247,1.0359212657561327,1.0154358482890187,0.23561726089613746,0.5157610062239364,-0.0761664207598356,1.0427625341030047,-0.22138813015691228,1.0775580345516713,0.09562575963580217,1.129441811128065,REIT—Hotel & Motel,Real Estate,SOHO
2016Q3,2016,Q3,2016-11-14,2016-09-30,-1376345.0,37275312.0,3735399.0,-0.11,9083386.0,0.2436837014268318,401950005.0,84326095.0,41965670.0,17492730.0,314992866.0,0.0,-37399276.0,78916217.69880001,371769430.6988,5.6406731501625025,2.3990349133611506,0.7943419356345076,3.7863219564477637,0.0074121833067849726,5.6406731501625025,-0.016321697334615103,2.1171175629274415,-14.334381586520822,0.9358457509362909,-1.0938405704964962,0.0,0.01907721940940021,0.09273618991496219,1.7822364490848484,-0.003424169630250409,43.429832143688536,0.2436837014268318,-1.9166666666666665,0.2003895825214199,0.20859917531156189,0.4801453741510697,-0.27202283778011266,-1.7815230883319915,-0.4896534358708397,0.4317813704741349,0.18309080468044076,1.1778552567753198,REIT—Hotel & Motel,Real Estate,SOHO
2016Q2,2016,Q2,2016-08-12,2016-06-30,1761106.0,41824954.0,7319338.0,0.12,12477570.0,0.29832836158050524,401250449.0,49683338.0,39883580.0,16111190.0,348594298.0,5504696.0,-34262825.0,84316031.64,439346167.64,3.323377783200424,2.4755204302103073,0.9498198069306085,7.670894093307499,0.013491478043080589,3.323377783200424,0.03544661190035178,2.01592646437818,11.969187493540991,1.6970685753843673,0.8092045566819942,5.331336008382661,0.01690182723594794,0.10423652884186554,1.8844311314061841,0.004389044309829545,12.268996979752291,0.29832836158050524,3.0,7.2056733553091155,0.16326563090255192,-0.16514206453784713,0.24030450634318634,2.6454651776565687,0.5299127076594943,-0.08704523226022523,0.1253673402160488,0.19227924101114288,REIT—Hotel & Motel,Real Estate,SOHO
2016Q1,2016,Q1,2016-05-11,2016-03-31,483095.0,37810144.0,4784154.0,0.03,10060086.0,0.2660684391998084,389533733.0,49263172.0,27378052.0,15656675.0,337351379.0,0.0,-34675230.0,76035562.53999999,433322811.53999996,3.330187817664826,1.7486504637798255,0.9556891803257511,7.556825086293672,0.05642609174258071,3.330187817664826,0.009806412790471552,2.0109831515055854,39.34814194930603,1.5434564899718597,2.7574162431819826,0.0,0.01751935483214484,0.0970651340226804,1.2162934978212168,0.0012401878427304267,11.483861022673038,0.2660684391998084,1.7500000000000002,1.3155923740765487,0.318354504362325,-0.1627363371412976,0.14684925809975313,1.9251680487197655,0.8274142271688482,1.1268622129809398,0.27614228901147136,0.23073673751228124,REIT—Hotel & Motel,Real Estate,SOHO
2015Q4,2015,Q4,2016-03-25,2015-12-31,-522170.0,36750863.0,2617991.0,-0.04,8771934.0,0.23868647655974773,393058353.0,49003131.0,28618623.0,13670201.0,340199985.0,0.0,-33890834.0,89262798.24,455546828.24,3.381691958036022,2.0935041847592437,0.9611243244587655,7.709261353116395,0.0021291135646906876,3.381691958036022,-0.01065584972519409,2.4288626430350764,-42.73646429323784,1.821573365179462,-2.557255299998085,0.0,0.014959445887073056,0.09349976337991728,1.345433911322884,-0.0013284795909171278,43.70269499990452,0.23868647655974773,-1.1379310344827585,0.5967395969612326,0.2884072680140475,-0.1697514051608954,0.0985912952892096,-1.134844233308904,0.33174232477837706,-1.24708699106651,0.24110312444642928,0.1294056710184581,REIT—Hotel & Motel,Real Estate,SOHO
2015Q3,2015,Q3,2015-11-13,2015-09-30,3872394.0,33941875.0,1965839.0,0.29,7984711.0,0.23524660909275047,395044005.0,50702431.0,31740603.0,15926435.0,340143338.0,0.0,-32209407.0,96884162.8,456307952.8,3.558646953596837,1.9929509020694212,0.948993454539324,7.394007892836539,0.005194282513439423,3.558646953596837,0.07637491780226474,2.8544139886202515,6.254797600657371,1.910838610480038,0.25675125000193677,0.0,0.010262172591122398,0.08591922563158502,1.2876107553259721,0.009802437072801548,-3101.4841795249376,0.23524660909275047,1.2307692307692306,3.5820074474445884,0.16338842852509813,-0.14617529580610694,-0.33299209026125687,1.7058674734995913,-0.7260404035702396,2.6828618359707677,0.09420836586150763,0.2363350257608494,REIT—Hotel & Motel,Real Estate,SOHO
2015Q2,2015,Q2,2015-08-12,2015-06-30,1431110.0,36865108.0,7175653.0,0.13,11970939.0,0.324722743250881,305423072.0,25024761.0,32244582.0,13434633.0,276398479.0,0.0,-34938539.0,76134921.10000001,373095172.1,2.3238358655106035,2.4001088827659083,1.0288513076052093,12.556960164374797,0.0137059466538822,2.3238358655106035,0.0571877589560196,2.0652298400970373,13.299977133134421,3.042383545641055,0.6435920369503393,0.0,0.012097615479107655,0.12070177854802011,1.6103866774775315,0.00468566434954855,12.62872506722002,0.324722743250881,1.5999999999999999,3.9534331514684418,0.5160824353559097,-0.45667919949827596,0.5113327811152003,1.4874334302042633,1.0127110419480934,1.8036271274275966,0.3631743263497869,-0.2430229840144636,REIT—Hotel & Motel,Real Estate,SOHO
2015Q1,2015,Q1,2015-05-14,2015-03-31,575336.0,30975630.0,3565168.0,0.05,7920783.0,0.2557101502051774,300484201.0,23481075.0,28409733.0,14106319.0,272910524.0,0.0,-35555470.0,80634045.61,374482940.61,2.2160736125565212,2.0139721071102956,1.0314418693846736,13.199224737368285,0.027748818705760507,2.2160736125565212,0.024502115001123245,2.6031446530708173,35.03780643397945,3.4340014505298417,1.4824624219586469,0.0,0.01057759155636641,0.10308571930542199,1.4207866701440681,0.0019146963403909546,24.160730343761507,0.2557101502051774,2.0,1.6388773804556276,0.5314348223254836,-0.49680816214309514,0.1348629831394944,1.173322166858465,6.784267533698058,1.236261403340394,0.4573917363337031,-0.32036826123532963,REIT—Hotel & Motel,Real Estate,SOHO
2014Q4,2014,Q4,2015-04-14,2014-12-31,-3319460.0,29825377.0,-616356.0,-0.05,6979506.0,0.23401233117690348,299820043.0,23377195.0,28697200.0,12897800.0,272310186.0,0.0,-35388313.0,79281990.0,373739148.0,2.2114601626422346,2.224968599296004,1.0375945980369299,13.307484366708666,-0.001538292147524361,2.2114601626422346,-0.14199565003414652,2.658205795688685,-5.971000554307026,3.391424420252301,-0.25699179987106335,0.0,0.010759997320955238,0.09947759563225732,1.4530334630712214,-0.011071507984541247,-40.92822872152054,0.23401233117690348,-1.5,-0.570076125323863,0.4787618475842081,-0.46853239538343655,-0.08808613884283267,-14.446389517082205,-1.1961910000343772,-0.2267055930100202,0.4450447533325966,-0.36806327625590357,REIT—Hotel & Motel,Real Estate,SOHO
2014Q3,2014,Q3,2014-11-05,2014-09-30,-214902.0,31764453.0,3141612.0,-0.02,7653690.0,0.240951418241013,299697931.0,27133022.0,30679833.0,34097594.0,266781572.0,0.0,-31128942.0,80761106.39999999,341609477.4,2.6205382892079845,0.899765332416123,0.9268160446526406,10.237151283775173,0.0028789255437534724,2.6205382892079845,-0.007920312009476866,2.5424995166767075,-93.9510874724293,2.9764877056451726,-3.049966961684861,0.0,0.008115837303586025,0.10598822919468202,0.5853455232061242,-0.000717062007344989,18.26122886256669,0.240951418241013,-1.0952380952380951,0.7913627088942774,0.18827901312753398,-0.4801474033910901,-0.34015676006778023,-1.099184516098065,-0.5648182919681882,0.8197335159672199,0.48705072870302646,-0.31235554280516814,REIT—Hotel & Motel,Real Estate,SOHO
2014Q2,2014,Q2,2014-08-06,2014-06-30,2166689.0,36339701.0,7219081.0,0.21,11599255.0,0.31918961028325465,301397167.0,27889145.0,31857891.0,33558711.0,267480555.0,0.0,-30239875.0,81069290.91,342095057.90999997,2.6936464214597384,0.9493180772050511,0.9255277804253548,10.002151410521908,0.019527491001094077,2.6936464214597384,0.0776893303828425,2.230873911428165,9.354052532458512,2.9068403104505354,0.2722365784844987,0.0,0.007275899337208104,0.12057081147016886,0.6625862656047784,0.0071888167415986364,9.26312767722671,0.31918961028325465,1.625,9.681499781231313,0.19047332199405373,-0.4755682310876354,0.7836465397418129,1.7671564057307645,1.6146664517682936,12.023929717137793,0.45935589375818997,-0.32333540241721187,REIT—Hotel & Motel,Real Estate,SOHO
2014Q1,2014,Q1,2014-05-14,2014-03-31,783002.0,25010389.0,2760995.0,0.08,6503113.0,0.2600164675567421,296808957.0,25977927.0,25352477.0,29267091.0,264994490.0,0.0,-31888880.0,65137772.7,332883801.7,2.540452154422529,0.8662451966954967,0.945908327153348,10.807408304750414,0.033791480089058204,2.540452154422529,0.030141050130751388,2.6044286116461444,20.79744773959709,2.507427659643512,0.7512075320369552,0.0,0.009030044713211387,0.08426426632401124,0.5621772249247456,0.0026380672871674825,18.02382821049696,0.2600164675567421,2.6736401673640167,1.8606133092267354,0.09798680081722486,-0.5045247731573835,0.1790145582108153,2.505741224704862,0.4579111227044855,1.739974921951594,0.2615500784509927,-0.3612887943297473,REIT—Hotel & Motel,Real Estate,SOHO
2013Q4,2013,Q4,2014-03-25,2013-12-31,-520011.0,22475435.0,1893802.0,-0.0478,5515719.0,0.24541100094391943,228040102.0,25425265.0,17701274.0,8238416.0,196868723.0,0.0,-32210917.0,60629146.38,266816067.38,2.4909813698089542,2.1486259009013384,0.9452878994063948,8.47832063893926,0.008532491771251663,2.4909813698089542,-0.020452530189950822,2.6975738792152413,-29.14801147475727,2.384602338658024,-1.0029114768726046,0.0,0.008601885910305966,0.09855913412983827,1.4202188867374506,-0.00228034891863011,37.95627134326901,0.24541100094391943,0.7012499999999999,0.6210858890226623,-0.12989531496673226,-0.522731288681057,0.05269025110689835,0.6847887098553574,-0.1889811527607073,0.4298607110603252,0.11863526536301007,-0.38843223814644023,REIT—Hotel & Motel,Real Estate,SOHO
2013Q3,2013,Q3,2013-11-07,2013-09-30,-1649722.0,21458637.0,2335090.0,-0.16,5239641.0,0.2441739892426532,220428583.0,26371322.0,33006038.0,8249862.0,188164963.0,0.0,-31231594.0,48252152.052999996,223102092.053,2.5900128728088503,4.000798801240554,0.9011306351318331,7.53223327218863,0.010859707389523836,2.5900128728088503,-0.06255742506955093,2.2486121580322176,-7.31216411810596,1.8297206356586901,-0.2766132718118568,0.0,0.009457298391556986,0.09734961186952783,3.1216877324735854,-0.007484156444448041,46.85434633867821,0.2441739892426532,-2.3333333333333335,-1.1457797638710139,-0.14915940015767665,-0.5173316780156696,-0.3547526218049446,-2.258760926359996,-0.5297491192449855,-0.5392268025006615,0.029212239758290567,-0.37857927357777293,REIT—Hotel & Motel,Real Estate,SOHO
2013Q2,2013,Q2,2013-08-07,2013-06-30,1310592.0,25250643.0,4965626.0,0.12,8120360.0,0.3215902264350258,202290392.0,28311577.0,15281598.0,7859802.0,167392417.0,0.0,-29173594.0,45706171.5,181338516.5,2.78741562285522,1.9442726419825842,0.7029208238421921,5.022472926887824,0.017611762324436925,2.78741562285522,0.046291734296538836,1.810099311134374,8.718611799095372,1.614398643353565,0.3484562701435687,0.0,0.009991736017531025,0.12482373853919863,1.110780398793761,0.006478765437361949,9.350563494846428,0.3215902264350258,1.4615384615384615,-0.33415465517772086,-0.1565731790612909,-0.502698295068317,0.6144293364591965,1.5050614355146756,1.636723844235728,3.809533562742473,0.10098627378651458,-0.348292661277114,REIT—Hotel & Motel,Real Estate,SOHO
2013Q1,2013,Q1,2013-05-08,2013-03-31,-2594916.0,20189812.0,1883256.0,-0.26,5029864.0,0.2491288180395142,204650304.0,27275973.0,15054263.0,8945382.0,170969125.0,0.0,-30128693.0,26766662.14330174,164506480.14330173,2.705849038354228,1.6829089020457706,0.7083980241729815,5.315076056131893,0.011863227339201744,2.705849038354228,-0.09513559791249243,1.3257509353381667,-2.57875998137336,0.9813274908030499,-0.14997749445454112,0.0,0.0145396911245951,0.09865517717481621,1.0671373229225984,-0.012679756390686818,12.871619825488573,0.2491288180395142,-2.857142857142857,-2.69029216444632,-0.10551929136759709,-0.5155047753187955,-0.04113910416713531,-2.7793457555572925,-0.10476317240592496,-2.028840271321148,0.04922287279855894,-0.3855975077461125,REIT—Hotel & Motel,Real Estate,SOHO
2012Q4,2012,Q4,2013-03-20,2012-12-31,1458354.0,20434339.0,2103640.0,0.14,5245666.0,0.25670837701185245,204030869.0,29941585.0,13428141.0,7175863.0,166698739.0,0.0,-27179392.0,20816198.90881016,157365354.90881017,2.9942225763631343,1.8712928326530203,0.7044270933336073,4.800175808996084,0.010901438671619062,2.9942225763631343,0.0487066399457477,1.0186871671655326,3.568440671608224,0.6952270198391354,0.2668611324822368,0.0,0.018695920504261034,0.10015317339064021,1.2072828034760419,0.007147712535596758,6.41766954398792,0.25670837701185245,1.8750000000000002,152.3870864892663,-0.15678395097722977,-0.4836542961960466,-0.014335881078422033,1.902994390162351,-0.04095818473011619,1.7291868034297293,0.07101477533283887,-0.28041557011488766,REIT—Hotel & Motel,Real Estate,SOHO
2012Q3,2012,Q3,2012-11-07,2012-09-30,-1615020.0,21771213.0,2193481.0,-0.16,5321961.0,0.24444944799355,208037061.0,28783224.0,21911228.0,21419364.0,172209896.0,0.0,-28337753.0,24711429.18609833,157020512.18609834,2.878383997417545,1.0229635202987353,0.6767268741601766,4.891191827572895,0.013110820088829436,2.878383997417545,-0.05610976727276972,1.1350506371003917,-3.825251264086254,0.8585358327509917,-0.16072432539535114,0.0,0.010504167850640768,0.10465064683835348,0.5405320157965474,-0.007763136011616699,8.416834052213483,0.24444944799355,0.058823529411764754,-3.710029255726144,-0.10645539067288282,-0.5218276632901911,-0.32291933571818787,0.02336280745548948,-0.5334626221308022,-0.6234777249106511,-0.15671063372882632,-0.42899693499716507,REIT—Hotel & Motel,Real Estate,SOHO
2012Q2,2012,Q2,2012-08-09,2012-06-30,-1653654.0,25112522.0,4701619.0,-0.17,7860158.0,0.31299755556212155,208756553.0,30698239.0,20997897.0,19083725.0,170423470.0,0.0,-26422738.0,22112703.925009053,156551459.92500904,3.0698895956373464,1.1003038976929294,0.6773645855323162,4.606267349732993,0.04934872067997289,3.0698895956373464,-0.05386804109512601,0.8805449299361113,-3.3430064458781965,0.7203248344313514,-0.15704131577706099,0.0,0.01174401831999809,0.12029573030936183,0.5799644985452264,-0.007921447141350336,15.816966163992122,0.31299755556212155,0.2608695652173913,-1.7847273969015127,-0.1125388192253436,-0.5001010329023646,0.7021832551846247,0.27925103133560414,2.599623165015749,-9.440811651173368,-0.1482099661915453,-0.4023166447609349,REIT—Hotel & Motel,Real Estate,SOHO
2012Q1,2012,Q1,2012-05-02,2012-03-31,-2294355.0,20025146.0,1306142.0,-0.23,4617692.0,0.23059467331723824,211160673.0,32551887.0,18425012.0,20063573.0,170407067.0,0.0,-24569090.0,17907112.584539045,141439796.58453906,3.2606976486774406,0.918331545433109,0.6134347705929124,3.979286945792113,0.008351403509333267,3.2606976486774406,-0.07048301070841147,0.8942313121981256,-1.9512142393547474,0.5501098165073823,-0.11278681808177025,0.0,0.014450850117702613,0.09483369093069711,0.5022511194790679,-0.010865446521853053,12.484122240406586,0.23059467331723824,0.10150840083098517,-3.5804028611653718,-0.1979729562730722,-0.47131078364692286,0.09323569157806716,0.10219677318245478,0.1761302138955573,-1.5830548950481078,-0.09950729894941934,-0.36405222025884504,REIT—Hotel & Motel,Real Estate,SOHO
2011Q4,2011,Q4,2012-03-20,2011-12-31,-2555521.0,19492027.0,1110542.0,-0.255984585957976,4223876.0,0.21669762718879879,209299446.0,34935838.0,15587639.0,19914313.0,165416203.0,0.0,-22074739.0,14447758.294739066,139008134.29473907,3.4994961988279196,0.7827354626795311,0.6162000782362319,3.691634218134398,0.007067218520752433,3.4994961988279196,-0.07314898242887433,0.7412137431750462,-1.413386770715156,0.41355121622498553,0.0,0.0,0.0,0.09312985472498575,0.3493990980256261,-0.012209879427965614,-8.696422654378871,0.21669762718879879,-1.1332048829831336,-2.559603763806027,-0.2228376977289494,-0.4366442258234902,-0.03126020601003262,-1.2877573090358285,0.3480019858152585,-0.9038690430899736,-0.22847540523118604,-0.3295011912480756,REIT—Hotel & Motel,Real Estate,SOHO
2011Q3,2011,Q3,2011-11-09,2011-09-30,-1117042.0,20015186.0,823843.0,-0.12,4360176.0,0.2178433915128243,212597026.0,36972452.0,21478696.0,19658010.0,165047490.0,0.0,-19320142.0,12639154.790160222,135803099.7901602,3.8108913142384298,1.0926180218648784,0.6047270388439018,3.477269238188476,0.004749077333958789,3.8108913142384298,-0.030212818992908556,0.6314782580666611,-2.8287107356214496,0.34185330175451234,0.0,0.0,0.0,0.09414612413251726,0.4496223168062281,-0.005254269173078648,8.109596456536792,0.2178433915128243,-4.999999999999999,-1.966799870320071,-0.14087600405874415,-0.39133108459051164,-0.35663129216126715,-5.118699400751526,-0.781975173248972,-0.5248326060281521,-0.16711701407313254,-0.28981182479092843,REIT—Hotel & Motel,Real Estate,SOHO
2011Q2,2011,Q2,2011-08-10,2011-06-30,-182562.0,23129720.0,3778666.0,-0.02,6777103.0,0.2930041089991578,213214342.0,38283531.0,20937641.0,14520831.0,163911080.0,0.0,-18009063.0,16786596.118430447,141142028.11843044,3.980770430553193,1.4419037725871198,0.6035732296094791,3.361509914014985,-0.010114094318997586,3.980770430553193,-0.0047686823872124025,0.7257587259348771,-22.987527687074046,0.4384808736276298,0.0,0.0,0.0,0.10848107018992184,0.5521723240219516,-0.0008562369598945647,-16.629233680115515,0.2930041089991578,0.7999999999999999,-1.1128751291047843,-0.1329397541935538,-0.36946796618726935,0.6819307984222801,0.8154668165342185,2.982619950273454,-1.0979566031481132,-0.18405136975444145,-0.28979234175779883,REIT—Hotel & Motel,Real Estate,SOHO
2011Q1,2011,Q1,2011-05-04,2011-03-31,-989318.0,18535572.0,948789.0,-0.1,4029359.0,0.21738519857925076,212199800.0,38026819.0,13666181.0,14579316.0,162653036.0,0.0,-17826500.0,14515602.49769396,161246062.49769396,3.9774660783610676,0.937367775003985,0.7149364702511501,3.9895363322396227,0.005188634027715001,3.9774660783610676,-0.02601632284835605,0.7831213678053183,-3.6680830879691766,0.3817201354048036,0.0,0.0,0.0,0.08734962049917107,0.5959983307858887,-0.004662200435627178,5.411070519069908,0.21738519857925076,-0.11908596203525858,-5.832693558765901,-0.18023874102940768,-0.3688514020521033,-0.03165222565563728,-0.15801942833999946,-0.2885489394472243,-0.48342820987913965,-0.1341595487301176,-0.2878156563865411,REIT—Hotel & Motel,Real Estate,SOHO
2010Q4,2010,Q4,2011-03-29,2010-12-31,-854319.0,18819501.0,1333597.0,-0.0893586403479962,4161066.0,0.2211039495680571,209583431.0,38941207.0,15347967.0,10829115.0,158775128.0,0.0,-16837182.0,12059282.97635242,160950475.97635242,4.073107716239335,1.4172872852490717,0.7246950785913988,3.9003434331144384,0.0061807065366946,4.073107716239335,-0.021938688238400006,0.6407865424461796,-3.5289168847796955,0.30967922941763,0.0,0.0,0.0,0.08979479394055725,0.5595586527615599,-0.00407627165908931,-41.96722803672323,0.2211039495680571,0.18764872410912542,-2.139322494490279,-0.2036904650086836,-0.36814652345358057,-0.047973286018745086,0.14938119181560214,-0.12325361997271667,-94.98382133107138,-0.18774280539519322,-0.29760342901247017,REIT—Hotel & Motel,Real Estate,SOHO
2010Q3,2010,Q3,2010-11-10,2010-09-30,-1004350.0,19537731.0,1521075.0,-0.11,4370745.0,0.22370791163006595,212479446.0,39767025.0,17151710.0,12894329.0,160522754.0,0.0,-15982863.0,14829113.78649228,163255036.7864923,4.167889422872347,1.330174683769896,0.7161746600186448,3.8265974133091425,0.007944825906031301,4.167889422872347,-0.025255849538656713,0.7589987694319408,-3.6912216325216014,0.37289975265920144,0.0,0.0,0.0,0.09195115747807438,0.6089987311476232,-0.004726810140497072,-17.264555584587733,0.22370791163006595,-4.666666666666667,-2.185945017343387,-0.05700431588749643,-0.36227482297280206,-0.29922217299976867,-4.9298892266998475,-0.5256501173186239,-2.766301957548349,-0.15958938319877622,-0.3076082182672509,REIT—Hotel & Motel,Real Estate,SOHO
2010Q2,2010,Q2,2010-08-10,2010-06-30,255567.0,21509522.0,3206652.0,0.03,6236991.0,0.2899641842343126,213923698.0,40742875.0,18691148.0,12874578.0,160607156.0,0.0,-14978513.0,9968376.046908295,157313845.0469083,4.277097183403766,1.451787235278702,0.7119060881230652,3.7379194030858156,0.006660922519879467,4.277097183403766,0.006272679578944785,0.4634401474336945,9.751235534036372,0.2446655040153228,0.0,0.0,0.0,0.10054763544710227,0.689867427111009,0.0011946642769797295,2.8416949543311394,0.2899641842343126,1.375,-0.8705169163839601,-0.006902007477220969,-0.3538244335521565,0.7559378064343938,1.3277159633413391,7.83728210993372,-0.8726886576436892,-0.20204583269901216,-0.3035200786379259,REIT—Hotel & Motel,Real Estate,SOHO
2010Q1,2010,Q1,2010-05-14,2010-03-31,-779843.0,17515590.0,362855.0,-0.08,3551943.0,0.20278751672081843,212647344.0,40409877.0,9502906.0,11060601.0,159779957.0,0.0,-15234081.0,13541219.510530544,163572986.51053053,4.404033304663255,0.8591672369340508,0.7167863756624206,3.771917420090143,0.0015996336021404697,4.404033304663255,-0.01929832649577231,0.7730952546006469,-4.341008225543649,0.33509677622949813,0.0,0.0,0.0,0.08236919244098341,0.5691622001372258,-0.003667306561797452,-26.05739328405301,0.20278751672081843,0.6000031823098447,-18.76266322993769,0.10025704276967974,-0.33942588990721456,-0.9400553757478621,0.5750510177669884,0.4233626749513588,-1.9542513474615664,-0.2367500276186427,-0.28593044571928705,REIT—Hotel & Motel,Real Estate,SOHO
2009Q4,2009,Q4,2010-03-05,2009-12-31,-1835145.0,17506985.0,254928.0,-0.20000159116758134,59253737.0,3.384576898877791,213959755.0,38180293.0,15686404.0,11309768.0,160118529.0,0.0,-14454238.0,11134427.902050193,160518211.9020502,4.161044141604324,1.3869784066304454,0.7145001217635532,4.0040098958905315,0.0008096660897700909,4.161044141604324,-0.0480652414060835,0.6359991684490616,-1.5168321715791113,0.2916276179978554,0.0,0.0,0.0,0.08182372895313887,0.5914593473535443,-0.008577056932973212,-14.717372152600877,3.384576898877791,-1.0000159116758134,0.6526923164981514,2.2701731943517105,-0.3071320913507716,14.760343253256334,-1.6488316472121627,-0.704654568372662,-2.2185235028306014,-0.24055769411462855,-0.3301469381331929,REIT—Hotel & Motel,Real Estate,SOHO
2009Q3,2009,Q3,2009-10-30,2009-09-30,-692813.0,17980032.0,863152.0,-0.1,3759673.0,0.2091026868027821,217858861.0,35106332.0,15140497.0,14421632.0,165997165.0,0.0,-13655850.0,9158677.780076308,160875921.7800763,5.040925651429304,1.049846300335496,0.7170447613787901,4.449754391885771,0.0030659280177852983,5.040925651429304,-0.01973470199051271,0.5093805050000082,-3.3048881083626855,0.2608839277221075,0.0,0.0,0.0,0.08253064354357384,0.5538563180644188,-0.0031801001658592165,-6.595776638848761,0.2091026868027821,-6.0,-1.7892346854288241,0.274991345522136,-0.2404266065793096,-0.3631610488972242,-6.077747891029823,-0.7088255524509164,-1.835332995661037,0.0751355111861966,-0.19487214514578605,REIT—Hotel & Motel,Real Estate,SOHO
2009Q2,2009,Q2,2009-08-07,2009-06-30,136441.0,20532519.0,2964381.0,0.02,5903648.0,0.28752672772395826,220458801.0,35770644.0,19457684.0,14489662.0,167560899.0,0.0,-12963038.0,5794528.910466595,156284224.91046658,5.136314352286811,1.3428666590014315,0.7125557123936277,4.391566950821462,0.005549131921874124,5.136314352286811,0.003814328866989367,0.2822122755842376,10.617279465971729,0.16199118222379766,0.7843536766807632,0.0,0.01846880076941105,0.09313540174792115,0.7658823925637465,0.0006188956820099915,8.905357189131038,0.28752672772395826,1.2222222222222223,-0.8582099164510125,1.2524812675421297,0.0,1.2691780811387157,1.2203963681064045,15.236295004970536,-0.8835062944765087,0.06289612424207056,-0.18643619587003826,REIT—Hotel & Motel,Real Estate,SOHO
2009Q1,2009,Q1,2009-05-20,2009-03-31,-619071.0,15499189.0,-208227.0,-0.09,2601668.0,0.16785833116816629,220920429.0,35675346.0,17381425.0,15557381.0,168153861.0,0.0,-13029836.0,4667750.611729182,155615017.61172917,5.1273040846288005,1.1172462125855245,0.7084915673416513,4.387350889322839,-0.0005579292763441524,5.1273040846288005,-0.017352908083918792,0.30116095827524797,-1.8849819373420746,0.13083967319417678,-0.17287031697495117,0.0,0.022927317438742618,0.07015733705641139,0.6740687266063613,-0.002802235188489517,-0.5751629699130053,0.16785833116816629,0.3306307360778856,-1.4906412358108614,1.468425792355807,0.0,0.0,0.3382642492031221,-1.1630028400462173,-5.155259976372995,-0.05812175538384526,-0.18639386973742925,REIT—Hotel & Motel,Real Estate,SOHO
2008Q4,2008,Q4,2009-03-25,2008-12-31,-935526.0,17608433.0,1277444.0,-0.13445493369781034,0.0,0.0,211218434.0,36315049.0,10401707.0,11451976.0,157442238.0,0.0,-12341122.0,5189310.656466485,148914189.65646648,5.219242977242464,0.9082892768898573,0.6885953240236597,4.005062088722502,0.0053109054283626755,5.219242977242464,-0.02576138614049509,0.2947059886854489,-1.3867360865615934,0.1428969752034889,-0.7842539918719522,0.0,0.14138486758077143,0.0833659859442003,0.2816234508350349,-0.004429187274440261,-0.5187730473764176,0.0,-0.6806866712226292,0.7665156997733406,2.6847292175324724,-0.13092823740632423,0.0,-0.7861287237028255,0.5642452354246362,-2.7143001489340524,0.023761787872740994,-0.19034873372905467,REIT—Hotel & Motel,Real Estate,SOHO
2008Q3,2008,Q3,2008-11-13,2008-09-30,-523773.0,17181909.0,816652.0,-0.08,0.0,0.0,203227769.0,37222076.0,12621196.0,27800000.0,148040487.0,0.0,0.0,21396004.914503228,82056692.91450323,5.36603036669337,0.4539998561151079,0.3306037276825098,1.8050540222420695,0.004474070099206369,5.36603036669337,-0.014071568710998279,1.2452635451918195,-10.212441703993537,0.5748203005792376,-3.46548409329996,0.0,0.08483485619175667,0.08454508497802778,0.2977880935251799,-0.0025772708256222602,-2.084316700579171,0.0,-1.4210526315789473,-1.5990470591860557,0.2232518722359763,-0.19143939493095358,0.0,-1.3894718213244954,-0.7214772837340268,-1.8507109572577658,0.14068686932392616,-0.1789483073246928,REIT—Hotel & Motel,Real Estate,SOHO
2008Q2,2008,Q2,2008-08-07,2008-06-30,1344829.0,20454928.0,2932084.0,0.19,0.0,0.0,194057244.0,38897083.0,12192202.0,29100000.0,136277225.0,0.0,0.0,19945193.040350214,76098372.04035021,5.605079562794064,0.4189760137457045,0.3204614098301839,1.5987794765998262,0.027688533878455986,5.605079562794064,0.0345740321967074,0.9750800902525892,3.7077563467827903,0.5127683492448576,1.3497091451775654,0.0,0.09100578752624239,0.10540667062137603,0.29685223367697594,0.006930063378618322,-2.4231332991482137,0.0,3.714285714285714,0.40251637964200243,1.2519400321122403,0.0,-1.0,3.7819232670758374,4.052459988144635,-0.06471789387526151,0.2963629222457198,-0.15319542526939728,REIT—Hotel & Motel,Real Estate,SOHO
2008Q1,2008,Q1,2008-05-07,2008-03-31,-483417.0,15517461.0,580328.0,-0.07,2933619.0,0.18905277093978196,170439880.0,38703489.0,9290178.0,30300000.0,112763055.0,0.0,-9867182.0,24152148.65484474,122463205.65484473,5.584882782146436,0.3066065346534653,0.5948599470968884,2.6196051213884104,0.0024666834239465904,5.584882782146436,-0.01249026928812542,1.556449773248648,-12.490328564595753,0.6240302690758639,-3.7398002138940085,0.0,0.07485391986593923,0.09104360434893524,0.18278739273927394,-0.0028362904268648863,-2.231443447766301,0.18905277093978196,-74.62318257702232,-0.9527007679400179,1.4812745913538057,0.0,0.0,-74.36727879799666,-0.7249458259948016,-15.22038244995538,0.2905978229498858,-0.1623067496146034,REIT—Hotel & Motel,Real Estate,SOHO
2007Q4,2007,Q4,2008-03-26,2007-12-31,6589.0,16794500.0,2109868.0,0.000950787476848996,0.0,0.0,159958990.0,40186443.0,3710331000.0,30400000.0,100083094.0,0.0,-8204032.0,27083982.224401437,112483140.22440144,5.798871868797389,122.05036184210526,0.558817344370579,2.224328687164475,-1.588228050739281e-05,5.798871868797389,0.00016396076656995993,1.6126697564322507,1027.6211194567247,0.6739581859584198,113.54378509637274,0.0,0.027622968949003367,0.1049925358993577,0.19957009868421052,4.1191807975281664e-05,-1.4795982434922648,0.0,-0.9841535420525167,1.0016510658448226,2.613316373613823,-0.03441249659289261,0.0,-0.983894661455469,-0.08196878237513451,1.0016510658448226,2.613316373613823,-0.03441249659289261,REIT—Hotel & Motel,Real Estate,SOHO
2007Q3,2007,Q3,2007-11-08,2007-09-30,409119.0,16726771.0,2298253.0,0.06,0.0,0.0,140579885.0,41323844.0,8105985.0,30100000.0,78924895.0,0.0,-7038131.0,35589782.059727706,106656425.0597277,6.019553571883783,0.26930182724252494,0.4923027074606015,1.6747681556439908,0.039057161971791404,6.019553571883783,0.009900313242882245,2.12771383429161,21.74781790855943,0.8612408385756104,4.424578178965044,0.0,0.05086232326351732,0.1189840993254476,0.3700858139534884,0.0029102243183653197,-34.3300743128905,0.0,-0.7142857142857143,-0.527198856317424,0.203282558636061,-0.09296564765303068,0.0,-0.7164423238867014,-0.31747007058566384,-0.527198856317424,0.203282558636061,-0.09296564765303068,REIT—Hotel & Motel,Real Estate,SOHO
2007Q2,2007,Q2,2007-08-07,2007-06-30,1442807.0,19374182.0,3367256.0,0.21,0.0,0.0,130734129.0,42044930.0,7706088.0,30100000.0,67927931.0,0.0,-6254360.0,37942659.09709331,93859252.09709331,6.141020081439307,0.25601621262458474,0.44849349170330266,1.3945416486601356,0.02754912533644384,6.141020081439307,0.0343158378429932,1.9584134750614661,6.574451589348628,0.9024312585867859,1.2526782861463799,0.0,0.04763432619139912,0.14819528877574117,0.18028132890365448,0.01103619239318908,-181.94340248245337,0.0,1.3333333333333333,0.5251454122371453,1.1619436845202153,0.0,0.0,1.3946884911776374,0.705520055431519,0.5251454122371453,1.1619436845202153,0.0,REIT—Hotel & Motel,Real Estate,SOHO
2007Q1,2007,Q1,2007-05-09,2007-03-31,602503.0,16918926.0,1974328.0,0.09,0.0,0.0,136172749.0,41721684.0,17259112.0,29200000.0,73851645.0,0.0,-6533431.0,34488365.1620655,88203238.1620655,6.1675130640452345,0.5910654794520548,0.47938849350834506,1.5646455929247727,0.016776078719282644,6.1675130640452345,0.014441003867437375,2.0384488449246425,14.310453708141495,0.8266292693762193,2.9925792900616264,0.0,0.052279601875220245,0.12424604867160316,0.5178378082191781,0.004424548996950924,-37.46434544227241,0.0,-0.45166878616048595,3.493201016318982,1.7714768803459622,0.0,0.0,-0.45736485074680633,-0.3117933241099679,3.493201016318982,1.7714768803459622,0.0,REIT—Hotel & Motel,Real Estate,SOHO
