Year,Date,FillingDate,NetIncome,Revenue,OperatingIncome,EPSDiluted,GrossProfit,GrossProfitRatio,TotalAssets,CommonStockEquity,CurrentAssets,CurrentLiability,TotalLiability,Inventory,RetainedEarnings,EnterpriseValue,bookValuePerShare,currentRatio,debtToAssets,debtToEquity,roic,shareholdersEquityPerShare,roe,priceToSalesRatio,peRatio,pbRatio,payoutRatio,inventoryTurnover,dividendYield,assetTurnover,quickRatio,returnOnAssets,priceToFreeCashFlowsRatio,grossProfitMargin,epsdilutedGrowth,fiveYNetIncomeGrowthPerShare,fiveYRevenueGrowthPerShare,fiveYShareholdersEquityGrowthPerShare,grossProfitGrowth,netIncomeGrowth,operatingIncomeGrowth,threeYNetIncomeGrowthPerShare,threeYRevenueGrowthPerShare,threeYShareholdersEquityGrowthPerShare,Industry,Sector,Price,MarketCap,AvgVolume,Symbol
2022,2022-12-31,2023-03-31,-8630499.0,4167272.0,-7341764.0,-1.06,1871868.0,0.4491830627,2635575.0,-10830.0,620989.0,2496405.0,2646405.0,0.0,-210507222.0,580596.08,-0.0013299560881165292,0.2487533072558339,-0.8902820067727156,216.6578947368421,3.3340567145515037,-0.0013299560881165292,796.906648199446,0.1563253082592161,-0.07548231915674863,-60.15236195752539,0.0,0.0,0.0,1.5811623649488251,0.22503920637877267,-3.274617113912524,-0.1051508291572423,0.4491830626846532,0.0,0.0,0.0,0.0,1.6062163757671615,0.8458744209173357,0.4073965136327802,0.0,0.0,0.0,Advertising Agencies,Communication Services,0.027,0,0,MOBQW
2021,2021-12-31,2022-03-30,-55996539.0,2672615.0,-12388999.0,0.0,718232.0,0.2687375473,8405276.0,2918672.0,5785057.0,2886604.0,5486604.0,0.0,-221116625.0,-2266241.0,0.0,2.0041048235227277,0.3710769283483374,1.0686380655311731,-3.287827418006462,0.0,-19.185622433764397,0.0,0.0,0.0,0.0,0.0,,0.31796873773092044,2.0000516177487455,-6.66207022827091,0.0,0.2687375473085349,0.0,0.0,0.0,0.0,-0.6060953237558031,-1.5496515685788474,-0.6784759724160355,0.0,0.0,0.0,Advertising Agencies,Communication Services,0.027,0,0,MOBQW
2020,2020-12-31,2021-03-31,-21962428.0,6184010.0,-7381100.0,0.0,1823365.0,0.2948515607,9378435.0,2886685.0,2347297.0,4041750.0,6491750.0,0.0,-186168926.0,2749101.0,0.0,0.5807625409785365,0.3573392575626957,1.1609451672073676,-1.7290868136044086,0.0,-7.608183088906479,0.0,0.0,0.0,0.0,0.0,,0.6593861342537428,0.5692833549823715,-2.341800950798294,0.0,0.29485156071869223,0.0,0.0,0.0,0.0,-0.24661997168882832,0.7019469978395039,0.4517178395940227,0.0,0.0,0.0,Advertising Agencies,Communication Services,0.027,0,0,MOBQW
2019,2019-12-31,2020-03-25,-73686317.0,9717796.0,-13462229.0,0.0,2420246.0,0.2490529746,17706197.0,10921105.0,4871642.0,4485092.0,6785092.0,0.0,-171136522.0,1626186.0,0.0,1.0861855230617343,0.16187835253386146,0.2624505487311037,-1.6446400692997065,0.0,-6.747148479938614,0.0,0.0,0.0,0.0,0.0,,0.5488358680297073,1.0816817135523642,-4.161611722720582,0.0,0.24905297456336808,0.0,0.0,0.0,0.0,4.618339926086875,-0.2593641928474349,0.1999669461584299,0.0,0.0,0.0,Advertising Agencies,Communication Services,0.027,0,0,MOBQW
2018,2018-12-31,2018-12-31,-58510729.0,1474392.0,-16827091.0,0.0,430776.0,0.2921719596959289,16798008.0,13753734.0,3115401.0,2380796.0,2380796.0,0.0,-127108103.0,-474338.0,0.0,1.308554365850749,0.008929630227584128,0.010906129200986438,-1.210256971256786,0.0,-4.254170467452693,0.0,0.0,0.0,0.0,0.0,,0.08777183580338811,1.3036400430780293,-3.4831944954425547,0.0,0.2921719596959289,0.0,0.0,0.0,0.0,2.4437354210794435,-4.710874918366544,-2.2314363846208503,0.0,0.0,0.0,Advertising Agencies,Communication Services,0.027,0,0,MOBQW
2017,2017-12-31,2017-12-31,-10245493.0,385628.0,-5207310.0,0.0,-298376.0,-0.7737404960220731,113919.0,-4950057.0,92684.0,5063976.0,5063976.0,0.0,-61298474.0,3147672.0,0.0,0.018302614388377828,28.12649338565121,-0.6472939604533847,2.9825678798796047,0.0,2.0697727319099557,0.0,0.0,0.0,0.0,0.0,,3.3851069619642025,0.014819580503541091,-89.93664796917108,0.0,-0.7737404960220731,0.0,0.0,0.0,0.0,-1.4486701963691482,0.04341626158920828,0.3715130980483789,0.0,0.0,0.0,Advertising Agencies,Communication Services,0.027,0,0,MOBQW
2016,2016-12-31,2016-12-31,-10710503.0,2268523.0,-8285471.0,0.0,665023.0,0.29315241679277665,726173.0,-12533127.0,630332.0,13259300.0,13259300.0,79291.0,-51182093.0,10619091.0,0.0,0.047538859517470756,14.916934394421164,-0.8642914892668047,4.871365057042,0.0,0.8545754782505595,0.0,0.0,0.0,0.0,20.22297612591593,,3.1239429171836464,0.03862285339346723,-14.74924432607657,0.0,0.29315241679277665,0.0,0.0,0.0,0.0,-0.23031883373609993,-0.023975680429043824,0.22459533617566704,0.0,0.0,0.0,Advertising Agencies,Communication Services,0.027,0,0,MOBQW
2015,2015-12-31,2015-12-31,-10459724.0,2491875.0,-10685351.0,0.0,864024.0,0.3467364936042137,3331170.0,-4105985.0,3120240.0,5865383.0,7437155.0,117893.0,-40471590.0,3803305.0,0.0,0.5319754907735778,1.755529438605655,-1.4242543506612908,-6.134019180450774,0.0,2.5474335634445815,0.0,0.0,0.0,0.0,13.80786815162902,,0.7480479831410586,0.4037204390574324,-3.139955030814999,0.0,0.3467364936042137,0.0,0.0,0.0,0.0,-0.25111484580241594,0.004414102703581986,-0.07575676272384142,0.0,0.0,0.0,Advertising Agencies,Communication Services,0.027,0,0,MOBQW
2014,2014-12-31,2014-12-31,-10506099.0,3257950.0,-9932869.0,0.0,1153747.0,0.35413281357909115,2833968.0,-1041351.0,2443419.0,1301340.0,3875319.0,190854.0,-30011866.0,1241808.0,0.0,1.8776176863848033,1.0218813338753296,-2.7809825889637594,-5.355720392445278,0.0,10.08891238400885,0.0,0.0,0.0,0.0,11.02519727121255,,1.1496071938709258,1.6137696528194014,-3.7072045273623413,0.0,0.35413281357909115,0.0,0.0,0.0,0.0,0.43422915654053706,-0.7258578078066978,-0.6948422912495127,0.0,0.0,0.0,Advertising Agencies,Communication Services,0.027,0,0,MOBQW
2013,2013-12-31,2013-12-31,-6087465.0,3157532.0,-5860645.0,0.0,804437.0,0.25476764764379267,3228504.0,2243160.0,2425839.0,985344.0,985344.0,109073.0,-19505767.0,-1418989.0,0.0,2.4619209128994544,0.09973659626873624,0.14354749549742327,-2.2847093358698873,0.0,-2.713789921360937,0.0,0.0,0.0,0.0,21.57357916257919,,0.9780170630112275,2.207193629838919,-1.8855373882144795,0.0,0.25476764764379267,0.0,0.0,0.0,0.0,0.11667339915906312,-0.47251455650993057,-0.4849350159055523,0.0,0.0,0.0,Advertising Agencies,Communication Services,0.027,0,0,MOBQW
2012,2012-12-31,2012-12-31,-4134061.0,2890652.0,-3946735.0,0.0,720387.0,0.2492126343814475,1846170.0,1038984.0,1070435.0,508810.0,807186.0,0.0,-13418302.0,-64222.0,0.0,2.1038010259232327,0.16161891916779061,0.2871805533097719,-2.95113881079141,0.0,-3.9789457777983106,0.0,0.0,0.0,0.0,0.0,,1.5657561329671699,1.5857785813958059,-2.2392634481114957,0.0,0.2492126343814475,0.0,0.0,0.0,0.0,-0.12731561120506274,-0.8710323746281978,-0.7874997056111422,0.0,0.0,0.0,Advertising Agencies,Communication Services,0.027,0,0,MOBQW
2011,2011-12-31,2011-12-31,-2209508.0,3243318.0,-2207964.0,0.0,825484.0,0.25451836668498123,2205738.0,1683993.0,1483128.0,521745.0,521745.0,0.0,-9284241.0,-605563.0,0.0,2.8426300204122703,0.0,0.0,-1.3111479679547362,0.0,-1.3120648363740228,0.0,0.0,0.0,0.0,0.0,,1.4704003830010637,2.1859088251923833,-1.0017091785153087,0.0,0.25451836668498123,0.0,0.0,0.0,0.0,-0.11489440179962451,-0.25379513532653597,-0.2529680448215768,0.0,0.0,0.0,Advertising Agencies,Communication Services,0.027,0,0,MOBQW
2010,2010-12-31,2010-12-31,-1762256.0,3170035.0,-1762187.0,0.0,932639.0,0.2942046381191375,1538280.0,1196215.0,1280809.0,342065.0,342065.0,0.0,-7074733.0,-763581.0,0.0,3.744343911244939,0.0,0.0,,0.0,-1.4731933640691681,0.0,0.0,0.0,0.0,0.0,,2.060765920378605,3.106055866575066,-1.1456015809865565,0.0,0.2942046381191375,0.0,0.0,0.0,0.0,-0.056097410398282706,-0.11746659818263676,-0.11463521392779297,0.0,0.0,0.0,Advertising Agencies,Communication Services,0.027,0,0,MOBQW
2009,2009-12-31,2009-12-31,-1577010.0,3248132.0,-1580954.0,0.0,988067.0,0.30419545757376854,1428123.0,887036.0,1286746.0,541087.0,541087.0,0.0,-5312477.0,-595611.0,0.0,2.3780759840838903,0.0,0.0,,0.0,-1.7778421619866611,0.0,0.0,0.0,0.0,0.0,,2.274406336148917,2.086847401619333,-1.1042536252129544,0.0,0.30419545757376854,0.0,0.0,0.0,0.0,-0.4140180159449831,-0.2817124284679773,-0.2734768379157548,0.0,0.0,0.0,Advertising Agencies,Communication Services,0.027,0,0,MOBQW
2008,2008-12-31,2008-12-31,-1230393.0,6069356.0,-1241447.0,0.0,1686173.0,0.2778174488364169,1605416.0,1085485.0,1482337.0,519931.0,519931.0,0.0,-3735467.0,-509251.0,0.0,2.8510263861935528,0.0,0.0,,0.0,-1.133496087002584,0.0,0.0,0.0,0.0,0.0,,3.7805503371088864,2.7290852055368884,-0.766401356408557,0.0,0.2778174488364169,0.0,0.0,0.0,0.0,-0.07151875906842028,-0.3996769257896264,-0.37176009361294937,0.0,0.0,0.0,Advertising Agencies,Communication Services,0.027,0,0,MOBQW
TTM,,,,,,,,,,,,,,,,-1518301.0,0.12905048261237864,0.9352705468982014,0.14080448010110339,0.3017444063847055,-2.981896712377067,0.12905048261237864,-5.108227092252606,0.0,-0.047481252636170784,0.2092204496522366,0.0,0.0,0.0,0.7967249544896962,0.9306190716052878,-2.05617090033535,0.0,0.4538444484603017,,,,,,,,,,,Advertising Agencies,Communication Services,0.027,0,0,MOBQW
