Quarters,Year,Quarter,FillingDate,Date,NetIncome,Revenue,OperatingIncome,EPSDiluted,GrossProfit,GrossProfitRatio,TotalAssets,CommonStockEquity,CurrentAssets,CurrentLiability,TotalLiability,Inventory,RetainedEarnings,MarketCap,EnterpriseValue,bookValuePerShare,currentRatio,debtToAssets,debtToEquity,roic,shareholdersEquityPerShare,roe,priceToSalesRatio,peRatio,pbRatio,payoutRatio,inventoryTurnover,dividendYield,assetTurnover,quickRatio,returnOnAssets,priceToFreeCashFlowsRatio,grossProfitMargin,epsdilutedGrowth,fiveYNetIncomeGrowthPerShare,fiveYRevenueGrowthPerShare,fiveYShareholdersEquityGrowthPerShare,grossProfitGrowth,netIncomeGrowth,operatingIncomeGrowth,threeYNetIncomeGrowthPerShare,threeYRevenueGrowthPerShare,threeYShareholdersEquityGrowthPerShare,Industry,Sector,Symbol
2023Q1,2023,Q1,2023-05-02,2023-03-31,-5826562.0,0.0,-4586880.0,-0.18,-1203610.0,0.0,273648481.0,239555271.0,1891115.0,23101112.0,34093210.0,1533398.0,-32202758.0,338726314.5,340150833.5,7.227826020053721,0.08186250947573433,0.0053338282553814,0.006092932098329826,-0.021213954012562413,7.227826020053721,-0.024322412008208328,0.0,-14.533712783799436,1.413979801346137,0.0,0.7849299399112298,0.0,0.0,0.0043346831096269306,-0.021292140846928362,-335.8251212772855,0.0,0.7777777777777779,0.0,0.0,0.0,0.43158242718331974,0.7293903184396254,-1.3847557898579512,0.0,0.0,0.0,Shell Companies,Financial Services,MTAL
2022Q4,2022,Q4,2023-03-24,2022-12-31,-21531240.0,0.0,11921536.0,-0.81,-2117475.0,0.0,270191265.0,244515629.0,1282549.0,18233003.0,25675636.0,932560.0,-24393750.0,265280373.9,266024155.9,9.22186150516806,0.07034217018447263,0.0029094056760125093,0.0032149110599388312,0.21778132673906375,9.22186150516806,-0.08805670250223556,0.0,-3.080179937384006,1.084921953598312,0.0,2.2706045723599555,0.0,0.0,0.005238522694259415,-0.07968888261432137,-268.4945218207158,0.0,-4.24,-9.471295294617212,0.0,13.657200687131585,-0.20242486672375531,-3.5773032737886474,7.7697381720881955,-9.471295294617212,0.0,13.657200687131585,Shell Companies,Financial Services,MTAL
2022Q3,2022,Q3,2022-11-14,2022-09-30,8354174.0,0.0,-1761004.0,0.25,-1761004.0,0.0,267671094.0,249096231.0,977401.0,737103.0,18574863.0,0.0,-17598125.0,324474620.25,324230373.25,7.515694446644475,1.3260032858365791,0.0,0.0,-0.029549857537312367,7.515694446644475,0.03353793819545989,0.0,9.709955174802438,1.3026075061328406,0.0,0.0,0.0,0.0,0.3313607460558429,0.03121059459636684,-723.7357505470264,0.0,-0.4318181818181818,-0.430147324986194,0.0,-0.2989568524578961,-0.06404946942662305,-0.43236217012513795,-0.06404946942662305,-0.430147324986194,0.0,-0.2989568524578961,Shell Companies,Financial Services,MTAL
2022Q2,2022,Q2,2022-08-22,2022-06-30,14717437.0,0.0,-1655002.0,0.44,-1655002.0,0.0,266964685.0,247097560.0,1444317.0,645521.0,19867125.0,0.0,-18796936.0,64894924.05,64202344.05,37.27695421195273,2.237443863174087,0.0,0.0,-0.025195423656365852,37.27695421195273,0.059561239698198556,0.0,1.1023475767214086,0.2626287529913286,0.0,0.0,0.0,0.0,1.0729008041566426,0.055128778549866995,-73.4024932218976,0.0,2.4193548387096775,2580272.66504147,0.0,69497.16608941805,0.0,2.4249391511828424,-1.217571786113652,2580272.66504147,0.0,69497.16608941805,Shell Companies,Financial Services,MTAL
2022Q1,2022,Q1,2022-05-23,2022-03-31,-10328467.0,0.0,7606694.0,-0.31,0.0,0.0,266053973.0,242464384.0,774089.0,1373209.0,23589589.0,0.0,-22709312.0,330109011.0,329732334.0,7.315599344969108,0.5637080735707384,0.0,0.0,0.05540081103839339,7.315599344969108,-0.0425978728488222,0.0,-7.990271232894486,1.3614742320257642,0.0,0.0,0.0,0.0,0.27430420278340734,-0.03882094630475599,-570.829540876055,0.0,-4.232533889468196,0.0,0.0,0.0,0.0,-5.663185839509322,8.417857599099719,0.0,0.0,0.0,Shell Companies,Financial Services,MTAL
2021Q4,2021,Q4,2022-03-31,2021-12-31,2214895.0,0.0,-1025457.0,0.0959,0.0,0.0,266637852.0,-16834603.0,1295245.0,604474.0,18324655.0,0.0,-16835266.0,223895686.5,222940712.5,-0.7285861805560063,2.142763791329321,0.0,0.0,0.22685894293331524,-0.7285861805560063,-0.13156799717819304,0.0,25.27159148627813,-13.299730709420354,0.0,0.0,0.0,0.0,1.5798429709135546,0.00830675383628578,-685.847758162787,0.0,-0.7831915826788387,0.0,0.0,0.0,0.0,-0.783285330960024,-10.356238718036744,0.0,0.0,0.0,Shell Companies,Financial Services,MTAL
2021Q3,2021,Q3,2021-11-15,2021-09-30,10220328.0,0.0,-90299.0,0.442326,0.0,0.0,267060017.0,247711584.0,1639041.0,5475.0,19348433.0,0.0,-17436879.0,231058500.0,229764706.0,10.720730204688422,299.3682191780822,0.0,0.0,-0.0003645328108676581,10.720730204688422,0.04125898286613839,0.0,5.651934556307782,0.932772284076953,0.0,0.0,0.0,0.0,236.30940639269406,0.038269779635339424,-323.6603015582189,0.0,442327.0,0.0,0.0,0.0,0.0,352426.1034482759,-140.78173374613004,0.0,0.0,0.0,Shell Companies,Financial Services,MTAL
2021Q2,2021,Q2,2021-09-10,2021-06-30,-29.0,0.0,646.0,-1e-06,0.0,0.0,633328.0,18077.0,0.0,615251.0,615251.0,0.0,-6923.0,328597230.0,328764481.0,0.0005363732067978783,0.0,0.26408275017052774,9.25214360789954,0.0034857118190451523,0.0005363732067978783,-0.0016042484925596061,0.0,-2832734.7413793104,18177.64175471594,0.0,0.0,0.0,0.0,0.0,-4.5789859283025544e-05,0.0,0.0,0.0,0.0,0.0,0.0,0.0,0.0,0.0,0.0,0.0,0.0,Shell Companies,Financial Services,MTAL
2021Q1,2021,Q1,2021-09-10,2021-03-31,,,,,,,323106.0,18106.0,150000.0,305000.0,305000.0,0.0,-6894.0,0.0,-150000.0,0.0,0.4918032786885246,0.0,0.0,,0.0,,0.0,0.0,0.0,0.0,0.0,,,0.4918032786885246,,0.0,0.0,0.0,0.0,0.0,0.0,0.0,0.0,0.0,0.0,0.0,0.0,Shell Companies,Financial Services,MTAL
