Quarters,Year,Quarter,FillingDate,Date,NetIncome,Revenue,OperatingIncome,EPSDiluted,GrossProfit,GrossProfitRatio,TotalAssets,CommonStockEquity,CurrentAssets,CurrentLiability,TotalLiability,Inventory,RetainedEarnings,MarketCap,EnterpriseValue,bookValuePerShare,currentRatio,debtToAssets,debtToEquity,roic,shareholdersEquityPerShare,roe,priceToSalesRatio,peRatio,pbRatio,payoutRatio,inventoryTurnover,dividendYield,assetTurnover,quickRatio,returnOnAssets,priceToFreeCashFlowsRatio,grossProfitMargin,epsdilutedGrowth,fiveYNetIncomeGrowthPerShare,fiveYRevenueGrowthPerShare,fiveYShareholdersEquityGrowthPerShare,grossProfitGrowth,netIncomeGrowth,operatingIncomeGrowth,threeYNetIncomeGrowthPerShare,threeYRevenueGrowthPerShare,threeYShareholdersEquityGrowthPerShare,Industry,Sector,Symbol
2023Q1,2023,Q1,2023-05-10,2023-03-31,-503000.0,17954000.0,10838000.0,-0.01,17954000.0,1.0,2411548000.0,315510000.0,770304000.0,15089000.0,2096038000.0,0.0,234048000.0,285515660.58,-4295339.420000017,6.254601223527744,51.05069918483664,0.06030607725825901,0.46093943139678617,0.020560213172449528,6.254601223527744,-0.0015942442394852778,15.902621175225576,-141.90639193836978,0.9049337915755443,0.0,0.0,0.0,0.007445010424839149,51.05069918483664,-0.0002085797172604485,-77.94585328419328,1.0,0.9729729729729729,-1.033533323718557,-0.4493311035932778,0.14818229750886178,-0.043422665032766795,0.9727119839418434,0.49696132596685083,0.8766875018400239,-0.39192932319927914,-0.05160203324572258,Banks—Regional,Financial Services,SBT
2022Q4,2022,Q4,2023-03-16,2022-12-31,-18433000.0,18769000.0,7240000.0,-0.37,18769000.0,1.0,2444735000.0,312627000.0,736761000.0,15990000.0,2132108000.0,0.0,234049000.0,306956157.9,57485157.899999976,6.202509319328433,46.07636022514071,0.06023188607354171,0.4710117808122779,0.015441319762304643,6.202509319328433,-0.05896163799032073,16.354422606425487,-4.1631334820702,0.9818606771008261,0.0,0.0,0.0,0.007677314719182243,46.07636022514071,-0.007539876510133,-58.04768492813918,1.0,-19.5,-3.745709614221996,-0.3860629650436403,0.11282864113147699,-0.021530601605671985,-16.674319727891156,0.0022148394241417496,-0.3297244297430746,-0.42429891700316946,-0.06749960246758427,Banks—Regional,Financial Services,SBT
2022Q3,2022,Q3,2022-11-14,2022-09-30,1176000.0,19182000.0,7224000.0,0.02,19182000.0,1.0,2447904000.0,329601000.0,360648000.0,16664000.0,2118303000.0,0.0,252482000.0,303914484.36,82281484.36000001,6.539648921917543,21.642342774843975,0.060712348196661305,0.45090275818337927,0.008950224333050717,6.539648921917543,0.003567950339956493,15.843732893337505,64.60767099489796,0.9220678467601737,0.0,0.0,0.0,0.007836091611435742,42.83887421987518,0.00048041099650966706,171.50930268623026,1.0,1.4587155963302754,-0.8978001639247452,-0.36307450582413014,0.8775827229248165,-0.01706379707916987,1.5352753755120618,-0.7197827773467804,-0.9152516396775218,-0.42147578358562837,-0.061457858321570746,Banks—Regional,Financial Services,SBT
2022Q2,2022,Q2,2022-08-15,2022-06-30,-2197000.0,19515000.0,25780000.0,-0.0436,19515000.0,1.0,2503820000.0,335332000.0,675378000.0,17540000.0,2168488000.0,0.0,251306000.0,287205079.2,133705079.19999999,6.655148318839342,38.505017103762825,0.060063423089519216,0.44847494423437073,-0.09959604968525569,6.655148318839342,-0.006551715911395274,14.717144719446578,-32.681506508875735,0.8564797848102775,0.0,0.0,0.0,0.0077940906295180966,38.505017103762825,-0.0008774592422777995,66.03933759484939,1.0,-1.436,-1.2583732503863287,-0.18154775619035093,1.022450096661007,-0.1396640655997884,-1.417680608365019,1.3028137561411344,-1.1671887383418689,-0.39144172891274887,0.0022219332953248394,Banks—Regional,Financial Services,SBT
2022Q1,2022,Q1,2022-05-13,2022-03-31,5260000.0,22683000.0,11195000.0,0.1,22683000.0,1.0,2809129000.0,341406000.0,494581000.0,0.0,2467723000.0,0.0,253503000.0,356358144.8,102179144.80000001,6.802096810107762,0.0,0.08320977783505136,0.6846599063871168,0.013141518391250105,6.802096810107762,0.015406876270481479,15.710362156681215,16.937174182509505,1.043795788006069,0.0,0.0,0.0,0.00807474487643679,0.0,0.0018724665189815064,328.7436760147602,1.0,0.04821802935010489,-0.4671174057983854,-0.12824555388016506,0.0,-0.10280041135986077,0.09629012088370154,-0.005507684107666341,-0.6488135722549145,-0.3040616383539055,0.05481947434237806,Banks—Regional,Financial Services,SBT
2021Q4,2021,Q4,2022-03-31,2021-12-31,4798000.0,25282000.0,11257000.0,0.0954,25282000.0,1.0,2873572000.0,340369000.0,2531366000.0,19400000.0,2533203000.0,0.0,244985000.0,288461946.25,129745946.25,6.784679142058586,130.48278350515463,0.08844149372279518,0.7466690562301502,0.012491629620042823,6.784679142058586,0.014096465894367584,11.409775581441341,15.03032233482701,0.8474977046969613,2.084201750729471,0.0,0.03466661765962484,0.00879810911297855,37.85742268041237,0.0016696988974001696,24.93835447825711,1.0,-0.4978947368421053,-0.17326412957529438,0.23793244444440198,1.2144242449838827,0.08608987026376837,-0.49795961075651357,0.0,-0.6833326657856857,-0.27311924197533355,0.07247140361796536,Banks—Regional,Financial Services,SBT
2021Q3,2021,Q3,2021-11-15,2021-09-30,9557000.0,23278000.0,0.0,0.19,23278000.0,1.0,3138964000.0,336565000.0,2903582000.0,0.0,2802399000.0,0.0,240187000.0,258863242.20000002,41112242.20000005,6.708852849251689,0.0,0.12503042405073775,1.1660927309732148,0.0,6.708852849251689,0.028395703653083356,11.12051044763296,6.771561216909072,0.76913298233625,0.0,0.0,0.0,0.007415822545272899,0.0,0.0030446351089085445,21.434399453506668,1.0,1.714285714285714,0.014952996554764559,-0.0096566214444616,0.0,-0.002186120279480475,1.768539976825029,0.0,-0.3590211715424107,-0.2984679016055584,0.11232063241828673,Banks—Regional,Financial Services,SBT
2021Q2,2021,Q2,2021-08-13,2021-06-30,3452000.0,23329000.0,0.0,0.07,23329000.0,1.0,3417452000.0,327042000.0,3189006000.0,0.0,3090410000.0,0.0,230630000.0,227541191.15,-143279808.85000002,6.539655929897333,0.0,0.11835191832979658,1.2367280043541808,0.0,6.539655929897333,0.010555219207318937,9.753576713532514,16.478939104142526,0.6957552581931372,0.0,0.0,0.0,0.006826430919878319,0.0,0.0010101092860997024,25.658681906856113,1.0,0.4000000000000001,-0.5909683550494512,-0.014198349333850457,0.9873528182850816,-0.014822635135135135,0.48473118279569893,0.0,-0.7712473506089348,-0.3166137420300463,0.13893594827259503,Banks—Regional,Financial Services,SBT
2021Q1,2021,Q1,2021-05-14,2021-03-31,2325000.0,23680000.0,0.0,0.05,23680000.0,1.0,3694027000.0,321916000.0,3401839000.0,0.0,3372111000.0,0.0,227178000.0,282157803.32,-193153196.68000007,6.457537372920316,0.0,0.10921414488849161,1.2532461884466755,0.0,6.457537372920316,0.007222380993799625,11.915447775337837,30.33954874408602,0.8764951208389766,0.0,0.0,0.0,0.006410348381319357,0.0,0.000629394425108425,-69.03787700513824,1.0,1.2173913043478262,-0.7628509145218663,-0.08372026289589196,0.0,-0.08013829002058812,1.1988369109723767,0.0,-0.84315544641944,-0.26506506363439203,0.18543610249656703,Banks—Regional,Financial Services,SBT
2020Q4,2020,Q4,2021-03-26,2020-12-31,-11693000.0,25743000.0,0.0,-0.23,25743000.0,1.0,3914045000.0,319591000.0,3575655000.0,0.0,3594454000.0,0.0,224853000.0,226291419.5,-375388580.5,6.411834541521359,0.0,0.10317663695741873,1.2636087999974968,0.0,6.411834541521359,-0.03658738825561421,8.790405916171386,-4.838181379885402,0.7080656823878019,0.0,0.0,0.0,0.006577083298735707,0.0,-0.0029874464907787214,-17.846326458990536,1.0,-102.27795240233499,-3.027873864785985,0.26868301565016006,1.0927329894722104,-0.04001342482100239,-104.34234234234235,0.0,-2.7612919687309523,-0.14849210586610204,0.15038490917957076,Banks—Regional,Financial Services,SBT
2020Q3,2020,Q3,2020-11-09,2020-09-30,-111000.0,26816000.0,0.0,-0.002227,26816000.0,1.0,3936605000.0,331144000.0,3654552000.0,0.0,3605461000.0,0.0,236546000.0,150030214.25,-372139785.75,6.643618053754795,0.0,0.10257925293495283,1.2194513565095548,0.0,6.643618053754795,-0.00033520160413596503,5.594802142377685,-337.9058879504504,0.4530663827519146,0.0,0.0,0.0,0.006811961067976086,0.0,-2.819688538728168e-05,42.890284233847915,1.0,-1.0371166666666667,-1.0118646730136898,0.1482662129054057,0.0,-0.05480948856226429,-1.038716428322288,0.0,-1.0097541113487505,-0.09965160284227628,0.9074330479171677,Banks—Regional,Financial Services,SBT
2020Q2,2020,Q2,2020-10-19,2020-06-30,2867000.0,28371000.0,0.0,0.06,28371000.0,1.0,3738503000.0,331405000.0,3444854000.0,0.0,3407098000.0,0.0,236657000.0,178419853.84,-39372146.15999997,6.649651787429129,0.0,0.11109125765045527,1.253194731521854,0.0,6.649651787429129,0.008651046302862057,6.288810892813084,15.558061897453785,0.5383740554306664,0.0,0.0,0.0,0.007588866452695102,0.0,0.0007668844989558655,11.1911091914947,1.0,1.7500000000000002,-0.6591193945242638,0.20297482718541923,1.0207797416291866,-0.027424496931884406,1.7114143920595533,0.0,-0.6591193945242638,0.20297482718541923,1.0207797416291866,Banks—Regional,Financial Services,SBT
2020Q1,2020,Q1,2020-10-13,2020-03-31,-4030000.0,29171000.0,0.0,-0.08,29171000.0,1.0,3477375000.0,328675000.0,3283348000.0,0.0,3148700000.0,0.0,233790000.0,214301946.6,236469946.6,6.594912096799405,0.0,0.11881864912469894,1.257098957937172,0.0,6.594912096799405,-0.012261352399787024,7.346403846285694,-13.294165421836228,0.6520177883927891,-0.12382133995037221,0.0,0.0023284902816650384,0.00838879902225098,0.0,-0.0011589201624788814,-78.26952030679328,1.0,0.7090170406456773,-1.4111700920365922,0.1290565011059555,0.0,-0.0981295408873087,0.7069730240674762,0.0,-1.4111700920365922,0.1290565011059555,0.0,Banks—Regional,Financial Services,SBT
2019Q4,2019,Q4,2020-10-06,2019-12-31,-13753000.0,32345000.0,0.0,-0.27493018896197974,32345000.0,1.0,3244884000.0,332614000.0,3054662000.0,0.0,2912270000.0,0.0,238319000.0,405048608.09999996,640251608.0999999,6.6514816891676665,0.0,0.0967821962202655,0.9441785372834577,0.0,6.6514816891676665,-0.041348229479216146,12.52275801824084,-7.362913693375991,1.2177737801174935,-0.03628299280157057,0.0,0.0012319509066842785,0.009967998856045393,0.0,-0.004238364144912422,-148.9696977197499,1.0,-1.9818935320070703,-3.3774015417730765,0.5888804933799372,1.1709504619388889,-0.025018839487565937,-1.990564678766926,0.0,-3.3774015417730765,0.5888804933799372,1.1709504619388889,Banks—Regional,Financial Services,SBT
2019Q3,2019,Q3,2019-11-08,2019-09-30,13884000.0,33175000.0,0.0,0.28,33175000.0,1.0,3322230000.0,351377000.0,3129966000.0,0.0,2970853000.0,0.0,252571000.0,492178334.08,659776334.0799999,6.967879897457188,0.0,0.09479897538701415,0.896313646026917,0.0,6.967879897457188,0.03951311554256539,14.835820168198945,8.862329553442812,1.4007130064859112,0.03622875252088735,0.0,0.0010219872862551505,0.009985762575137783,0.0,0.004179120650888108,14.269761215389522,1.0,0.07692307692307698,0.46685423656952824,0.40410336551950166,0.0,0.011957416953909039,0.033497096918267084,0.0,0.46685423656952824,0.40410336551950166,0.0,Banks—Regional,Financial Services,SBT
2019Q2,2019,Q2,2019-08-09,2019-06-30,13434000.0,32783000.0,0.0,0.26,32783000.0,1.0,3279132000.0,342053000.0,3085782000.0,0.0,2937079000.0,0.0,239190000.0,510473524.41,755539524.4100001,6.640393806746064,0.0,0.09959403891029699,0.9547701671963117,0.0,6.640393806746064,0.03927461533738923,15.571287692096515,9.499656178539526,1.4923813689983716,0.03841000446627959,0.0,0.0010108261747685885,0.009997462743189356,0.0,0.004096815864686142,28.119066013550736,1.0,-0.13333333333333328,0.5453986491482776,0.34490365622243707,1.0179663101276906,-0.03941045475855602,-0.14340368551935218,0.0,0.5453986491482776,0.34490365622243707,1.0179663101276906,Banks—Regional,Financial Services,SBT
2019Q1,2019,Q1,2019-05-09,2019-03-31,15683000.0,34128000.0,0.0,0.3,34128000.0,1.0,3252192000.0,338902000.0,3059310000.0,0.0,2913290000.0,0.0,226272000.0,534478715.82,895795715.8199999,6.448588574218821,0.0,0.12928111255424035,1.2406152811137143,0.0,6.448588574218821,0.04627591457117397,15.6610031592827,8.520033090288848,1.577089293719128,0.033539501370911176,0.0,0.0009841364762168464,0.010493845381822475,0.0,0.00482228601509382,26.68124579772364,1.0,0.0,0.5173780992140629,0.25263169005066016,0.0,-0.07058823529411765,-0.01956739184796199,0.0,0.5173780992140629,0.25263169005066016,0.0,Banks—Regional,Financial Services,SBT
2018Q4,2018,Q4,2019-03-18,2018-12-31,15996000.0,36720000.0,0.0,0.3,36720000.0,1.0,3196774000.0,335057000.0,3027756000.0,0.0,2861717000.0,0.0,211115000.0,368094990.6,672497990.6,6.326209835684735,0.0,0.11199696944482156,1.0685614686456335,0.0,6.326209835684735,0.04774113061359709,10.024373382352941,5.752922458739685,1.0986040900503495,0.03313328332083021,0.0,0.0014398457287780324,0.011486579908370126,0.0,0.005003794450280189,-1761.2200507177035,1.0,0.0,1.6107393504161909,0.7030749965214971,1.0647862847564584,0.04821443864006166,0.016199733180865258,0.0,1.6107393504161909,0.7030749965214971,1.0647862847564584,Banks—Regional,Financial Services,SBT
2018Q3,2018,Q3,2018-11-13,2018-09-30,15741000.0,35031000.0,0.0,0.3,35031000.0,1.0,3196963000.0,319443000.0,3035763000.0,0.0,2877520000.0,0.0,195649000.0,611196574.3199999,962310574.3199999,6.031401966055443,0.0,0.12511655593136362,1.2521576619302974,0.0,6.031401966055443,0.04927639672805477,17.44730593816905,9.707079828473413,1.913319666795015,0.03367003367003367,0.0,0.0008671514571063541,0.010957586934850357,0.0,0.004923735432659058,24.07233455376132,1.0,0.0,0.5834423096267983,0.4116864799516423,0.0,-0.031061569950766168,-0.015079464397447128,0.0,0.5834423096267983,0.4116864799516423,0.0,Banks—Regional,Financial Services,SBT
2018Q2,2018,Q2,2018-08-13,2018-06-30,15982000.0,36154000.0,0.0,0.3,36154000.0,1.0,3111339000.0,304110000.0,2950983000.0,0.0,2807229000.0,0.0,180438000.0,707589794.88,1085727794.88,5.741899656267694,0.0,0.13336958782054928,1.3644996876130349,0.0,5.741899656267694,0.05255335240537963,19.57154934115174,11.068542655487422,2.3267560911512284,0.03303716681266425,0.0,0.0007461950466506423,0.011620077400758965,0.0,0.005136695165650545,44.79550486705495,1.0,0.0,0.7880957708659656,0.4425248374097274,0.7449206176161759,0.05614629586351951,0.014794590132706838,0.0,0.7880957708659656,0.4425248374097274,0.7449206176161759,Banks—Regional,Financial Services,SBT
2018Q1,2018,Q1,2018-05-14,2018-03-31,15749000.0,34232000.0,0.0,0.3,34232000.0,1.0,3034332000.0,288512000.0,2893891000.0,0.0,2745820000.0,0.0,164984000.0,715534291.08,1085853291.08,5.447393882572441,0.0,0.13441508707682615,1.4136673691215618,0.0,5.447393882572441,0.05458698425022183,20.902497402430477,11.35840832878278,2.4800850262034158,0.033716426439773954,0.0,0.0007421027987331383,0.011281560488436993,0.0,0.005190269225648347,45.422096812035804,1.0,1.3076923076923075,0.5120007680491553,0.24674946279637264,0.0,0.15100366497427795,1.4114224467922216,0.0,0.5120007680491553,0.24674946279637264,0.0,Banks—Regional,Financial Services,SBT
2017Q4,2017,Q4,2018-03-28,2017-12-31,6531000.0,29741000.0,0.0,0.13,29741000.0,1.0,2961958000.0,273298000.0,0.0,0.0,2688660000.0,0.0,149816000.0,622731800.0,985473800.0,5.573642778480238,0.0,0.13602117248117632,1.4741747103893919,0.0,5.573642778480238,0.02389699156232391,20.938495679365186,23.837536365028324,2.278581621526685,0.4719032307456745,0.0,0.004949161099529525,0.010040993153852958,0.0,0.002204960367432624,-150.20062711046793,1.0,-0.4305962533233469,0.1513558801083449,0.48992513679581,0.8191589378242987,-0.06025657229524772,-0.4598908369169699,0.0,0.1513558801083449,0.48992513679581,0.8191589378242987,Banks—Regional,Financial Services,SBT
2017Q3,2017,Q3,2017-09-30,2017-09-30,12092000.0,31648000.0,0.0,0.228309,31648000.0,1.0,2635920000.0,184472000.0,0.0,0.0,2451448000.0,0.0,146339000.0,629915739.9983089,892848739.9983089,3.4830150714906254,0.0,0.11347992351816444,1.6215143761654884,0.0,3.4830150714906254,0.0655492432455874,19.903808771432914,13.0233985279174,3.4146956719627304,0.1756533245120741,0.0,0.0033718795469465527,0.0120064341861665,0.0,0.00458739263710583,30.637925097194014,1.0,0.35287808577963725,0.2163766220702144,0.27535764658472706,0.0,0.2627379004907633,0.3528753636160215,0.0,0.2163766220702144,0.27535764658472706,0.0,Banks—Regional,Financial Services,SBT
2017Q2,2017,Q2,2017-06-30,2017-06-30,8938000.0,25063000.0,0.0,0.168758,25063000.0,1.0,2416171000.0,174283000.0,0.0,0.0,2241888000.0,0.0,136371000.0,629915739.9983089,1012657739.9983089,3.2906366044960786,0.0,0.1691585570723264,2.345128325769008,0.0,3.2906366044960786,0.051284405248934205,25.13329369980884,17.619035018972614,3.614326928032619,0.2978294920563885,0.0,0.0042259620310601325,0.010373024094735016,0.0,0.0036992414858054335,98.0718885253478,1.0,-0.14189683927917673,0.0,0.0,0.0,-0.08719088028553738,-0.14189708141321045,0.0,0.0,0.0,0.0,Banks—Regional,Financial Services,SBT
2017Q1,2017,Q1,2017-03-31,2017-03-31,10416000.0,27457000.0,0.0,0.196664,27457000.0,1.0,,,,,,,,629915739.9983089,,,0.0,0.0,0.0,0.0,,0.0,22.941899697647553,15.118945372463251,0.0,0.16964285714285715,0.0,0.0028051370807224848,0.0,0.0,0.0,32.84745997801058,1.0,0.7000124048493553,0.0,0.0,0.0,0.27345670423449747,0.7000163212012405,0.0,0.0,0.0,0.0,Banks—Regional,Financial Services,SBT
2016Q4,2016,Q4,2016-12-31,2016-12-31,6127000.0,21561000.0,0.0,0.11568386174066016,21561000.0,1.0,2163601000.0,162272000.0,0.0,0.0,2001329000.0,0.0,121446000.0,629915739.9983089,965327739.9983089,3.06385696301296,0.0,0.1652504320343723,2.203312956024453,0.0,3.06385696301296,0.03775759219088937,29.215515977844667,25.70245389253749,3.8818510895182707,0.39285131385669986,0.0,0.0038211459837572278,0.009965330945955378,0.0,0.002831853008017652,-119.41530616081685,1.0,-0.3836636153304496,0.0,0.0,0.0,-0.1311303646987709,-0.3836636153304496,0.0,0.0,0.0,0.0,Banks—Regional,Financial Services,SBT
2016Q3,2016,Q3,2016-09-30,2016-09-30,9941000.0,24815000.0,0.0,0.18769598001695814,24815000.0,1.0,,,,,,,,629915739.9983089,,,0.0,0.0,0.0,0.0,,0.0,25.38447471280713,15.841357509262371,0.0,0.15974248063575094,0.0,0.002520972090654955,0.0,0.0,0.0,29.812851530991004,1.0,0.0,0.0,0.0,0.0,0.0,0.0,0.0,0.0,0.0,0.0,Banks—Regional,Financial Services,SBT
