Year,Date,FillingDate,NetIncome,Revenue,OperatingIncome,EPSDiluted,GrossProfit,GrossProfitRatio,TotalAssets,CommonStockEquity,CurrentAssets,CurrentLiability,TotalLiability,Inventory,RetainedEarnings,EnterpriseValue,bookValuePerShare,currentRatio,debtToAssets,debtToEquity,roic,shareholdersEquityPerShare,roe,priceToSalesRatio,peRatio,pbRatio,payoutRatio,inventoryTurnover,dividendYield,assetTurnover,quickRatio,returnOnAssets,priceToFreeCashFlowsRatio,grossProfitMargin,epsdilutedGrowth,fiveYNetIncomeGrowthPerShare,fiveYRevenueGrowthPerShare,fiveYShareholdersEquityGrowthPerShare,grossProfitGrowth,netIncomeGrowth,operatingIncomeGrowth,threeYNetIncomeGrowthPerShare,threeYRevenueGrowthPerShare,threeYShareholdersEquityGrowthPerShare,Industry,Sector,Price,MarketCap,AvgVolume,Symbol
2022,2022-12-31,2023-03-16,-14194000.0,80149000.0,29422000.0,-0.28,80149000.0,1.0,2444735000.0,312627000.0,736761000.0,15990000.0,2132108000.0,0.0,234049000.0,57137345.81999999,6.209545356334554,46.07636022514071,0.06023188607354171,0.4710117808122779,0.11600629545799665,6.209545356334554,-0.045402348485575464,3.825479367428165,-21.601264324362408,0.9807481305837307,0.0,0.0,0.0,0.03278433040799923,46.07636022514071,-0.005805946247752824,159.94175577464787,1.0,-1.595744680851064,-1.3431136625006248,-0.3540573896272498,0.05013200544616779,-0.16134939153909741,-1.7050466918338962,-0.4541372912801484,-1.253042523340667,-0.385533072578956,-0.11908948647784567,Banks—Regional,Financial Services,5.61,284940876,37521,SBT
2021,2021-12-31,2022-03-31,20132000.0,95569000.0,53900000.0,0.47,95569000.0,1.0,2873572000.0,340369000.0,420555000.0,0.0,234743000.0,0.0,244985000.0,109670936.5,6.8005927364253385,0.0,0.08169031435439933,0.6896720911716402,0.06395526611160755,6.8005927364253385,0.05914757219370742,3.0113000711527795,14.294999826147427,0.8455145342260899,0.0,0.0,0.0,0.03325791036382593,0.0,0.007005914589925014,9.730750177514793,1.0,2.8076923076923075,-0.3589732140419898,0.11947302704385165,1.2196182192975868,-0.13198790201723873,2.552556489550397,1.0170645909737295,-0.6643366073528627,-0.28848875528458806,0.07498690575591019,Banks—Regional,Financial Services,5.61,284940876,37521,SBT
2020,2020-12-31,2021-03-26,-12967000.0,110101000.0,26722000.0,-0.26,110101000.0,1.0,3914045000.0,319591000.0,1321466000.0,0.0,403838000.0,0.0,224853000.0,-375402395.72,6.412226011570181,0.0,0.10317663695741873,1.2636087999974968,0.02467565925105568,6.412226011570181,-0.04057373330287774,2.055182098981844,-17.450266390067092,0.7080224545747533,-0.03848230122618956,0.0,0.002205255803320811,0.028129722576005132,0.0,-0.00331294096005539,56.24598664678101,1.0,-1.2342342342342343,-1.6121165281606433,0.766950013310613,1.492058154774821,-0.1686161095211846,-1.2276869589647241,-0.7977123218192417,-1.3166311818180452,-0.10366975747599588,0.0844084992526919,Banks—Regional,Financial Services,5.61,284940876,37521,SBT
2019,2019-12-31,2020-10-06,56951000.0,132431000.0,132099000.0,1.11,132431000.0,1.0,3239764000.0,360317000.0,92562000.0,0.0,314047000.0,0.0,266022000.0,649242486.5999999,7.049008112647969,0.0,0.09693514712800068,0.8715852985010422,0.13944308839794817,7.049008112647969,0.15805804333406417,3.126454429854037,7.270100377517515,1.1490978405126597,0.03589050236167934,0.0,0.00493672721117706,0.04087674287386365,0.0,0.017578749563239793,5.918400849080877,1.0,-0.07499999999999989,1.621349486686317,1.0722952672522184,1.739538206934891,-0.06828623088991606,-0.10268166635154724,0.0,0.7755671389178456,0.5189124422575591,1.3006975187627752,Banks—Regional,Financial Services,5.61,284940876,37521,SBT
2018,2018-12-31,2019-03-18,63468000.0,142137000.0,0.0,1.2,142137000.0,1.0,3196774000.0,335057000.0,3027756000.0,0.0,2861717000.0,0.0,211115000.0,672497990.6,6.326209835684735,0.0,0.11199696944482156,1.0685614686456335,0.0,6.326209835684735,0.189424485982982,2.5897197112644843,5.799694186046512,1.0986040900503495,0.03338690363647823,0.0,0.0057566662250578314,0.04446263639531603,0.0,0.01985376507691817,6.488542051824432,1.0,0.4634146341463415,1.819421616098796,1.1465982028241337,1.458628685481149,0.247811849809936,0.6712220554546172,0.0,1.819421616098796,1.1465982028241337,1.458628685481149,Banks—Regional,Financial Services,5.61,284940876,37521,SBT
2017,2017-12-31,2018-03-28,37977000.0,113909000.0,0.0,0.82,113909000.0,1.0,2961958000.0,273298000.0,0.0,0.0,2688660000.0,0.0,149816000.0,949723300.0,5.913109327332915,0.0,0.13602117248117632,1.4741747103893919,0.0,5.913109327332915,0.1389582067925854,5.153072189203662,15.456231403217737,2.1477701995623826,0.25370619058904076,0.0,0.016414492250434554,0.03845733126533192,0.0,0.012821586261520251,13.97108820869234,1.0,0.3015873015873015,0.9332161938251595,0.9713158493179965,1.2980806185973233,0.26090614241911025,0.14271529156887525,0.0,0.9332161938251595,0.9713158493179965,1.2980806185973233,Banks—Regional,Financial Services,5.61,284940876,37521,SBT
2016,2016-12-31,2016-12-31,33234000.0,90339000.0,0.0,0.63,90339000.0,1.0,2163601000.0,162272000.0,0.0,0.0,2001329000.0,0.0,121446000.0,965327739.9983089,3.06385696301296,0.0,0.1652504320343723,2.203312956024453,0.0,3.06385696301296,0.2048042792348649,6.972799566060161,18.95395498580697,3.8818510895182707,0.25777817897334054,0.0,0.013600231675466626,0.04175400177759208,0.0,0.015360503161165114,23.592349812670744,1.0,0.48224831188386696,0.47634489804984237,0.36432832439779517,0.19074245292710498,0.36432832439779506,0.4763448980498423,0.0,0.47634489804984237,0.36432832439779517,0.19074245292710498,Banks—Regional,Financial Services,5.61,284940876,37521,SBT
2015,2015-12-31,2015-12-31,22511000.0,66215000.0,0.0,0.42503,66215000.0,1.0,1712008000.0,136278000.0,0.0,0.0,1575730000.0,0.0,96779000.0,940744739.9983089,2.573064356176544,0.0,0.19067492675267872,2.395375629228489,0.0,2.573064356176544,0.16518440247141872,9.513187948324532,27.982574741162495,4.622284888230741,0.3109590866687397,0.0,0.0111125973769425,0.03867680524857361,0.0,0.013148887154732922,27.39240476597273,1.0,0.0,0.0,0.0,0.0,0.0,0.0,0.0,0.0,0.0,0.0,Banks—Regional,Financial Services,5.61,284940876,37521,SBT
TTM,,,,,,,,,,,,,,,,-4870124.0,6.254601223527744,51.05069918483664,0.06030607725825901,0.46093943139678617,0.13665707349630413,6.254601223527744,-0.061735250218472315,3.778054574383453,-14.180159213809693,0.8969396768089759,0.0,0.0,0.0,0.03127451744688474,51.05069918483664,-0.008275597251226183,-100.68582190812721,1.0,,,,,,,,,,,Banks—Regional,Financial Services,5.61,284940876,37521,SBT
