Quarters,Year,Quarter,FillingDate,Date,NetIncome,Revenue,OperatingIncome,EPSDiluted,GrossProfit,GrossProfitRatio,TotalAssets,CommonStockEquity,CurrentAssets,CurrentLiability,TotalLiability,Inventory,RetainedEarnings,MarketCap,EnterpriseValue,bookValuePerShare,currentRatio,debtToAssets,debtToEquity,roic,shareholdersEquityPerShare,roe,priceToSalesRatio,peRatio,pbRatio,payoutRatio,inventoryTurnover,dividendYield,assetTurnover,quickRatio,returnOnAssets,priceToFreeCashFlowsRatio,grossProfitMargin,epsdilutedGrowth,fiveYNetIncomeGrowthPerShare,fiveYRevenueGrowthPerShare,fiveYShareholdersEquityGrowthPerShare,grossProfitGrowth,netIncomeGrowth,operatingIncomeGrowth,threeYNetIncomeGrowthPerShare,threeYRevenueGrowthPerShare,threeYShareholdersEquityGrowthPerShare,Industry,Sector,Symbol
2023Q1,2023,Q1,2023-05-31,2023-03-31,3933223.0,0.0,-361445.0,1.21,-361445.0,0.0,136962113.0,130806575.0,1022716.0,597538.0,6155538.0,0.0,-5133147.0,871000.0,-63612.0,10.062044230769231,1.7115497257078212,0.0,0.0,-0.006085646964153675,10.062044230769231,0.030069000736392647,0.0,0.055361722434756434,0.0066586866906346255,0.0,0.0,0.0,0.0,1.5641047096586327,0.028717598712864483,-5.166012265572176,0.0,0.0,0.0,0.0,0.0,0.0,-0.05124688953019966,0.10034597769812824,0.0,0.0,0.0,Shell Companies,Financial Services,LATGW
2022Q4,2022,Q4,2023-04-19,2022-12-31,4145676.0,0.0,-401760.0,0.0,0.0,0.0,135786357.0,129020686.0,1274294.0,487671.0,6765671.0,0.0,-5491702.0,0.0,-1103214.0,0.0,2.6130198432959926,0.0,0.0,-0.006896148509678049,0.0,0.0321318706986258,0.0,0.0,0.0,0.0,0.0,,0.0,2.2622095634146793,0.030530872847557136,0.0,0.0,1.0,0.0,0.0,0.0,0.0,6.297325063442534,-1.4942323566208264,0.0,0.0,0.0,Shell Companies,Financial Services,LATGW
2022Q3,2022,Q3,2022-11-14,2022-09-30,-782598.0,0.0,812897.0,-0.064,0.0,0.0,134854995.0,127148728.0,1464650.0,276267.0,7706267.0,0.0,-6241942.0,0.0,-1150366.0,0.0,5.301574201768579,0.0,0.0,0.005987751984083338,0.0,-0.006154980960564545,0.0,0.0,0.0,0.0,0.0,,0.0,4.163964570506068,-0.005803255563503599,0.0,0.0,-1.5333333333333334,0.0,0.0,0.0,0.0,-1.2159121539320197,3.0026977021490464,0.0,0.0,0.0,Shell Companies,Financial Services,LATGW
2022Q2,2022,Q2,2022-08-15,2022-06-30,3624613.0,0.0,-405901.0,0.12,0.0,0.0,134503012.0,127984328.0,1715168.0,240684.0,6518684.0,0.0,-4803841.0,0.0,-1257680.0,0.0,7.126223596084492,0.0,0.0,-0.007142871694430962,0.0,0.02832075658513439,0.0,0.0,0.0,0.0,0.0,,0.0,5.225440826976451,0.026948192059817962,0.0,0.0,0.0,0.0,0.0,0.0,0.0,-0.7522521996031101,-0.5827130262537091,0.0,0.0,0.0,Shell Companies,Financial Services,LATGW
2022Q1,2022,Q1,2022-05-23,2022-03-31,14630253.0,0.0,-256459.0,0.0,0.0,0.0,134626170.0,126374972.0,1978479.0,133698.0,8251198.0,0.0,-6225353.0,0.0,-1414902.0,0.0,14.798119642777005,0.0,0.0,-0.00413111502826835,0.0,0.11576859538295288,0.0,0.0,0.0,0.0,0.0,,0.0,10.5828209846071,0.108673172533988,0.0,0.0,0.0,0.0,0.0,0.0,0.0,162.59775777323688,-1.8327055834760038,0.0,0.0,0.0,Shell Companies,Financial Services,LATGW
2021Q4,2021,Q4,2022-04-13,2021-12-31,-90535.0,0.0,-90535.0,0.0,0.0,0.0,372964.0,-65535.0,0.0,504034.0,438499.0,0.0,-90535.0,0.0,0.0,0.0,0.0,0.0,0.0,1.3814755474174105,0.0,1.3814755474174105,0.0,0.0,0.0,,0.0,,0.0,0.0,-0.24274460805868664,0.0,0.0,0.0,0.0,0.0,0.0,0.0,-61.78432732316227,-61.78432732316227,0.0,0.0,0.0,Shell Companies,Financial Services,LATGW
2021Q3,2021,Q3,2021-09-30,2021-09-30,-1442.0,0.0,-1442.0,0.0,0.0,0.0,246255.0,-66442.0,0.0,312697.0,312697.0,0.0,-91442.0,0.0,0.0,0.0,0.0,0.0,0.0,0.0217031395803859,0.0,0.0217031395803859,0.0,0.0,0.0,,0.0,,0.0,0.0,-0.0058557186656108505,0.0,0.0,0.0,0.0,0.0,0.0,0.0,0.0,0.0,0.0,0.0,0.0,Shell Companies,Financial Services,LATGW
2021Q2,2021,Q2,2021-05-31,2021-05-31,,,,,,,126709.0,-65000.0,0.0,191709.0,191709.0,0.0,-90000.0,0.0,0.0,0.0,0.0,0.0,0.0,,0.0,,0.0,0.0,0.0,0.0,0.0,,,0.0,,0.0,0.0,0.0,0.0,0.0,0.0,0.0,0.0,0.0,0.0,0.0,0.0,Shell Companies,Financial Services,LATGW
