Quarters,Year,Quarter,FillingDate,Date,NetIncome,Revenue,OperatingIncome,EPSDiluted,GrossProfit,GrossProfitRatio,TotalAssets,CommonStockEquity,CurrentAssets,CurrentLiability,TotalLiability,Inventory,RetainedEarnings,MarketCap,EnterpriseValue,bookValuePerShare,currentRatio,debtToAssets,debtToEquity,roic,shareholdersEquityPerShare,roe,priceToSalesRatio,peRatio,pbRatio,payoutRatio,inventoryTurnover,dividendYield,assetTurnover,quickRatio,returnOnAssets,priceToFreeCashFlowsRatio,grossProfitMargin,epsdilutedGrowth,fiveYNetIncomeGrowthPerShare,fiveYRevenueGrowthPerShare,fiveYShareholdersEquityGrowthPerShare,grossProfitGrowth,netIncomeGrowth,operatingIncomeGrowth,threeYNetIncomeGrowthPerShare,threeYRevenueGrowthPerShare,threeYShareholdersEquityGrowthPerShare,Industry,Sector,Symbol
2023Q1,2023,Q1,2023-05-10,2023-03-31,104303000.0,740327000.0,173555000.0,0.46,313395000.0,0.4233196952,7394042000.0,3151265000.0,1400013000.0,378196000.0,4225023000.0,0.0,7879619000.0,3797039040.0,6260698040.0,14.034064593130967,3.7018186337243124,0.42559103667520415,0.9985951673375613,0.02084725394789992,14.034064593130967,0.03309877144575274,5.128867432904649,9.10098233032607,1.2049253363331869,0.20478797350028283,0.0,0.005625435971287775,0.10012480318613283,3.520714127066389,0.014106357524071408,22.663207076434567,0.42331969521576274,-0.5257731958762887,0.8204002549363953,0.42019798041535666,1.9279625190944487,-0.35313786804545033,-0.5228612860874379,-0.4712171253077242,0.1747684336598835,0.05185051117956779,0.8473103774054478,Broadcasting,Communication Services,TGNA
2022Q4,2022,Q4,2023-02-27,2022-12-31,218601000.0,917130000.0,328216000.0,0.97,484485000.0,0.5282620784,7328896000.0,3071722000.0,1303708000.0,391024000.0,4239756000.0,0.0,7898055000.0,4739185880.0,7336323880.0,13.734381986300145,3.3340869102663775,0.4296443830012051,1.025098951011843,0.039501309925564304,13.734381986300145,0.07116561980543812,5.167409069597549,5.41990416329294,1.5428433562672665,0.09708555770559146,0.0,0.004478195314001906,0.12513890223029497,3.1289434919595727,0.02982727548596678,24.22401288080147,0.528262078440352,0.4923076923076922,-0.30571849530659057,0.803722047116384,1.976883999502859,0.2946528779862113,0.49901254885825963,0.41315261476461523,1.5313270682996976,0.28481996155495415,0.8776926518160587,Broadcasting,Communication Services,TGNA
2022Q3,2022,Q3,2022-11-09,2022-09-30,145830000.0,803111000.0,232258000.0,0.65,374220000.0,0.4659629864,7124132000.0,2878255000.0,1071051000.0,395031000.0,4228785000.0,39694000.0,7704358000.0,4631658240.0,7405850240.0,12.851188562651807,2.711308732732368,0.4422760555250801,1.094702519408461,0.029236624863737588,12.851188562651807,0.05066611540673081,5.767145811724656,7.940167043818144,1.6091896791632432,0.1453884660220805,10.804932735426009,0.004577626176494404,0.11273106674609623,2.469674531872182,0.020469862153031416,23.524688219011097,0.4659629864364951,0.10169491525423738,2.2872435858004807,0.6672579698759377,2.9300104362666293,0.026255601322926893,0.10808859845750542,0.0508413227702345,1.926779877379283,0.41205870028296976,0.8352917024771552,Broadcasting,Communication Services,TGNA
2022Q2,2022,Q2,2022-08-08,2022-06-30,131605000.0,784881000.0,221021000.0,0.59,364646000.0,0.4645876254,6965478000.0,2741723000.0,885377000.0,370726000.0,4206990000.0,36867000.0,7583436000.0,4690464750.0,7642738750.0,12.257619313736448,2.388224726617502,0.45266728284835583,1.1500228141209012,0.0277112080357272,12.257619313736448,0.04800083742960175,5.9760202502035344,8.910118821473349,1.7107726601119075,0.16093613464534023,11.398676322998888,0.004515544008725361,0.11268157045359989,2.22373397064139,0.018893893570548926,26.41458768605234,0.4645876253852495,-0.016666666666666684,1.5734851764111908,0.5452516112550968,3.0696198798763152,0.005440162350106018,-0.01997214920282678,0.05682399575397945,0.5975230531799152,0.41874681759245486,0.7982826189969143,Broadcasting,Communication Services,TGNA
2022Q1,2022,Q1,2022-05-09,2022-03-31,134287000.0,774123000.0,209137000.0,0.6,362673000.0,0.4684953166,6853745000.0,2618849000.0,768751000.0,379795000.0,4218466000.0,30589000.0,7479795000.0,4988748800.0,8098141800.0,11.75890387585761,2.0241209073315867,0.4599980010928332,1.2038529140091696,0.02678181786744792,11.75890387585761,0.051277106851139564,6.444387778169619,9.287475332682984,1.9049394600452334,0.15750593877292665,13.450913727156822,0.004239740433513109,0.11294890603604307,1.8398978396240078,0.019593229686835446,26.15717536519122,0.4684953166357284,0.03448275862068969,1.2493824070476192,-0.03865774926740642,0.10598483139782496,-0.012997722132867418,0.034472930083505375,-0.001322738689867917,0.7662771285002602,0.45767362071681467,0.8133844416643197,Broadcasting,Communication Services,TGNA
2021Q4,2021,Q4,2022-03-01,2021-12-31,129812000.0,774647000.0,209414000.0,0.58,367449000.0,0.4743437979,6917646000.0,2519906000.0,787589000.0,375132000.0,4381611000.0,19724000.0,7459380000.0,4121582079.9999995,7385533080.0,11.347452131779455,2.0994983099282387,0.48006793062264247,1.3178824924421784,0.028329511617154073,11.347452131779455,0.05151461998979327,5.320593870498433,7.9375983730317685,1.6356094552733313,0.1620035127723169,20.644798215372134,0.0051024096067498435,0.11198130115360051,1.905369310002879,0.0187653430083008,30.451289841152565,0.4743437978847139,0.0,-0.05655169796350597,-0.15546062757467322,0.07332338132233719,0.030030610871905273,0.01102838094644693,-0.009160160870593802,-0.21446214220192364,0.17396637765640713,0.8287696714640048,Broadcasting,Communication Services,TGNA
2021Q3,2021,Q3,2021-11-04,2021-09-30,128396000.0,756487000.0,211350000.0,0.58,356736000.0,0.4715692404,6930646000.0,2419707000.0,757111000.0,350753000.0,4495113000.0,0.0,7351426000.0,4373994600.0,7751448600.0,10.90916345438561,2.1585303618215668,0.4947111712241543,1.4169765182313396,0.027656670163645567,10.90916345438561,0.05306262287128152,5.781982505978291,8.516609941119661,1.8076546457897587,0.16362659272874544,0.0,0.004803160936687028,0.10915100843413442,1.902769185153085,0.018525834388309546,32.565440683770866,0.4715692404496046,0.2083333333333333,0.047736821339713076,-0.14835530852031834,0.06447215602439983,0.062378272134369694,0.20416029711048797,0.13921799031920742,0.2871133544294869,0.36692478992727634,0.9546915837392427,Broadcasting,Communication Services,TGNA
2021Q2,2021,Q2,2021-08-09,2021-06-30,106627000.0,732908000.0,185522000.0,0.48,335790000.0,0.458161188,6843095000.0,2258956000.0,698418000.0,317812000.0,4568616000.0,0.0,7249257000.0,4155752720.0000005,7648815720.0,10.197434114896037,2.197582218418436,0.5188186047395221,1.5716662918622586,0.024360822842945645,10.197434114896037,0.04720189326396796,5.670224257341986,9.743668864358934,1.8396784709396732,0.19682631978767104,0.0,0.005050107986213386,0.10710183038522773,2.067555661837816,0.015581692202139528,33.51791911990064,0.45816118803451455,-0.058823529411764754,0.04793701082869983,-0.11755919318187276,0.026469665944392148,0.010323174639471175,-0.05258341108001244,-0.05312101260654315,0.1256233584974196,0.36576460159897595,0.9752095657441266,Broadcasting,Communication Services,TGNA
2021Q1,2021,Q1,2021-05-10,2021-03-31,112545000.0,727051000.0,195930000.0,0.51,332359000.0,0.4571329934,6857809000.0,2139338000.0,692961000.0,389241000.0,4703251000.0,0.0,7151716000.0,4153935659.9999995,7755606660.0,9.697727128493849,1.7802877908545092,0.527066880981958,1.6895525625216772,0.025451466146731258,9.697727128493849,0.052607395371839324,5.713403406363515,9.227277222444354,1.9416920841867902,0.13718068328224267,0.0,0.003716716209321355,0.10601797162913111,1.6401201312297522,0.016411218218530147,92.54412645368265,0.4571329934213693,-0.5405405405405406,0.3093208818702536,-0.0754967414451766,-0.014370356849220351,-0.38247108924430706,-0.5393239570371341,-0.5022685356894265,0.9993475857194395,0.41965294487813215,1.0232614268095412,Broadcasting,Communication Services,TGNA
2020Q4,2020,Q4,2021-03-01,2020-12-31,244304000.0,937575000.0,393646000.0,1.11,538208000.0,0.5740426099,6848699000.0,2058095000.0,672594000.0,424175000.0,4775671000.0,0.0,7075640000.0,3068051400.0,6679640400.0,9.357869705181601,1.585652148287853,0.5333212921169408,1.7747271141516792,0.05034898434137558,9.357869705181601,0.11870394709670837,3.2723263738900887,3.1395836744384047,1.4907238975849026,0.06285202043355818,0.0,0.0050048053301844945,0.13689826345120437,1.4280756763128426,0.03567159251706054,11.178134506993503,0.5740426099245394,0.8500000000000002,0.720870441281868,0.44855671557828775,-0.057506609771054616,0.4983352078484649,0.8477223394519698,0.7287846781524895,-0.2109611410786225,0.8751201257105204,1.028288759011866,Broadcasting,Communication Services,TGNA
2020Q3,2020,Q3,2020-11-09,2020-09-30,132219000.0,738389000.0,227701000.0,0.6,359204000.0,0.4864698689,6944996000.0,1799536000.0,763281000.0,399344000.0,5130807000.0,0.0,6846554000.0,2580053250.0,6422323250.0,8.195392091229126,1.9113370928322448,0.5769414410029898,2.2266050804207307,0.02926274835825979,8.195392091229126,0.07347393994896462,3.4941653383243794,4.878370827944546,1.4337325010447135,0.11597425483478169,0.0,0.00594328818600934,0.10631957167433934,1.7069969750390641,0.01903802392398786,13.167971102514112,0.4864698688631602,5.666666666666667,0.5319271825083436,-0.06448882908895272,-0.13727335515477238,0.61614325564654,5.628515566250564,2.0320918279025793,2.0400032503330943,0.5635350270031702,1.506225497416671,Broadcasting,Communication Services,TGNA
2020Q2,2020,Q2,2020-08-10,2020-06-30,19947000.0,577627000.0,75097000.0,0.09,222260000.0,0.3847811823,6928418000.0,1675307000.0,711057000.0,316538000.0,5238738000.0,0.0,6729896000.0,2441085920.0,6469557920.0,7.645335146580994,2.246355887760711,0.6064215525102555,2.507923622356977,0.009388285363147696,7.645335146580994,0.011906474455129717,4.226059238920619,30.594649822028376,1.4570976662784791,0.7673334335990375,0.0,0.006270160289974553,0.08337069154892214,2.126727280768818,0.0028790122074043452,19.507775025173014,0.3847811823200785,-0.7692307692307693,-0.8220241760096368,-0.6074910679836335,-0.4856298337505022,-0.29401151765606487,-0.7688858506743291,-0.5697383950772897,-0.6018502565072267,0.16081348724865246,1.5383075705390676,Broadcasting,Communication Services,TGNA
2020Q1,2020,Q1,2020-05-11,2020-03-31,86308000.0,684189000.0,174538000.0,0.39,314821000.0,0.4601374766,6894105000.0,1658256000.0,646883000.0,323510000.0,5221756000.0,0.0,6725911000.0,2370488220.0,6513645220.0,7.597025797495842,1.9995765200457483,0.6060563336357656,2.519644735191671,0.023588695457428355,7.597025797495842,0.05204745226310051,3.464668709961721,6.866362967511702,1.4295067950907459,0.353037957083932,0.0,0.01285389218259857,0.0992426137983103,1.8320886525918827,0.01251910146422197,14.445388299817184,0.4601374766329187,0.026315789473684233,-0.20463163462740735,-0.5166844651761076,-0.4763368272539227,-0.0707652982915973,0.0280269191828956,-0.012369570629908785,0.4750815027695344,-0.1330784711409494,-0.2854610102716254,Broadcasting,Communication Services,TGNA
2019Q4,2019,Q4,2020-03-02,2019-12-31,83955000.0,693955000.0,176724000.0,0.38,338796000.0,0.4882103306,6953976000.0,1590377000.0,707324000.0,361158000.0,5363599000.0,0.0,6655088000.0,3628873320.0000005,7884616320.0,7.314499512482293,1.958489082340693,0.6162153852702397,2.69442214015922,0.02056023323105945,7.314499512482293,0.05278937006760032,5.22926316547903,10.806007146685726,2.2817692408781065,0.1807277708296111,0.0,0.004181187564850018,0.09979255033379465,1.7466288992629264,0.0120729493458131,79.29710289972249,0.4882103306410358,0.7272727272727273,-0.8708891932642636,-0.5758526318759636,-0.4920254861423152,0.3806824433640472,0.7365449054730484,0.6542079694476426,-0.376810191690223,-0.2272876076339133,-0.3081421927807726,Broadcasting,Communication Services,TGNA
2019Q3,2019,Q3,2019-11-07,2019-09-30,48346000.0,551857000.0,106833000.0,0.22,245383000.0,0.4446496103,6902237000.0,1521696000.0,648331000.0,374839000.0,5380541000.0,0.0,6586321000.0,3374901950.0,7647993950.0,7.00225939304696,1.729625252441715,0.6204200174523129,2.81415341829117,0.01637107767956849,7.00225939304696,0.03177112905600067,6.115537086600333,17.451815817234102,2.2178555703635943,0.31351094196003804,0.0,0.004491093437544163,0.07995335425312113,1.4927635598216835,0.007004395821238824,40.08816028602991,0.44464961031571587,-0.4054054054054054,-0.5762177345234374,-0.6027369156991008,-0.461451640345594,-0.024861011210503936,-0.3953348758676756,-0.2519326107049828,-0.5973359213747877,-0.36588918847101154,-0.31674777957769756,Broadcasting,Communication Services,TGNA
2019Q2,2019,Q2,2019-08-06,2019-06-30,79955000.0,536932000.0,142812000.0,0.37,251639000.0,0.468660836,5412694000.0,1479742000.0,536524000.0,276537000.0,3932952000.0,0.0,6553149000.0,3304094580.0,6311617580.0,6.816291935565597,1.9401526739640627,0.5610498210318189,2.052243566783939,0.02367955146773273,6.816291935565597,0.05403306792670614,6.1536555466986504,10.331106810080671,2.2328855841085815,0.19030704771433932,0.0,0.004605195048623578,0.09919866151679736,1.812600122225959,0.014771756910699181,59.46038331413763,0.4686608360090291,0.08823529411764697,-0.600485527164654,-0.6169200272629577,-0.4606991373066618,0.06879401296285284,0.08077968072020439,0.07661573023543336,-0.19815087077362611,-0.34031827330285375,-0.3138747622934944,Broadcasting,Communication Services,TGNA
2019Q1,2019,Q1,2019-05-09,2019-03-31,73979000.0,516753000.0,132649000.0,0.34,235442000.0,0.4556180612,5323749000.0,1405251000.0,519399000.0,323538000.0,3918498000.0,0.0,6488352000.0,3057763990.0,6029699990.0,6.484506873272453,1.6053724755670122,0.558958358104411,2.1175960735840076,0.022714378379666698,6.484506873272453,0.05264468767501322,5.917264128123107,10.333216149177469,2.1759557474074027,0.20381459603400964,0.0,0.004931054211283324,0.09706562048661573,1.4756226471079132,0.013896034542575167,129.5717610915717,0.4556180612400896,-0.5405405405405405,0.3112223783676949,-0.614091624681757,-0.4571122303793613,-0.36392126350142917,-0.5399745048658396,-0.4757826763936422,-0.12388555123492415,-0.3311032680676045,-0.3409463773492521,Broadcasting,Communication Services,TGNA
2018Q4,2018,Q4,2019-03-01,2018-12-31,160815000.0,642136000.0,253042000.0,0.74,370146000.0,0.5764292922,5276842000.0,1340924000.0,635222000.0,369217000.0,3935918000.0,0.0,6429512000.0,2349061350.0,5157665350.0,6.2049651789639295,1.720457075378436,0.5579977569917766,2.195848534294263,0.04603928184314013,6.2049651789639295,0.11992849706620211,3.6581991198126254,3.651806967633616,1.751822884816738,0.09371638217827939,0.0,0.00641575410535787,0.12168944986414222,1.576939848381846,0.030475614013078276,14.27133262454435,0.5764292922371584,0.6444444444444444,0.8642796108098344,-0.5062062043890553,-0.47619603940101823,0.3820700470465238,0.6553097755041122,0.6401052604288195,0.15283661252126074,0.00967153365618187,-0.3750566259181765,Broadcasting,Communication Services,TGNA
2018Q3,2018,Q3,2018-11-08,2018-09-30,97151000.0,538976000.0,154284000.0,0.45,267820000.0,0.4969052425,5172739000.0,1205583000.0,530893000.0,360446000.0,3967156000.0,0.0,6283775000.0,2546816850.0,5512647850.0,5.5810152072772725,1.4728780455324793,0.5779524155384603,2.479793593638928,0.03202002123841255,5.5810152072772725,0.08058424845074956,4.725288046220982,6.5537587106669,2.112518880906582,0.15524286934771644,0.0,0.005921902079452632,0.1041954755498006,1.2866864939547116,0.018781345820850424,15.510266927321226,0.4969052425339904,0.046511627906976785,0.2891251864478121,-0.5447770985012869,-0.4890633417761807,0.03092545402754575,0.05014484607402283,0.0009666850488208389,0.14419072477867007,-0.30587117457156804,-0.4124880822044491,Broadcasting,Communication Services,TGNA
2018Q2,2018,Q2,2018-08-07,2018-06-30,92512000.0,524080000.0,154135000.0,0.43,259786000.0,0.4956991299,5142663000.0,1116911000.0,502878000.0,260937000.0,4025752000.0,0.0,6201694000.0,2347310700.0,5454267700.0,5.1627099684758395,1.9272008185883949,0.6089179866539962,2.8036790755933105,0.027908109819855906,5.1627099684758395,0.08282844380617614,4.478916768432301,6.343260063559322,2.101609438889938,0.1631572120373573,0.0,0.006430337492177751,0.10190829148244791,1.8044087270107343,0.017989123533857846,25.339623680290174,0.49569912990383147,0.72,-0.13875107982546192,-0.5744614474527988,-0.5207038241423984,0.0664581255105769,0.6763368184536214,0.12494982301207896,-0.16393791420605422,-0.6392912479897076,-0.6526582636510814,Broadcasting,Communication Services,TGNA
2018Q1,2018,Q1,2018-05-08,2018-03-31,55187000.0,502090000.0,137015000.0,0.25,243597000.0,0.4851660061,5145329000.0,1036636000.0,507295000.0,272863000.0,4108693000.0,0.0,6124209000.0,2463383640.0,5651600640.0,4.7931162033697685,1.859156426485086,0.6212537623930365,3.083584787717193,0.023636116462133133,4.7931162033697685,0.05323662307695276,4.906259116891394,11.159256890209651,2.3763246115319165,0.27258231105151576,0.0,0.006106641188864921,0.09758170954665872,1.6659092658220425,0.010725650390869078,60.75977702686037,0.48516600609452487,-0.8214285714285714,-0.4402063645831899,-0.5697395650502318,-0.5384510796806995,-0.03781253703045385,-0.8182396047756278,-0.12085338466474174,-0.48672076581090706,-0.6420388569931242,-0.6696103836813885,Broadcasting,Communication Services,TGNA
2017Q4,2017,Q4,2018-03-01,2017-12-31,303625000.0,490323000.0,155850000.0,1.4,253170000.0,0.516333111,4962115000.0,995041000.0,636923000.0,325352000.0,3967074000.0,0.0,6062995000.0,3036661760.0,5945553760.0,4.613677250639861,1.9576427991836534,0.6061312565307334,3.022682482430372,0.10621138800239037,4.613677250639861,0.30513818023578926,6.19318645056422,2.5003390366405926,3.0517956144520677,0.049603952243721695,0.0,0.004959722613294936,0.09881330843803499,1.6538856377093119,0.06118862622087558,138.1054102237584,0.5163331110308919,6.368421052631579,2.132428124032775,-0.6565518659706259,-0.5498070190917081,0.10656060142488745,6.101176415557687,0.33363568684163236,-0.5292663311771456,-0.697873069701633,-0.6795911388755163,Broadcasting,Communication Services,TGNA
2017Q3,2017,Q3,2017-11-08,2017-09-30,42757000.0,464264000.0,116861000.0,0.19,228790000.0,0.4928015095,5243056000.0,705875000.0,866730000.0,632599000.0,4537181000.0,0.0,5777443000.0,2877453790.0,5809911790.0,3.2700138513779575,1.3701096587253536,0.6324197185763417,4.697449265096512,0.023710146615527727,3.2700138513779575,0.060573047635912876,6.197882648665415,16.82446026381645,4.076435332034708,0.3516617162102112,0.0,0.005225453160100965,0.08854835805682792,1.2433295025758815,0.008154976792160908,29.44138527651302,0.4928015094859821,-0.1739130434782609,-0.6568509002842303,-0.6212636426846817,-0.6910924489959267,-0.11897445376339118,-0.13218997361477572,-0.22134195095948828,-0.6226877094400117,-0.6635440917819855,-0.7485010913112605,Broadcasting,Communication Services,TGNA
2017Q2,2017,Q2,2017-08-07,2017-06-30,49270000.0,489369000.0,150080000.0,0.23,259686000.0,0.530654782,5647732000.0,649085000.0,1266281000.0,508328000.0,4722051000.0,0.0,5750260000.0,3105369410.0,6386332410.0,3.011981382917017,2.491070725987945,0.5925621116582728,5.155922567922537,0.02528718310672877,3.011981382917017,0.0759068534937643,6.345660248197168,15.756897757255938,4.784226118304998,0.6104120154252081,0.0,0.009684838107553844,0.08664876449519913,0.9085275648793693,0.008723855877013994,46.5761164189402,0.5306547819743384,-0.14814814814814817,-0.5550287406090122,-0.5946069375046275,-0.7029801552210416,-0.46197131740224007,-0.14630765498839104,-0.021489672438973505,-0.7519964030554379,-0.6482815560615126,-0.7616938691038273,Broadcasting,Communication Services,TGNA
2017Q1,2017,Q1,2017-05-09,2017-03-31,57714000.0,778471000.0,153376000.0,0.27,482662000.0,0.62001282,8465011000.0,2289137000.0,752255000.0,608678000.0,5841608000.0,0.0,7412204000.0,5516114100.0,9402947100.0,10.632066138733425,1.2358833406168779,0.46857446493572186,1.7327438244194209,0.016940395648198537,10.632066138733425,0.02521212142392526,7.085831199877709,23.894176889489554,2.4096915562502375,0.5197698998509893,0.0,0.0054382486395631304,0.09196337724782637,1.1152201985286145,0.006817947430901153,44.872358027804665,0.6200128200022865,-0.5573770491803278,-0.07162548746824311,-0.2989342595524379,0.07481266189072856,-0.21331872960612314,-0.5664480652649133,-0.4518154752331221,0.029607989300658152,-0.41485099787676,-0.10987546388346804,Broadcasting,Communication Services,TGNA
2016Q4,2016,Q4,2017-02-28,2016-12-31,133119000.0,887416000.0,279789000.0,0.61,613542000.0,0.6913803673,8542725000.0,2271418000.0,790688000.0,619181000.0,5943455000.0,0.0,7384556000.0,4595577330.0,8562052330.0,10.5722583978366,1.2769900885201582,0.47331442835863263,1.7801192911212291,0.02995127039663442,10.5722583978366,0.058606121814654986,5.178605445473149,8.630581152953374,2.023219561525003,0.22545241475672143,0.0,0.006530626697124907,0.10387973392565018,1.12853269076409,0.015582732676048918,22.70015031094558,0.691380367268564,0.12962962962962954,0.25191437257068605,-0.29674614363190427,0.0730799742087718,0.02393524699599466,0.12163494350496701,0.06072289704745007,0.5522442603914308,-0.3135935014162467,-0.10752265942815067,Broadcasting,Communication Services,TGNA
2016Q3,2016,Q3,2016-11-09,2016-09-30,118683000.0,860265000.0,263772000.0,0.54,599200000.0,0.6965295578,8674677000.0,2201495000.0,846252000.0,608614000.0,6132861000.0,0.0,7284977000.0,4695812180.0,8827023180.0,10.248425374628164,1.3904576628207699,0.4886106998566056,1.9253007615279616,0.028529493448427787,10.248425374628164,0.05391018376148935,5.4585647213358675,9.891501268083887,2.1330106041576293,0.2541644548924446,0.0,0.006423808884110863,0.09916968666383774,1.180771392048162,0.013681546874886524,23.837578074236518,0.696529557752553,0.20000000000000004,0.32707640766827023,-0.24181949002065742,-0.009094272177717603,0.07709149345781961,0.1933816653427316,0.16407318816914834,0.5836517427026591,-0.2693485026953176,-0.06176635997319524,Broadcasting,Communication Services,TGNA
2016Q2,2016,Q2,2016-08-05,2016-06-30,99451000.0,811785000.0,226594000.0,0.45,556313000.0,0.6852959835,8460615000.0,2150992000.0,783411000.0,514480000.0,5998183000.0,0.0,7235756000.0,5016722060.0,9170528060.0,9.934471960760769,1.522723915409734,0.5030318717965538,1.9786028957801796,0.0249732574033086,9.934471960760769,0.0462349464805076,6.179865432349699,12.61103975827292,2.3322829931492075,0.3077797106112558,0.0,0.006101394423274068,0.0959486987648061,1.3633630073083502,0.011754582852428577,63.838163262709166,0.6852959835424405,0.5000000000000001,-0.27155163428504786,-0.3250692035789018,-0.017192648153129517,0.042807923880362,0.16393193202565423,0.12220246732600697,-0.07490441504445669,-0.34138869463635696,-0.07770251495205815,Broadcasting,Communication Services,TGNA
2016Q1,2016,Q1,2016-05-04,2016-03-31,85444000.0,781732000.0,201919000.0,0.3,533476000.0,0.6824282491,8469173000.0,2157581000.0,748054000.0,579022000.0,6011434000.0,0.0,7166528000.0,5144449560.0,9262611560.0,9.839118776392473,1.2919267316267775,0.4956054150741755,1.9454045989466908,0.0225793241371375,9.839118776392473,0.03960175770921231,6.5808353246381115,15.052108866626094,2.3843598733952516,0.36109030476101306,0.0,0.005997337448867902,0.09230322724544651,1.1406647761224962,0.010088824493253356,46.510225750165,0.6824282490674554,-0.5652173913043478,0.032156269795269185,-0.31705009123430633,0.03406610246008303,0.027254766792086604,-0.4004140205606821,-0.18991968161503342,-0.14518887694436386,-0.3392987121583384,-0.05255068822562283,Broadcasting,Communication Services,TGNA
2015Q4,2015,Q4,2016-02-29,2015-12-31,142505000.0,649708000.0,249258000.0,0.69,519322000.0,0.7993160004,8537758000.0,2191971000.0,805159000.0,606783000.0,6056348000.0,0.0,7111129000.0,5633999360.0,9706261360.0,9.928843854181766,1.3269307149343341,0.4921036646857407,1.916750723435666,0.02673163284495045,9.928843854181766,0.06501226521701245,8.67158686671551,9.883862601312234,2.5702891872200864,0.21995719448440407,0.0,0.0055635434079992505,0.07609819814522735,1.1606933615477033,0.016691150065391874,62.59790629201249,0.7993160004186496,0.769230769230769,-0.11141764632208337,-0.517342704430228,0.09996932089951978,-0.05602704741477247,0.6146960512152286,0.15206810965210277,0.4362542660672142,-0.5554150546331177,-0.031164173638903222,Broadcasting,Communication Services,TGNA
2015Q3,2015,Q3,2015-11-06,2015-09-27,88255000.0,807086000.0,216357000.0,0.39,550145000.0,0.6816435919,8874743000.0,2132902000.0,1065919000.0,722597000.0,6465722000.0,0.0,6983654000.0,4993547200.0,9354721200.0,9.49940765153877,1.4751223711141894,0.50468762870091,2.0999431760108997,0.024348554640707978,9.49940765153877,0.041377897343619165,6.187131482890299,14.14522463316526,2.3411986110941805,0.5141125148716786,0.0,0.009086326449462619,0.09094190107814953,1.0167534600890953,0.009944513322808334,30.45793021000433,0.6816435918848797,-0.21999999999999997,-0.08589415094026365,-0.3540353219287303,0.10708227988207068,-0.32125024829524496,-0.23830771487999172,-0.19379876735503007,-0.31904440994594524,-0.36701176952766235,-0.10262191935681013,Broadcasting,Communication Services,TGNA
2015Q2,2015,Q2,2015-08-05,2015-06-28,115867000.0,1521392000.0,268366000.0,0.5,810527000.0,0.5327535573,11093769000.0,3367145000.0,1616397000.0,1055116000.0,7453643000.0,37993000.0,8740291000.0,7165396940.0,11407364940.0,14.863488686224828,1.531961414669098,0.4021226690406119,1.324877901011094,0.022786932049261098,14.863488686224828,0.03441105149911869,4.709763782115326,15.460391958020834,2.128033375456061,0.392976429872181,18.710420340589057,0.00635456770661473,0.1371393256881408,1.0551806626001312,0.010444331408018322,62.83010890533478,0.5327535572686066,0.02040816326530614,-0.3762582013415847,0.17275138508922058,0.8674879055141548,0.04973411075394431,0.026334437614045032,0.1621197949144322,-0.004554726501667845,0.1989172632689088,0.46572987718162573,Broadcasting,Communication Services,TGNA
2015Q1,2015,Q1,2015-05-06,2015-03-29,112894000.0,1472765000.0,230928000.0,0.49,772126000.0,0.5242696561,10984460000.0,3294486000.0,1373468000.0,1054784000.0,7435976000.0,41732000.0,8669892000.0,4352774733.656,8576495733.656,14.507466235704944,1.3021320004854073,0.39686994171766293,1.3232419260546258,0.020458611415168197,14.507466235704944,0.03426756100951711,2.9555120699201844,9.639074560330931,1.321230302285698,0.4008804719471363,16.789010831016967,0.01039727593759201,0.13407714170746673,0.9809022510769978,0.01027761036955845,34.452045096728746,0.5242696560551072,-0.8321917808219177,0.014562211523926243,0.17280708526990093,1.0379157030403896,-0.18966508824072675,-0.8330042054408908,-0.7227195881042034,0.7217532538357435,0.25749937618073465,0.46658308917794566,Broadcasting,Communication Services,TGNA
2014Q4,2014,Q4,2015-02-25,2014-12-28,676029000.0,1700967000.0,832832000.0,2.92,952848000.0,0.5601801799,11205455000.0,3254914000.0,1480465000.0,1127936000.0,7695712000.0,38861000.0,8602369000.0,3843216234.3659997,8220614234.365999,14.399343496456474,1.3125434421811166,0.4012226188048589,1.381259842809979,0.10470900703161541,14.399343496456474,0.20769488840565373,2.2594302149106946,1.4212468083344056,1.1807427890156237,0.06696310365383734,19.251151540104473,0.011778936505108683,0.1517981197550657,0.9781148930435769,0.06033034803138293,20.248448308857075,0.5601801798623959,4.7254901960784315,4.35314796109726,0.21151050483708514,1.1469026005623044,0.38932339509737024,4.704115899962874,2.0786678840886155,5.04271863516004,0.2811890645421933,0.46152757209969697,Broadcasting,Communication Services,TGNA
2014Q3,2014,Q3,2014-11-05,2014-09-28,118516000.0,1443137000.0,270517000.0,0.51,685836000.0,0.4752397035,9917060000.0,2935367000.0,2444011000.0,1123138000.0,6720755000.0,52100000.0,7971532000.0,3552559518.491,6290651518.491,13.002099565469678,2.176055836415472,0.41470022365499454,1.4010537694264464,0.02844591594406067,13.002099565469678,0.04037518988255983,2.461692492459829,7.493839478405869,1.2102607675602404,0.38147591886327586,14.53552783109405,0.01272631739585999,0.14552064825664057,1.937128830117047,0.011950719265588794,19.412044929680672,0.47523970350701283,-0.43333333333333335,0.6934265738788867,0.1378232813667755,1.243847338634967,0.002131865916008282,-0.43148795732657924,-0.36324219991290735,0.26094469375230084,0.21020673067199225,0.2571545834773635,Broadcasting,Communication Services,TGNA
2014Q2,2014,Q2,2014-07-30,2014-06-29,208467000.0,1460004000.0,424835000.0,0.9,684377000.0,0.4687500856,9147565000.0,2858111000.0,1462627000.0,1005054000.0,6045080000.0,55050000.0,7898034000.0,3703903993.348,6725864993.348,12.639126704756514,1.455272055033859,0.37743672769748016,1.2080101157722705,0.045820147708768064,12.639126704756514,0.0729387347097436,2.5369135929408415,4.44183491073887,1.2959272727154403,0.21815922903864882,14.089500454132606,0.01227866599179614,0.15960575300640115,1.2244088377340918,0.022789343393569764,24.069611284859278,0.4687500856162038,2.6,2.072939703296859,0.0738058736866632,1.2702815354868366,0.0751617352725856,2.523842526073801,1.0825857623263428,0.4620388683031268,0.1622625688390555,0.25037613427493777,Broadcasting,Communication Services,TGNA
2014Q1,2014,Q1,2014-05-07,2014-03-30,59159000.0,1404066000.0,203994000.0,0.25,636534000.0,0.4533504835,9009727000.0,2714142000.0,1571248000.0,1011547000.0,6069476000.0,61648000.0,7734828000.0,3280872625.42,6447680625.42,11.94447036042776,1.5533119074051922,0.384005530911203,1.274725124919772,0.018833019795489656,11.94447036042776,0.021796575123924983,2.3366940196685912,13.864638623962541,1.2088065493330857,0.7668993728764854,12.450233584220088,0.013828333245394463,0.1558389061067,1.091309647500314,0.006566125699480128,22.75997131771545,0.45335048352427876,-0.358974358974359,-0.2281498599272661,0.029051593006622516,1.3798792053478663,-0.01396791268234423,-0.348088642048773,-0.04499873599056206,-0.310348087197214,0.18376016501372064,0.25533314438614435,Broadcasting,Communication Services,TGNA
2013Q4,2013,Q4,2014-02-27,2013-12-29,90747000.0,1368038000.0,213606000.0,0.39,645551000.0,0.471880898,9240706000.0,2693098000.0,1923485000.0,1007192000.0,6331295000.0,49950000.0,7720903000.0,3534638481.486,6778335481.486,11.845968426562507,1.9097500774430298,0.4017983041555483,1.3786724434090405,0.02391231465852044,11.845968426562507,0.03369613731100762,2.58372828933553,9.737617996975105,1.3124804524328486,0.5037411705070141,14.464204204204204,0.012932864347921024,0.14804474896182174,1.3223367540647661,0.009820353553072677,28.32446635964132,0.47188089804522976,0.14705882352941171,1.0194694854432007,-0.20400269944075058,1.5755519761544894,0.19652617785035245,0.1379219541555901,0.24407972137124487,-0.4505168298680111,-0.013099524174184616,0.31235842127531677,Broadcasting,Communication Services,TGNA
2013Q3,2013,Q3,2013-11-06,2013-09-29,79748000.0,1252890000.0,171698000.0,0.34,539521000.0,0.4306212038,6892173000.0,2496880000.0,1681815000.0,916013000.0,4151902000.0,51974000.0,7675546000.0,3203604059.231,4372427059.231,10.923105863413054,1.8360165194162092,0.28730996740795683,0.7930657460510717,0.030106157482837424,10.923105863413054,0.031939059946813626,2.5569715292092683,10.042897813208482,1.2830428611831566,0.5746225610673622,13.72549736406665,0.014304202127587493,0.1817844676853004,1.5942120908764394,0.011570806478595357,31.64147144341067,0.43062120377686786,-0.2916666666666666,-0.4969200907261027,-0.23702038134324632,-0.6231316372922662,-0.06305506833614087,-0.29811652878014433,-0.1537051093739218,-0.18866573630285427,-0.015026041568488305,0.27300326359840765,Broadcasting,Communication Services,TGNA
2013Q2,2013,Q2,2013-08-07,2013-06-30,113620000.0,1302699000.0,202882000.0,0.48,575830000.0,0.4420284348,6205206000.0,2464904000.0,993853000.0,880343000.0,3517328000.0,52542000.0,7641558000.0,3017961624.783,4213965624.783,10.771439933227581,1.1289383796997308,0.2187680795770519,0.5507317932057395,0.0404412562983224,10.771439933227581,0.04609510147251171,2.3166991183558134,6.640471802462154,1.224372886239383,0.4038813589156839,13.834056564272391,0.015205296059156997,0.20993646302798005,0.9153011951023635,0.018310431595663382,19.4887000573626,0.44202843481111137,0.09090909090909087,1.049488372643894,-0.24342685505567097,-0.6298425502727674,0.11161732086770358,0.08659685363171234,0.3430824125992175,-0.39449924758391675,-0.005914538173476959,0.35335211166927194,Broadcasting,Communication Services,TGNA
2013Q1,2013,Q1,2013-05-08,2013-03-31,104565000.0,1237735000.0,151057000.0,0.44,518011000.0,0.4185152718,6227409000.0,2382243000.0,1005557000.0,862192000.0,3634007000.0,59467000.0,7573703000.0,2545312638.14,3851705638.14,10.38484977942074,1.1662796685657022,0.232717330755054,0.6083451604223414,0.037678330127786416,10.38484977942074,0.043893507085549205,2.0564277798882635,6.08547945808827,1.0684521428502465,0.43806244919428106,12.10291422133284,0.017996217562284596,0.19875601554354308,0.9197835284948133,0.01679109241098505,126.09296731100763,0.41851527184736637,0.0,-0.45518089386423594,-0.2624468731815695,-0.7372212583206611,-0.29859369668477465,0.014357083959838968,-0.5602851537256865,-0.06973984336129224,-0.024266861026185617,0.45879701495432645,Broadcasting,Communication Services,TGNA
2012Q4,2012,Q4,2013-02-26,2012-12-30,103085000.0,1518309000.0,343534000.0,0.44,738532000.0,0.4864174552,6379886000.0,2350614000.0,1072720000.0,934516000.0,3829320000.0,56389000.0,7514858000.0,2161031668.8719997,3418101668.8719997,10.248221199121064,1.1478883186590705,0.22447109556503048,0.6092450738402817,0.05386361167103792,10.248221199121064,0.04385449929252527,1.42331479881368,5.2408974847747,0.9193477401529982,0.4465829170102343,13.828530387132242,0.021302788229859468,0.23798371945831007,0.9352830770152678,0.016157812224230964,9.431053804975123,0.486417455208393,-0.21428571428571436,-0.5800564385269069,-0.18269057406209793,-0.7394870141425552,0.25532363339679087,-0.22540820390282756,0.5816555324840353,-0.19554196307154284,0.06575029410218887,0.5279816575627349,Broadcasting,Communication Services,TGNA
2012Q3,2012,Q3,2012-10-31,2012-09-23,133083000.0,1309261000.0,217199000.0,0.56,588320000.0,0.4493527265,6561363000.0,2440605000.0,1096202000.0,971203000.0,3886602000.0,62463000.0,7457438000.0,2218057311.876,3615445311.876,10.585736220267528,1.1287053273105623,0.24916057837373118,0.6698474353695087,0.042283350538940605,10.585736220267528,0.054528692680708264,1.6941292163105752,4.166680402222673,0.9088145406061202,0.34974414463154574,11.541888798168516,0.02098457950152466,0.1995410100005136,0.9183013232043147,0.020282828430617236,14.083261237593335,0.44935272646172153,0.09803921568627459,-0.42848875453600654,-0.2741456627022581,-0.7267776078699147,0.0037004116686655828,0.11005179791306959,0.0031452350381954387,0.8620205036663037,0.010801730886204826,0.8268415747577027,Broadcasting,Communication Services,TGNA
2012Q2,2012,Q2,2012-08-01,2012-06-24,119889000.0,1307040000.0,216518000.0,0.51,586151000.0,0.4484568185,6463191000.0,2366164000.0,1046548000.0,917854000.0,3890574000.0,62357000.0,7370460000.0,1611263436.93,3071956436.9300003,10.140673883788903,1.1402118419705094,0.25726951284589916,0.7027332002346414,0.039007613142298364,10.140673883788903,0.05066808555958082,1.2327575567159383,3.3599067406726224,0.6809601688344511,0.3944398568676025,11.560674823997307,0.02934901824005979,0.20222828011736,0.9206333469157404,0.018549505963849744,11.996779320144743,0.4484568184600318,0.8214285714285713,-0.5845384852871034,-0.319060738602345,-0.7303174196800494,0.18092987365693758,0.7573105844070182,0.5960577334178596,0.7126951090154194,-0.06836755256661001,0.8215012170971858,Broadcasting,Communication Services,TGNA
2012Q1,2012,Q1,2012-05-02,2012-03-25,68223000.0,1218587000.0,135658000.0,0.28,496347000.0,0.4073135525,6498255000.0,2337286000.0,1003321000.0,951036000.0,3967437000.0,61582000.0,7297015000.0,1945567561.0800002,3453417561.08,9.892017944811242,1.0549768883617445,0.25627326105239023,0.7125054443487019,0.025091199504322256,9.892017944811242,0.02918898243518337,1.5965766589336667,7.129441541269074,0.8324045756830786,0.2777948785600164,11.728102367574941,0.009741116360657038,0.1875252663984408,0.8311231120588495,0.010498664641507605,13.51820820361029,0.40731355249973944,-0.4285714285714285,-0.6783948170084998,-0.353437118041113,-0.7274030007175749,-0.18056016443376835,-0.41659825551564905,-0.3608875906906624,-0.14398439419184886,-0.14109550925032713,0.9709377724925029,Broadcasting,Communication Services,TGNA
2011Q4,2011,Q4,2012-02-22,2011-12-25,116940000.0,1387755000.0,212260000.0,0.49,605715000.0,0.436471135,6616450000.0,2327891000.0,1075545000.0,901937000.0,4104425000.0,49122000.0,7276200000.0,1674869126.04,3268306126.04,9.852255798205519,1.1924835104890918,0.2660585359218312,0.7562050800488511,0.04293210059147689,9.852255798205519,0.05023431079891627,1.2068910766237555,3.5806163973832734,0.719479187831389,0.16346844535659313,15.920361548796873,0.011413429086962263,0.2097431402035835,0.9727586294829905,0.017674130387141142,9.058047019209969,0.4364711350346423,0.19512195121951226,-0.67160682454277,-0.37609514042392317,-0.7242759590790647,0.11314794191264844,0.17188439491722451,0.07114921705078193,1.0241401470373137,-0.22307184665758878,1.1420787205332044,Broadcasting,Communication Services,TGNA
2011Q3,2011,Q3,2011-11-02,2011-09-25,99788000.0,1266034000.0,198161000.0,0.41,544146000.0,0.429803623,6544729000.0,2478969000.0,1056274000.0,873536000.0,3863822000.0,69163000.0,7177974000.0,1191199504.896,2913633504.896,10.342482727545809,1.209193439079786,0.29312504765285163,0.7738797863143911,0.03216997482311234,10.342482727545809,0.04025383133068627,0.940890611860345,2.9843255323686213,0.480522146463308,0.09639435603479377,10.437488252389283,0.00807505372564758,0.19344330376399083,0.9558232288079713,0.015247078985241407,6.956965757697518,0.42980362296747165,-0.33870967741935487,-0.6249328334621196,-0.3502165317826166,-0.7081478606456171,-0.08590675054805681,-0.34145069855537297,-0.18031966379046468,-0.39965523429043187,-0.26472364635210477,-0.6431642629301308,Broadcasting,Communication Services,TGNA
2011Q2,2011,Q2,2011-08-03,2011-06-26,151527000.0,1334939000.0,241754000.0,0.62,595285000.0,0.4459267427,6607021000.0,2429126000.0,1014756000.0,855315000.0,3984913000.0,74972000.0,7097458000.0,1723557352.645,3579803352.645,10.108259713454649,1.1864120236404132,0.30597556750614235,0.8322281347282933,0.043055265629321444,10.108259713454649,0.06237922610848511,1.2911131914229788,2.8436472586486237,0.7095380612800654,0.06358602757264382,9.865736541642214,0.005590182412679199,0.2020485480521403,0.9508005822416302,0.02293423919796834,9.899641893850193,0.44592674272007937,0.6756756756756757,-0.51866761903703,-0.3507298734399564,-0.7044181481834139,0.11529641439935849,0.6744610080337705,0.3534845702512653,1.0628479343138721,-0.26172041750488884,-0.6526325486743216,Broadcasting,Communication Services,TGNA
2011Q1,2011,Q1,2011-05-04,2011-03-27,90493000.0,1251261000.0,178616000.0,0.37,533746000.0,0.4265664797,6666689000.0,2280855000.0,1003873000.0,860881000.0,4205274000.0,84414000.0,6955547000.0,1901094026.3040001,3947006026.304,9.514980476571886,1.1660996119091953,0.32821825046886094,0.9593459470242519,0.028685639485974,9.514980476571886,0.03967503414289817,1.519342508320806,5.252047192335319,0.833500606704065,0.10582033969478302,8.499952614495227,0.005037099621325474,0.18768852124345384,0.9185381022464196,0.013573904527419833,8.990579635778941,0.4265664797352431,-0.4861111111111111,-0.6185253808748693,-0.3406854422032034,-0.7084292830063906,-0.24416141292957444,-0.4803284807764091,-0.42338782572764133,-0.5487917424844432,-0.2864743160720372,-0.7592324732812358,Broadcasting,Communication Services,TGNA
2010Q4,2010,Q4,2011-02-23,2010-12-26,174135000.0,1461615000.0,309768000.0,0.72,706164000.0,0.4831395409,6816844000.0,2163754000.0,1139134000.0,893186000.0,4398595000.0,72025000.0,6874641000.0,1923666267.072,4092894267.072,9.026473434788413,1.2753603392798365,0.3450631993338853,1.0871115662871103,0.04694720428945841,9.026473434788413,0.08047818744644723,1.316123785724695,2.761745581118098,0.8890411142264786,0.05544548769632756,10.488733078792086,0.005019061863935377,0.21441227054631146,1.0424894702783072,0.025544812232757563,33.74616284948425,0.4831395408503607,0.7142857142857143,-0.4967940746847363,-0.2944625242976663,-0.7164896204177631,0.25002699502052506,0.7171552820755555,0.5466128774564627,-0.3212269755563807,-0.24716052194032762,-0.770544224156548,Broadcasting,Communication Services,TGNA
2010Q3,2010,Q3,2010-11-01,2010-09-26,101409000.0,1312335000.0,200288000.0,0.42,564919000.0,0.4304685922,6865309000.0,2023600000.0,1060439000.0,902178000.0,4596655000.0,70063000.0,6710062000.0,1523665510.10532,3770866510.10532,8.580579622817801,1.17542103664687,0.3524434224300756,1.1957071555643408,0.030379895748390548,8.580579622817801,0.05011316465704685,1.1610339662550493,3.7562383765378815,0.7529479690182448,0.09405476831444941,10.667770435179767,0.006259904117236799,0.19115454235199028,0.9396283216837475,0.014771221513845917,6.763099769211021,0.43046859224207235,-0.4814814814814815,-0.6475409840236316,-0.2735759771865011,-0.7246679436099321,-0.08833155276977152,-0.48122550875290315,-0.26529204831828734,-0.5742574256824069,-0.2887269720093322,-0.7785315596736364,Broadcasting,Communication Services,TGNA
2010Q2,2010,Q2,2010-07-30,2010-06-27,195478000.0,1365143000.0,272609000.0,0.81,619654000.0,0.4539114217,6845886000.0,1897348000.0,999151000.0,805327000.0,4802566000.0,62378000.0,6618191000.0,1864403131.531815,4337230131.531815,7.959081631713501,1.2406773894331122,0.384177446133342,1.3861637401256912,0.0475551067089668,7.959081631713501,0.10302696184358379,1.36572002459216,2.384415550000275,0.9826363595565047,0.0487522892601725,11.951152649972746,0.0051115554564479,0.19941071177638658,1.024347873596688,0.028554083430545003,13.489542305111858,0.45391142173384036,0.6530612244897961,-0.4014598531896131,-0.26902368525030496,-0.7441141195818388,0.07982629485959648,0.6681999334351718,0.24944542221244453,-0.3369544865664889,-0.3038679415713337,-0.7883350065276291,Broadcasting,Communication Services,TGNA
2010Q1,2010,Q1,2010-05-04,2010-03-28,117179000.0,1322405000.0,218184000.0,0.49,573846000.0,0.4339411905,6956721000.0,1702390000.0,1012183000.0,900450000.0,5112596000.0,64685000.0,6432241000.0,2091725020.176544,4789036020.176544,7.118776411635227,1.1240857349103226,0.40269819646353505,1.6456035338553445,0.03308283940929197,7.118776411635227,0.06883205375971428,1.5817582511987962,4.462670402069791,1.2286990761086143,0.08101280946244634,11.572373811548273,0.004538359444205902,0.19009027385171837,0.8590671331001166,0.016843998774710097,7.383219041384444,0.43394119048249213,-0.1250000000000001,-0.5351179919669428,-0.2220566933750288,-0.7723775077919975,-0.16086597304984243,-0.12292480651487253,-0.15847125208758403,-0.45422295057261075,-0.3067466670890647,-0.8038259636000588,Broadcasting,Communication Services,TGNA
2009Q4,2009,Q4,2010-02-24,2009-12-27,133602000.0,1485339000.0,259271000.0,0.56,683855000.0,0.4604033153,7148432000.0,1603925000.0,1049042000.0,900103000.0,5400957000.0,63752000.0,6324586000.0,1905321210.9065762,4868477210.906576,6.70703155917976,1.165468840788221,0.42833883010987583,1.909036270399177,0.0358355076749375,6.70703155917976,0.08329691226210702,1.2827517562701687,3.5652932046424755,1.1879116610231626,0.07067259472163591,12.571903626552892,0.004955594860305668,0.20778528773862576,0.9768726467970887,0.01868969306835401,8.402332018762381,0.4604033153374415,0.806451612903226,-0.6275150210190606,-0.2020413771684697,-0.7928781421730904,0.2673392648985636,0.8115034168564921,0.6518179675205943,-0.6293045558583747,-0.34021200789250144,-0.8122978247866735,Broadcasting,Communication Services,TGNA
2009Q3,2009,Q3,2009-11-04,2009-09-27,73752000.0,1336583000.0,156961000.0,0.31,539599000.0,0.4037152949,7318572000.0,1378581000.0,1000301000.0,925962000.0,5802538000.0,63976000.0,6200477000.0,1242101918.920269,4431188918.920269,5.794556225638522,1.0802829921746249,0.4526642629190503,2.4030912945993017,0.023345276119911648,5.794556225638522,0.05349848866334296,0.9293114747982497,4.210400799030091,0.9010003176601659,0.12726434537368478,12.457546579967488,0.007556545768932582,0.1826289336225701,0.8662331715556362,0.010077375750351298,5.955038445298058,0.40371529489751107,0.03333333333333337,-0.7394957977929647,-0.19350225749991048,-0.8083890469768565,-0.010420315397015484,0.046409670691392006,-0.1866800008290671,-0.7207207204955111,-0.3088800874495535,-0.8364847517165581,Broadcasting,Communication Services,TGNA
2009Q2,2009,Q2,2009-07-30,2009-06-28,70481000.0,1412593000.0,192988000.0,0.3,545281000.0,0.3860142306,7422053000.0,1307941000.0,999860000.0,903568000.0,5987433000.0,61067000.0,6136137000.0,462118309.558997,3866384309.558997,5.567206757044867,1.1065686257149434,0.47273092768267755,2.6825628984793655,0.026542960999500813,5.567206757044867,0.053886987257070466,0.32714186574547444,1.639159168992342,0.35331739700720216,0.13160993742994567,14.202629898308416,0.0200727818139302,0.19032375543532226,0.9208349565278983,0.00949615962052548,2.2396831783678586,0.38601423056747414,-0.11764705882352951,-0.7709923664205331,-0.13159993295513786,-0.8237122905285132,0.01076418882096264,-0.08980435203719249,0.1612282105744526,-0.7709923664347386,-0.29724507598816324,-0.8372058762496184,Broadcasting,Communication Services,TGNA
2009Q1,2009,Q1,2009-05-08,2009-03-29,77435000.0,1378478000.0,166193000.0,0.34,539474000.0,0.3913548131,8058139000.0,1152198000.0,1606318000.0,1487985000.0,6791124000.0,93674000.0,6074967000.0,271417626.59000003,3917703626.59,5.018939756936882,1.0795256672614306,0.5330437958441769,3.727953875983121,0.02026466755870351,5.018939756936882,0.06720633085632852,0.1968965965289254,0.8762756718215278,0.23556509088715658,1.178071931297217,8.95663684693725,0.33610197372259026,0.17106654526560042,0.933343414080115,0.009609538877400849,1.7269047947445444,0.39135481306194225,1.0166830225711483,-0.6652608313725257,-0.054635978047291076,-0.8415878764420315,-0.20990572600641186,1.0164522746993399,-0.9398177872364156,-0.659150543471341,-0.24156347938478784,-0.8462029567920825,Broadcasting,Communication Services,TGNA
2008Q4,2008,Q4,2009-02-25,2008-12-28,-4706644000.0,1735482000.0,2761497000.0,-20.38,682797000.0,0.3934336398,7796814000.0,1055882000.0,1245944000.0,1153141000.0,6531188000.0,121484000.0,6006753000.0,900722486.4,4618715486.4,4.599390164220064,1.0804784497299116,0.48955150142096504,3.6149323503952147,0.49511781669281113,4.599390164220064,-4.457547339570142,0.5190042226885672,-0.047843138678004965,0.8530522221233053,-0.019827928349796586,8.665215172368377,0.10360904874596012,0.22258861119426473,0.8706116598056959,-0.6036624703372429,4.992060601559599,0.39343363976117296,-30.536231884057973,-16.593665968218204,0.12970560668092407,-0.8512984264228339,0.04674339957014039,-30.778143328039885,9.654704627268202,-15.201874408961089,-0.12525423139704528,-0.8555388368751784,Broadcasting,Communication Services,TGNA
2008Q3,2008,Q3,2008-11-06,2008-09-28,158057000.0,1637310000.0,259181000.0,0.69,652306000.0,0.3984010358,13418746000.0,6606005000.0,1345985000.0,1207350000.0,6576704000.0,137641000.0,10804544000.0,2026963671.04,5812505671.04,28.983875921375923,1.114825858284673,0.2912581399185885,0.5916312506575456,0.01814212736163718,28.983875921375923,0.023926261030683446,1.2379840537466942,3.2060643803184927,0.3068365329787065,0.5784179125252282,7.1563269665288685,0.0451034230687975,0.12201661764817666,0.8744142129457075,0.011778820465041964,10.551387118644067,0.39840103584538056,1.0687936191425722,-0.3267225436588637,0.19298766822266533,0.010011869611483872,-0.10575761771524064,1.068997745722373,-0.9438950067008387,-0.4315772287083762,-0.06221774769026289,-0.06997073503452111,Broadcasting,Communication Services,TGNA
2008Q2,2008,Q2,2008-08-01,2008-06-29,-2290756000.0,1717989000.0,4619571000.0,-10.03,729451000.0,0.4245958501,13376096000.0,6644170000.0,1709624000.0,925053000.0,6713056000.0,118827000.0,10737655000.0,2588373712.025,6335597712.025,29.09961677433483,1.8481362689489143,0.32330703966239477,0.6508843091010615,0.3978498883305553,29.09961677433483,-0.3447768494785654,1.506629967959632,-0.28248029384458667,0.38957066300606397,-0.04000818943615121,8.319136223248925,0.03540794730460267,0.12843725104843745,1.6016639046627599,-0.1712574431283986,15.221519415367517,0.424595850148051,-12.94047619047619,-9.291631562506277,0.1826096058701588,0.038348991222079014,0.05661030550328882,-12.94483204538581,13.099920337208628,-8.323265847773623,-0.03954702557454663,-0.0644421803060864,Broadcasting,Communication Services,TGNA
2008Q1,2008,Q1,2008-04-30,2008-03-30,191778000.0,1676869000.0,327631000.0,0.84,690369000.0,0.4117012122,15798160000.0,9058590000.0,1313946000.0,947317000.0,6720575000.0,108209000.0,13119769000.0,3483464294.119,7297660294.1189995,39.519367940703,1.3870182842702072,0.251945922816328,0.4393931064326788,0.016532478617725936,39.519367940703,0.021170844469172355,2.07736221143035,4.541011344000616,0.38454817958633736,0.4817758032725339,9.116616917261965,0.026523596109765003,0.10614331036019385,1.1443793365895472,0.012139261787448665,11.251354291672587,0.4117012121996411,-0.21495327102803746,-0.10036732094316862,0.26607759102902157,0.5008713409379172,-0.16708109379807085,-0.218234589138818,-0.1208242432048774,-0.206229728838505,0.02916662802477274,0.26362966063173915,Broadcasting,Communication Services,TGNA
2007Q4,2007,Q4,2008-02-28,2007-12-30,245314000.0,1856485000.0,372657000.0,1.07,828855000.0,0.44646469,15887727000.0,9017159000.0,1343255000.0,962163000.0,6850289000.0,97086000.0,13019143000.0,4676595720.576,8697684720.576,39.33861939891545,1.3960784191451967,0.2579562199174243,0.4545043510932878,0.019012438380157804,39.33861939891545,0.02720524280430233,2.5190592547615522,4.765928280261217,0.5186329442095897,0.378849148438328,10.584739303298107,0.01987278900143057,0.11685025806397605,1.1707288681855361,0.015440471755336683,11.524840113400233,0.44646468999210875,0.05940594059405946,-0.1714727335699221,0.28559898555626834,0.5289748244178725,0.05356450557063231,0.048242915256554886,-0.07494160313965352,-0.2864552228751258,0.04051734872404983,0.21482773151667148,Broadcasting,Communication Services,TGNA
2007Q3,2007,Q3,2007-11-08,2007-09-30,234024000.0,1812756000.0,402847000.0,1.01,786715000.0,0.4339883581,16058029000.0,8977260000.0,1480908000.0,959086000.0,7060033000.0,116304000.0,12866462000.0,5357668999.809911,9685447999.80991,38.74402876623488,1.5440825953042794,0.2751549396255294,0.4921820243593257,0.02036249696035106,38.74402876623488,0.026068533160452077,2.9555378659951534,5.7234183244132115,0.5968044815244196,0.31066044508255564,8.822061150089421,0.013569707274297734,0.11288782701787374,1.3055242178490771,0.014573644125315753,29.929272501745203,0.43398835805811703,-0.1854838709677419,0.02020201915785736,0.3278223437747583,0.5941185110790197,-0.1016661166612808,-0.19270055366783378,-0.16637282046825014,-0.15126050510708178,0.12310317950268351,0.28116459428026275,Broadcasting,Communication Services,TGNA
2007Q2,2007,Q2,2007-08-08,2007-07-01,289885000.0,1928225000.0,483246000.0,1.24,875749000.0,0.4541736571,16141918000.0,8813921000.0,1584626000.0,1066680000.0,7306078000.0,117066000.0,12725444000.0,6766304346.562392,11205545346.562393,37.6022577051808,1.4855683053961826,0.2823433993407723,0.5170870036162112,0.024398745730703268,37.6022577051808,0.03288944840780851,3.5090844411634494,5.835335000571254,0.76768379777427,0.25125480794108007,8.990449831718859,0.010764369479922032,0.11945451587599441,1.300854051824352,0.017958522648919416,29.25729062936404,0.45417365711989005,0.3777777777777777,0.08483992605866983,0.3501935185421382,0.6007139659996273,0.09891018602754337,0.3764000930625656,0.2105269749976829,-0.055940827082886994,0.1881084344465014,0.19068972486330477,Broadcasting,Communication Services,TGNA
2007Q1,2007,Q1,2007-05-11,2007-04-01,210611000.0,1871195000.0,399203000.0,0.9,796925000.0,0.4258909414,16658682000.0,8512636000.0,1992999000.0,945451000.0,8123423000.0,124029000.0,12432409000.0,6910355197.9800005,12273409197.98,36.28806615938785,2.1079876164920233,0.32910616818305316,0.6440396370759891,0.019113442695676015,36.28806615938785,0.024740985048579547,3.6930171350286853,8.202747242522946,0.8117761875381493,0.3454852785467046,8.661442082093703,0.010529560046532733,0.11232551290672335,1.871199036227155,0.012642716872799421,19.32209819365843,0.4258909413503136,-0.39999999999999997,-0.018821144160247678,0.39264139234416695,0.6280878028026541,-0.21221488292826626,-0.4042846273296318,-0.31885338907136457,-0.10902570177814154,0.25583671210495695,0.14535537354786768,Broadcasting,Communication Services,TGNA
