Quarters,Year,Quarter,FillingDate,Date,NetIncome,Revenue,OperatingIncome,EPSDiluted,GrossProfit,GrossProfitRatio,TotalAssets,CommonStockEquity,CurrentAssets,CurrentLiability,TotalLiability,Inventory,RetainedEarnings,MarketCap,EnterpriseValue,bookValuePerShare,currentRatio,debtToAssets,debtToEquity,roic,shareholdersEquityPerShare,roe,priceToSalesRatio,peRatio,pbRatio,payoutRatio,inventoryTurnover,dividendYield,assetTurnover,quickRatio,returnOnAssets,priceToFreeCashFlowsRatio,grossProfitMargin,epsdilutedGrowth,fiveYNetIncomeGrowthPerShare,fiveYRevenueGrowthPerShare,fiveYShareholdersEquityGrowthPerShare,grossProfitGrowth,netIncomeGrowth,operatingIncomeGrowth,threeYNetIncomeGrowthPerShare,threeYRevenueGrowthPerShare,threeYShareholdersEquityGrowthPerShare,Industry,Sector,Symbol
2024Q1,2024,Q1,2023-06-23,2023-05-20,962000000.0,45165000000.0,1470000000.0,1.32,10085000000.0,0.2232923724,50193000000.0,10880000000.0,13204000000.0,17130000000.0,39313000000.0,7030000000.0,0.0,35591880000.0,53409880000.0,15.174337517433752,0.7708114419147694,0.40742733050425356,1.8795955882352942,0.02954924765953008,15.174337517433752,0.08841911764705883,0.7880411823314514,9.249449064449065,3.2713125,0.19542619542619544,4.990042674253201,0.005282103670837281,0.8998266690574382,0.3234676007005254,0.019166019166019167,19.42788209606987,0.22329237241226613,1.1290322580645162,-0.44437927582983283,0.40103862678272373,0.8342125309216133,0.33117740232312565,1.1377777777777778,0.7796610169491526,-0.13652871563306956,0.1825428482838884,0.2688661303171448,Grocery Stores,Consumer Defensive,KR
2023Q4,2023,Q4,2023-03-28,2023-01-28,450000000.0,34823000000.0,826000000.0,0.62,7576000000.0,0.2175573615,49537000000.0,10014000000.0,12584000000.0,16649000000.0,39523000000.0,7560000000.0,25601000000.0,32255799999.999996,51839800000.0,13.986033519553073,0.755841191663163,0.4120556351817833,2.0383463151587775,0.01596249482594168,13.986033519553073,0.04493708807669263,0.9262786089653389,17.919888888888888,3.221070501298182,0.4177777777777778,3.604100529100529,0.005828409154322634,0.7029694975472879,0.2576130698540453,0.009084118941397339,206.76794871794868,0.21755736151394192,0.12727272727272718,8.970002428953121,0.3714040959941122,0.7723069268079564,0.03667214012041598,0.1306532663316583,-0.0178359096313912,0.5318281994772179,0.3415870094378274,0.30022964132553354,Grocery Stores,Consumer Defensive,KR
2023Q3,2023,Q3,2022-12-09,2022-11-05,398000000.0,34198000000.0,841000000.0,0.55,7308000000.0,0.2136967074,49987000000.0,9929000000.0,13403000000.0,17738000000.0,40058000000.0,8666000000.0,25338000000.0,33222400000.0,52560400000.0,13.86731843575419,0.7556094260908783,0.40518534819052954,2.0398831705106253,0.017188801199659782,13.86731843575419,0.04008460066471951,0.971472015907363,20.86834170854271,3.3459965756873804,0.46984924623115576,3.1029309946918993,0.005628732421498747,0.6841378758477205,0.23362273086029992,0.007962070138235942,415.28,0.21369670740979005,-0.44999999999999996,0.2419472862108272,0.5267360784655585,0.980407575674443,0.008556444935136628,-0.45554035567715456,-0.11844863731656184,2.1175137711450565,0.36932798332689604,0.27424259686925523,Grocery Stores,Consumer Defensive,KR
2023Q2,2023,Q2,2022-09-16,2022-08-13,731000000.0,34638000000.0,954000000.0,1.0,7246000000.0,0.2091922166,48741000000.0,9639000000.0,11909000000.0,16566000000.0,39102000000.0,7315000000.0,25128000000.0,33802360000.0,53082360000.0,13.462290502793296,0.7188820475673066,0.4181695082169016,2.1145347027699968,0.0199890278004942,13.462290502793296,0.07583774250440917,0.9758750505225475,11.5603146374829,3.506832658989522,0.20930232558139536,3.7446343130553656,0.004526311180639458,0.7106542746353173,0.24495955571652783,0.014997640590057652,52.8161875,0.20919221664068363,0.11111111111111108,1.5943113298621552,0.5724265025163655,0.9654418263355448,-0.24896351575456052,0.10090361445783133,-0.3661129568106312,1.7500329176306826,0.3739589597292542,0.24463566418983437,Grocery Stores,Consumer Defensive,KR
2023Q1,2023,Q1,2022-06-24,2022-05-21,664000000.0,44600000000.0,1505000000.0,0.9,9648000000.0,0.21632287,49091000000.0,9393000000.0,12276000000.0,16238000000.0,39698000000.0,7358000000.0,24583000000.0,35132520000.0,54501520000.0,13.009695290858726,0.7560044340436014,0.4227047727689393,2.2091983391887577,0.03313282563141877,13.009695290858726,0.07069094006174811,0.78772466367713,13.227605421686746,3.7402874480996484,0.2319277108433735,4.750203859744496,0.004383403183147693,0.9085168360799332,0.26967606848134007,0.013525900877961338,98.41042016806723,0.21632286995515695,0.16883116883116883,1.7741788029218435,0.556025570115319,0.9382007328190506,0.31623465211459756,0.16695957820738136,0.5595854922279793,-0.04935914916825739,0.32331311487222514,0.21679991117033087,Grocery Stores,Consumer Defensive,KR
2022Q4,2022,Q4,2022-03-29,2022-01-29,569000000.0,33048000000.0,965000000.0,0.77,7330000000.0,0.221798596,49086000000.0,9429000000.0,12174000000.0,16323000000.0,39657000000.0,6783000000.0,24066000000.0,31863510000.0,50482510000.0,12.863574351978173,0.7458187833118912,0.4164120115715275,2.167780252412769,0.020786332357586926,12.863574351978173,0.060345741860218474,0.9641584967320261,13.999784710017575,3.379309576837416,0.2741652021089631,3.7915376676986585,0.004895882468692244,0.6732673267326733,0.2898364271273663,0.011591899930733814,40.1809709962169,0.2217985959816025,0.203125,0.4251923709483469,0.5169622918046334,0.7809628275689602,0.06216490363715404,0.1731958762886598,0.21997471554993678,1.3917259688064598,0.28078696487439014,0.31016366724678784,Grocery Stores,Consumer Defensive,KR
2022Q3,2022,Q3,2021-12-10,2021-11-06,485000000.0,31860000000.0,791000000.0,0.64,6901000000.0,0.216603892,49829000000.0,9491000000.0,13380000000.0,16798000000.0,40338000000.0,7520000000.0,23658000000.0,31401440000.0,49819440000.0,12.7911051212938,0.7965233956423384,0.41554115073551545,2.1816457696765355,0.018359005840464265,12.7911051212938,0.051101043093456956,0.9856070307595731,16.186309278350514,3.3085491518280477,0.32783505154639175,3.3190159574468083,0.00506346205779098,0.6393867025226274,0.31801404929158233,0.009733287844427944,32.075015321756894,0.21660389202762084,0.04918032786885251,0.5714078904736628,0.5198149289221463,0.8135201831095281,0.01965130023640662,0.03854389721627409,-0.057210965435041714,0.6433758194665284,0.236686553067937,0.33962033924719554,Grocery Stores,Consumer Defensive,KR
2022Q2,2022,Q2,2021-09-17,2021-08-14,467000000.0,31682000000.0,839000000.0,0.61,6768000000.0,0.2136228773,48461000000.0,9258000000.0,12332000000.0,15603000000.0,39203000000.0,6541000000.0,23334000000.0,31936260000.0,50918260000.0,12.410187667560322,0.7903608280458886,0.4376096242339201,2.290667530784187,0.017627459865253242,12.410187667560322,0.050442860228991145,1.0080253771857837,17.09649892933619,3.4495852235904083,0.291220556745182,3.808897722060847,0.0042584823645599075,0.6537628195868843,0.335896942895597,0.009636615010008048,86.7833152173913,0.21362287734360205,2.388888888888889,0.5413134629249818,0.5075635713705419,0.7728839525086174,-0.2762271414821944,2.335714285714286,0.0422360248447205,-0.017861666420383858,0.21453685506982742,0.3479040025954724,Grocery Stores,Consumer Defensive,KR
2022Q1,2022,Q1,2021-06-25,2021-05-22,140000000.0,41298000000.0,805000000.0,0.18,9351000000.0,0.2264274299,48811000000.0,9229000000.0,12545000000.0,15210000000.0,39582000000.0,6767000000.0,0.0,27515680000.000004,46359680000.0,12.272606382978724,0.8247863247863247,0.4333654299235828,2.2920143027413586,0.017190146177841217,12.272606382978724,0.015169574168382273,0.6662714901448012,49.13514285714287,2.9814367753819484,0.9857142857142858,4.7209989655681985,0.005015322172666639,0.8460797770994243,0.3455621301775148,0.00286820593718629,19.16133704735376,0.226427429899753,2.8018018018018016,-0.7388141426783479,0.5140257121916788,0.8157671354469143,0.327135963667329,2.8421052631578947,6.094936708860759,-0.9229038457499318,0.221457693856624,0.4834630104191253,Grocery Stores,Consumer Defensive,KR
2021Q4,2021,Q4,2021-03-30,2021-01-30,-76000000.0,30737000000.0,-158000000.0,-0.0999,7046000000.0,0.2292351238,48662000000.0,9550000000.0,12503000000.0,15370000000.0,39087000000.0,7063000000.0,23018000000.0,26254500000.0,45154500000.0,12.54927726675427,0.8134677944046844,0.42306111544942665,2.1557068062827227,-0.0029257762151546824,12.54927726675427,-0.007958115183246073,0.8541659888733448,-86.36348684210527,2.7491623036649218,-1.8289473684210527,3.3542404077587427,0.005294330495724543,0.6316427602646829,0.2969420949902407,-0.0015617935966462538,391.85820895522386,0.2292351237921723,-1.124875,-1.1725815058333469,0.4911907727996268,0.7856240741912836,0.03283494576370566,-1.120443740095087,-1.1994949494949494,-0.2664495610276332,0.13890920236560536,0.5902415073729163,Grocery Stores,Consumer Defensive,KR
2021Q3,2021,Q3,2020-12-15,2020-11-07,631000000.0,29723000000.0,792000000.0,0.8,6822000000.0,0.2295192275,48465000000.0,10044000000.0,12946000000.0,15517000000.0,38421000000.0,7478000000.0,23234000000.0,25607240000.0,44098240000.0,13.010362694300518,0.8343107559450925,0.4265139791602187,2.0580446037435283,0.015849909202728135,13.010362694300518,0.06282357626443648,0.8615294553039734,10.145499207606973,2.5495061728395063,0.22345483359746435,3.0624498529018456,0.0055062552621836635,0.6132879397503352,0.3152671263775214,0.013019704941710513,-143.05720670391062,0.22951922753423276,-0.2233009708737864,0.8428738317757011,0.48170488534396805,1.010408326661329,-0.01671951571057942,-0.22954822954822954,-0.03414634146341464,0.8261866851124366,0.2306983662016854,0.8580247480026661,Grocery Stores,Consumer Defensive,KR
2021Q2,2021,Q2,2020-09-22,2020-08-15,819000000.0,30489000000.0,820000000.0,1.03,6938000000.0,0.2275574797,47543000000.0,9820000000.0,12286000000.0,14578000000.0,37750000000.0,6344000000.0,22744000000.0,27498030000.0,45304030000.0,12.638352638352638,0.8427767869392235,0.4338388406284837,2.10040733197556,0.016859317719157968,12.638352638352638,0.08340122199592669,0.9019000295188428,8.393782051282052,2.800206720977597,0.15384615384615385,3.712326607818411,0.004582146430126085,0.641293145152809,0.37069556866511183,0.017226510737648023,53.394233009708735,0.22755747974679394,-0.3223684210526316,1.3442356906560138,0.47960081038901664,1.0691488593562717,-0.31272907379891035,-0.32425742574257427,-0.3815987933634992,1.6784319730495365,0.2754185552315784,0.8451501166344916,Grocery Stores,Consumer Defensive,KR
2021Q1,2021,Q1,2020-06-26,2020-05-23,1212000000.0,41549000000.0,1326000000.0,1.52,10095000000.0,0.2429661364,46942000000.0,9328000000.0,12175000000.0,14671000000.0,37614000000.0,6297000000.0,22062000000.0,25248599999.999996,43165600000.0,11.95897435897436,0.8298684479585577,0.4397554428869669,2.2130145797598626,0.027298570084364027,11.95897435897436,0.12993138936535162,0.6076824953669161,5.208044554455445,2.706753859348199,0.10561056105610561,4.995077020803557,0.005069588016761326,0.8851135443739082,0.47740440324449596,0.025819095905585617,7.118297152523258,0.24296613636910636,2.8000000000000003,1.4299241953523052,0.5601154082773399,1.091092337335112,0.5808017538365173,2.706422018348624,1.4692737430167597,3.687179487179487,0.3417915151772118,0.7816630096336697,Grocery Stores,Consumer Defensive,KR
2020Q4,2020,Q4,2020-04-01,2020-02-01,327000000.0,28893000000.0,537000000.0,0.4,6386000000.0,0.221022393,45256000000.0,8573000000.0,10890000000.0,14140000000.0,36591000000.0,7084000000.0,20978000000.0,21407420000.0,42211420000.0,10.756587202007529,0.7701555869872702,0.4685124624359201,2.4732299078502273,0.011910582502805507,10.756587202007529,0.038143007115362185,0.7409206382168692,16.366529051987765,2.4970745363350053,0.39755351681957185,3.177159796725014,0.006072660787708187,0.6384346826940074,0.23224893917963224,0.007225561251546757,-143.67395973154362,0.22102239296715467,1.2222222222222223,-0.2301148612315487,0.39791066979213885,0.9212426976022265,0.03400259067357513,1.2867132867132867,1.1225296442687747,-0.24672313666367454,0.21974176367709727,0.4892502996520111,Grocery Stores,Consumer Defensive,KR
2020Q3,2020,Q3,2019-12-17,2019-11-09,143000000.0,27974000000.0,253000000.0,0.18,6176000000.0,0.2207764353,45393000000.0,8728000000.0,11025000000.0,14118000000.0,36665000000.0,7412000000.0,20781000000.0,21670040000.0,41891040000.0,10.88279301745636,0.7809179770505738,0.457471416297667,2.379239230064161,0.00445074471456381,10.88279301745636,0.01638405132905591,0.7746493172231358,37.88468531468531,2.4828185151237396,0.9090909090909091,2.9409066378845115,0.005999065991571774,0.6162624193157535,0.19053690324408556,0.003150265459432071,-1970.0036363636364,0.22077643526131407,-0.5135135135135135,-0.521238340612557,0.35685159774354486,0.9794301670972271,0.0024346696964778446,-0.5185185185185185,-0.5474060822898033,-0.571340191720188,0.23460787350823153,0.5429600959892877,Grocery Stores,Consumer Defensive,KR
2020Q2,2020,Q2,2019-09-24,2019-08-17,297000000.0,28168000000.0,559000000.0,0.37,6161000000.0,0.218723374,44462000000.0,8653000000.0,10140000000.0,13377000000.0,35809000000.0,6526000000.0,20647000000.0,18128000000.0,38120000000.0,10.81625,0.7580174927113703,0.46378930322522605,2.3831041257367387,0.011594861728637754,10.81625,0.03432335606148157,0.643567168418063,15.259259259259258,2.09499595516006,0.38047138047138046,3.372203493717438,0.006233451015004413,0.6335297557464802,0.21118337444868057,0.006679861454725384,55.10030395136778,0.2187233740414655,-0.6105263157894737,0.0377881844380404,0.34941525088897674,1.0891601951413779,-0.25483792936623123,-0.6152849740932642,-0.3795782463928968,-0.0859301566579634,0.24987878787878787,0.5451785714285714,Grocery Stores,Consumer Defensive,KR
2020Q1,2020,Q1,2019-06-28,2019-05-25,772000000.0,37251000000.0,901000000.0,0.95,8268000000.0,0.2219537731,44319000000.0,8532000000.0,10162000000.0,13575000000.0,35787000000.0,6707000000.0,20481000000.0,18928560000.0,39090560000.0,10.691729323308271,0.7485819521178637,0.46415758478305014,2.411040787623066,0.019199259804263135,10.691729323308271,0.09048288795124239,0.5081356205202545,6.1297150259067354,2.2185372714486635,0.14637305699481865,4.321306098106456,0.005969814925171276,0.8405198673255263,0.17517495395948435,0.01741916559489158,13.846788588149233,0.2219537730530724,1.9687499999999996,0.9348370927318295,0.4190653205326048,1.2459355937012344,0.33613445378151263,1.9806949806949807,1.3161953727506426,0.35723131357806276,0.2869364921956957,0.5818718632810316,Grocery Stores,Consumer Defensive,KR
2019Q4,2019,Q4,2019-04-02,2019-02-02,259000000.0,28091000000.0,389000000.0,0.32,6188000000.0,0.2202840768,38118000000.0,7835000000.0,10803000000.0,14274000000.0,30283000000.0,6846000000.0,19681000000.0,22399860000.0,37199860000.0,9.81829573934837,0.7568306010928961,0.3995225352851671,1.9437141033822591,0.013354555312278766,9.81829573934837,0.03305679642629228,0.7974034388238226,21.621486486486486,2.8589483088704535,0.4362934362934363,3.1993865030674846,0.005044674386357771,0.736948423317068,0.22411377329410118,0.006794690172621859,-80.28623655913978,0.22028407675056066,-0.1794871794871795,-0.21397688534131531,0.5492288770328196,0.8599255320878655,0.035995312238406164,-0.1829652996845426,-0.3987635239567233,-0.43913002542133506,0.2996328964969273,0.3970354520858042,Grocery Stores,Consumer Defensive,KR
2019Q3,2019,Q3,2018-12-18,2018-11-10,317000000.0,27672000000.0,647000000.0,0.39,5973000000.0,0.2158499566,38141000000.0,7610000000.0,10753000000.0,14796000000.0,30531000000.0,7083000000.0,19535000000.0,25017830000.0,39606830000.0,9.548306148055207,0.7267504731008381,0.39374950840303086,1.9734559789750328,0.02207170746381598,9.548306148055207,0.041655716162943494,0.9040846342873663,19.730149842271295,3.2874940867279894,0.35646687697160884,3.063532401524778,0.004516778633478603,0.7255184709367872,0.1600432549337659,0.008311266091607457,-84.23511784511784,0.21584995663486556,-0.3709677419354838,0.37014641024242245,0.5915356820386195,0.9708928522037803,0.005724869506650952,-0.37598425196850394,0.1871559633027523,-0.10322295055054587,0.33619117553237415,0.47543882031597684,Grocery Stores,Consumer Defensive,KR
2019Q2,2019,Q2,2018-09-25,2018-08-18,508000000.0,27869000000.0,545000000.0,0.62,5939000000.0,0.2131041659,36957000000.0,7338000000.0,9746000000.0,13349000000.0,29619000000.0,6241000000.0,19331000000.0,24985950000.0,39156950000.0,9.20702634880803,0.7300921417334632,0.393213734881078,1.9803761242845461,0.019880431268730396,9.20702634880803,0.06922867266285092,0.8965499300297822,12.296235236220472,3.4050081766148814,0.19881889763779528,3.5138599583400096,0.004042271756727281,0.7540925940958411,0.16555547232002396,0.013745704467353952,153.28803680981596,0.2131041659191216,-0.7383966244725738,1.0710155195547975,0.5876046458712811,0.9561132713020362,-0.28471636757798385,-0.7492596248766041,-0.7954971857410882,0.41756761064152237,0.3185161788870841,0.5073727259269183,Grocery Stores,Consumer Defensive,KR
2019Q1,2019,Q1,2018-06-29,2018-05-26,2026000000.0,37722000000.0,2665000000.0,2.37,8303000000.0,0.2201102805,36561000000.0,6941000000.0,10286000000.0,13476000000.0,29620000000.0,6387000000.0,18924000000.0,20647790000.0,34257790000.0,8.272943980929679,0.7632828732561591,0.39115450890292935,2.0603659415069875,0.09611854768032015,8.272943980929679,0.2918887768333093,0.5473673188060018,2.547851678183613,2.974757239590837,0.054294175715695954,4.60607483951777,0.005327446666204955,1.0317551489291867,0.22002077767883646,0.055414239216651624,12.824714285714286,0.22011028047293357,31.34571062740077,4.160900884381218,0.540806285634523,0.8504322046117732,0.22264762185245177,30.36231884057971,3.8454545454545452,2.7762626097304084,0.316811173716468,0.44656968452672136,Grocery Stores,Consumer Defensive,KR
2018Q4,2018,Q4,2018-04-03,2018-02-03,-69000000.0,31031000000.0,550000000.0,-0.0781,6791000000.0,0.2188456705,37197000000.0,6905000000.0,11117000000.0,14229000000.0,30323000000.0,6533000000.0,17007000000.0,25672500000.0,40914500000.0,7.8914285714285715,0.7812917281607984,0.41909293760249483,2.257639391745112,0.01622227465785748,7.8914285714285715,-0.00999275887038378,0.8273178434468758,-93.01630434782608,3.717958001448226,-1.5942028985507246,3.7103933874177253,0.0042847404810595,0.834233943597602,0.22102747909199522,-0.0018549883055085088,-82.02076677316293,0.21884567045857367,-1.1775,-1.1753974025974026,0.5108957877280265,0.9258174218675788,0.09232748914267332,-1.1738035264483626,-0.25675675675675674,-1.1479713182570326,0.36751727694687986,0.40949440856827835,Grocery Stores,Consumer Defensive,KR
2018Q3,2018,Q3,2017-12-08,2017-11-04,397000000.0,27749000000.0,740000000.0,0.44,6217000000.0,0.2240441097,37028000000.0,6211000000.0,10925000000.0,12890000000.0,30817000000.0,6917000000.0,16263000000.0,19070500000.0,33565500000.0,7.002254791431793,0.84755624515128,0.40096683590796156,2.390436322653357,0.022632225471246555,7.002254791431793,0.06391885364675576,0.6872499909906663,12.00913098236776,3.0704395427467395,0.28211586901763225,3.1129102211941593,0.005872945124668991,0.749405855028627,0.16726144297905354,0.010721616074322135,-21.524266365688487,0.22404410969764676,0.12820512820512817,0.4633055811422616,0.4889256564947023,0.9287046179179606,0.03824315297261189,0.12464589235127478,0.09144542772861357,0.20177891832298314,0.21695877121040932,0.27361370832180065,Grocery Stores,Consumer Defensive,KR
2018Q2,2018,Q2,2017-09-15,2017-08-12,353000000.0,27597000000.0,678000000.0,0.39,5988000000.0,0.2169801065,36600000000.0,6144000000.0,10147000000.0,11618000000.0,30456000000.0,6363000000.0,15978000000.0,21070530000.0,34299530000.0,6.849498327759197,0.8733861249784817,0.38382513661202183,2.2864583333333335,0.021825475435816165,6.849498327759197,0.057454427083333336,0.7635079899989129,14.9224716713881,3.4294482421874997,0.311614730878187,3.396039603960396,0.00522056160903404,0.754016393442623,0.2731967636426235,0.009644808743169399,67.75090032154341,0.21698010653331884,0.21875000000000003,0.5182795698924731,0.5263123934184449,0.9436887061056628,-0.2518740629685157,0.16501650165016502,0.09003215434083602,0.10008064023851516,0.17909560248900255,0.3229815567356473,Grocery Stores,Consumer Defensive,KR
2018Q1,2018,Q1,2017-06-27,2017-05-20,303000000.0,36285000000.0,622000000.0,0.32,8004000000.0,0.2205870194,35799000000.0,6135000000.0,9538000000.0,12515000000.0,29664000000.0,6359000000.0,15735000000.0,26716220000.0,39804220000.0,6.712253829321663,0.7621254494606472,0.37554121623509035,2.191361043194784,0.021202951339172733,6.712253829321663,0.04938875305623472,0.7362882733912085,22.04308580858086,4.354722086389568,0.36633663366336633,4.447397389526655,0.004154779381214857,1.0135757982066538,0.16556132640831003,0.00846392357328417,17.906313672922252,0.22058701942951633,-0.39622641509433965,-0.16057780015252496,0.5203454504910031,0.8344703751073097,0.30613577023498695,-0.40118577075098816,-0.27505827505827507,-0.33698030634573306,0.20683604793331434,0.4099954584864375,Grocery Stores,Consumer Defensive,KR
2017Q4,2017,Q4,2017-03-28,2017-01-28,506000000.0,27611000000.0,858000000.0,0.53,6128000000.0,0.2219405309,36505000000.0,6710000000.0,10340000000.0,12860000000.0,29795000000.0,6561000000.0,15543000000.0,30991440000.0,44746440000.0,7.222820236813778,0.8040435458786936,0.3856184084372004,2.0979135618479883,0.028306626067521712,7.222820236813778,0.07540983606557378,1.1224309152149505,15.31197628458498,4.618694485842027,0.22332015810276679,3.2743484224965704,0.0036461681031923652,0.7563621421723051,0.2240279937791602,0.013861114915764963,218.24957746478873,0.22194053094781066,0.29268292682926844,3.0113693127053476,0.5689508700869257,1.0501850961063977,0.037940379403794036,0.29411764705882354,0.20336605890603085,0.31908641509241464,0.30802997677029287,0.36825250825276756,Grocery Stores,Consumer Defensive,KR
2017Q3,2017,Q3,2016-12-13,2016-11-05,391000000.0,26557000000.0,713000000.0,0.41,5904000000.0,0.2223142674,36507000000.0,6630000000.0,10403000000.0,14124000000.0,29877000000.0,6976000000.0,15150000000.0,29064800000.0,42526800000.0,7.053191489361702,0.73654772019258,0.3789958090229271,2.086877828054299,0.02265374665041378,7.053191489361702,0.05897435897435897,1.0944308468577022,18.583631713554986,4.383831070889895,0.2915601023017903,2.960579128440367,0.00392227023753819,0.7274495302270797,0.15831209289153214,0.010710274741830334,-52.36900900900901,0.22231426742478444,0.024999999999999883,1.473249023013461,0.5987680671296535,0.6778504514599157,0.006134969325153374,0.020887728459530026,0.07218045112781955,0.43289689034369894,0.2950463502163641,0.4558691851788684,Grocery Stores,Consumer Defensive,KR
2017Q2,2017,Q2,2016-09-20,2016-08-13,383000000.0,26565000000.0,665000000.0,0.4,5868000000.0,0.2208921513,34662000000.0,6601000000.0,9244000000.0,13521000000.0,28061000000.0,6120000000.0,14874000000.0,30722940000.0,42823940000.0,7.0,0.6836772428074847,0.35831746581270557,1.8815331010452963,0.024071755031755238,7.0,0.058021511892137556,1.1565194805194805,20.054138381201042,4.654285714285714,0.26109660574412535,3.381862745098039,0.0032548968295351946,0.7664012463216202,0.14451593817025368,0.011049564364433674,1280.1225,0.22089215132693393,-0.4285714285714285,0.7240441839665187,0.6067541137325017,0.6026411255494347,-0.2604914933837429,-0.43676470588235294,-0.44583333333333336,0.3196690875151791,0.2790202617709859,0.4872112211221122,Grocery Stores,Consumer Defensive,KR
2017Q1,2017,Q1,2016-06-28,2016-05-21,680000000.0,34604000000.0,1200000000.0,0.7,7935000000.0,0.2293087504,33801000000.0,6448000000.0,9216000000.0,13145000000.0,27353000000.0,6066000000.0,14589000000.0,33027479999.999996,45022480000.0,6.758909853249476,0.701103081019399,0.3664388627555398,1.9209057071960298,0.042374754401715724,6.758909853249476,0.1054590570719603,0.9544411050745577,12.142455882352941,5.122127791563275,0.15,4.3964721397955815,0.0030883373481718863,1.023756693588947,0.15945226321795358,0.02011774799562143,34.33209979209979,0.2293087504334759,0.2280701754385965,1.006696948520848,0.6064476573867248,0.5795292578152285,0.3287006028131279,0.21645796064400716,0.29310344827586204,0.5233811460226554,0.24306323015250503,0.5117840141732943,Grocery Stores,Consumer Defensive,KR
2016Q4,2016,Q4,2016-03-29,2016-01-30,559000000.0,26165000000.0,928000000.0,0.57,5972000000.0,0.2282438372,33897000000.0,6789000000.0,9892000000.0,12985000000.0,27108000000.0,6168000000.0,14011000000.0,37490460000.0,49291460000.0,7.027950310559007,0.7618020793222949,0.3563442192524412,1.7792016497275003,0.034096747048594625,7.027950310559007,0.08233907792016497,1.4328476973055608,16.76675313059034,5.522235969951392,0.18246869409660108,3.2738326848249026,0.0027206921440814545,0.7718972180428947,0.22595302271852138,0.016491134908693986,149.96184,0.22824383718708197,0.3255813953488371,1.62693447726291,0.7190923713646813,0.6747117243061682,0.06700017866714311,0.3060747663551402,0.20207253886010362,0.2871133697220654,0.1539590693873627,0.7150949318729067,Grocery Stores,Consumer Defensive,KR
2016Q3,2016,Q3,2015-12-17,2015-11-07,428000000.0,25075000000.0,772000000.0,0.43,5597000000.0,0.2232103689,31907000000.0,6245000000.0,9277000000.0,12929000000.0,25662000000.0,6324000000.0,13554000000.0,36255050000.0,47241050000.0,6.471502590673575,0.7175342253847938,0.35359012128999906,1.8065652522017615,0.028282379366571273,6.471502590673575,0.06853482786228983,1.445864406779661,21.177015186915888,5.805452361889512,0.2383177570093458,3.080012650221379,0.0028134011675614847,0.7858777070862193,0.13929924974862712,0.013413984392139656,207.17171428571427,0.22321036889332005,-0.02272727272727275,1.7801446673164727,0.7625498545409024,0.557658172130723,0.02246985750822068,-0.011547344110854504,-0.002583979328165375,0.4500554093591147,0.2366959108853975,0.7825139620416438,Grocery Stores,Consumer Defensive,KR
2016Q2,2016,Q2,2015-09-22,2015-08-15,433000000.0,25539000000.0,774000000.0,0.44,5474000000.0,0.2143388543,30781000000.0,5882000000.0,8526000000.0,11363000000.0,24899000000.0,5548000000.0,13228000000.0,36931050000.0,47934050000.0,6.107995846313603,0.750330018481035,0.36613495338033203,1.9160149608976538,0.029605346845318858,6.107995846313603,0.0736144168650119,1.4460648420063433,21.32277713625866,6.278655219313159,0.20785219399538107,3.616618601297765,0.002436973765977409,0.8297001396965661,0.1632491419519493,0.014067119326857476,201.80901639344262,0.21433885430126473,-0.30158730158730157,1.1867438745015975,0.8012847312170787,0.5062819693380545,-0.24921135646687698,-0.30048465266558966,-0.29764065335753176,0.7347268281244766,0.3156840236752658,0.7332718361731421,Grocery Stores,Consumer Defensive,KR
2016Q1,2016,Q1,2015-06-30,2015-05-23,619000000.0,33051000000.0,1102000000.0,0.63,7291000000.0,0.220598469,30468000000.0,5536000000.0,8583000000.0,11318000000.0,24932000000.0,5722000000.0,12895000000.0,36019280000.0,47075280000.0,5.7190082644628095,0.758349531719385,0.37111067349350135,2.0424494219653178,0.042795525229860534,5.7190082644628095,0.1118135838150289,1.0898090829324378,14.547366720516964,6.506372832369943,0.1470113085621971,4.501922404753583,0.0025264247369741985,1.084777471445451,0.15214702244212758,0.020316397531836682,41.117899543378996,0.22059846903270702,0.2115384615384615,1.19298128342246,0.7702552752849867,0.4365000097918256,0.2881625441696113,0.19498069498069498,0.20833333333333334,0.6191955797360642,0.3075869995153959,0.5630146747908585,Grocery Stores,Consumer Defensive,KR
2015Q4,2015,Q4,2015-03-31,2015-01-31,518000000.0,25207000000.0,912000000.0,0.52,5660000000.0,0.2245408022,30556000000.0,5442000000.0,8911000000.0,11403000000.0,25114000000.0,5688000000.0,12367000000.0,33558300000.0,44946300000.0,5.598765432098766,0.7814610190300798,0.3814635423484749,2.141859610437339,0.03500200262623627,5.598765432098766,0.09518559353178978,1.3313087634387273,16.196090733590733,6.166538037486218,0.17567567567567569,3.436533052039381,0.0027116987451688557,0.824944364445608,0.22116986757870735,0.016952480691189948,-745.74,0.2245408021581307,0.4054054054054055,1.7064068425724197,0.8099380331857352,0.500496944240046,0.08366838981428298,0.430939226519337,0.4009216589861751,2.9679792355899832,0.36898225527322237,0.5891999342556156,Grocery Stores,Consumer Defensive,KR
2015Q3,2015,Q3,2014-12-16,2014-11-08,362000000.0,24987000000.0,651000000.0,0.37,5223000000.0,0.2090286949,30222000000.0,5344000000.0,8886000000.0,11680000000.0,24878000000.0,6130000000.0,11940000000.0,28090800000.0,39363800000.0,5.497942386831276,0.7607876712328767,0.3817086890344782,2.158682634730539,0.026213627578172576,5.497942386831276,0.06773952095808383,1.1242165926281666,19.399723756906074,5.256511976047904,0.22375690607734808,3.224143556280587,0.0028835063437139563,0.8267818145721659,0.1440068493150685,0.011978029250215076,-7022.7,0.20902869492135911,0.0571428571428572,1.55303004678956,0.8932959230320798,0.47388320111908233,0.009470429068419018,0.043227665706051875,0.010869565217391304,1.2144263878390864,0.45472920315997584,0.30787957901881363,Grocery Stores,Consumer Defensive,KR
2015Q2,2015,Q2,2014-09-23,2014-08-16,347000000.0,25310000000.0,644000000.0,0.35,5174000000.0,0.2044251284,29079000000.0,5022000000.0,8295000000.0,10840000000.0,24057000000.0,5495000000.0,11667000000.0,24332450000.0,35285450000.0,5.177319587628866,0.7652214022140221,0.3851576739227621,2.2301871764237355,0.026117877606109962,5.177319587628866,0.06909597769812824,0.9613769261161597,17.530583573487032,4.845171246515332,0.23631123919308358,3.66442220200182,0.003369985348783209,0.8703875649093847,0.1540590405904059,0.011933010075999862,68.93045325779036,0.20442512840774396,-0.28571428571428575,0.8169977764301597,0.9063274591536714,0.1567074328808576,-0.24970997679814386,-0.3073852295409182,-0.30752688172043013,0.5185148769123529,0.48823565078890907,0.18534075589238025,Grocery Stores,Consumer Defensive,KR
2015Q1,2015,Q1,2014-07-01,2014-05-24,501000000.0,32961000000.0,930000000.0,0.49,6896000000.0,0.2092169534,28913000000.0,4770000000.0,8368000000.0,10924000000.0,24143000000.0,5648000000.0,11398000000.0,23471850000.0,34523850000.0,4.7604790419161676,0.7660197729769316,0.39138103967073634,2.372327044025157,0.03758295331177297,4.7604790419161676,0.10503144654088051,0.712109766087194,11.7125,4.920723270440252,0.16766467065868262,4.614907932011332,0.003578754976706139,1.1400062255732715,0.1499450750640791,0.017327845605782866,22.354142857142858,0.2092169533691332,0.19512195121951226,0.48965517241379314,0.8707355134831046,0.10943730234190858,0.42922279792746115,0.1872037914691943,0.29526462395543174,0.4076388888888889,0.45687170504408325,0.11250424864118266,Grocery Stores,Consumer Defensive,KR
2014Q4,2014,Q4,2014-04-01,2014-02-01,422000000.0,23222000000.0,718000000.0,0.41,4825000000.0,0.2077771079,29281000000.0,5395000000.0,8830000000.0,10699000000.0,23919000000.0,5651000000.0,10981000000.0,18447100000.0,29356100000.0,5.278864970645793,0.8253107767081036,0.3870086404152864,2.100463392029657,0.02999805189665131,5.278864970645793,0.07822057460611677,0.7943803289983636,10.928376777251186,3.4192956441149214,0.2037914691943128,3.255529994691205,0.004661979389714372,0.7930740070352789,0.2313300308440041,0.014412076090297463,-227.74197530864197,0.20777710791490828,0.4642857142857141,0.5700267468136525,0.7469434888989169,0.35337206646966124,0.04800173761946134,0.411371237458194,0.3445692883895131,0.8744597277168479,0.44212971437862114,0.2579168415700511,Grocery Stores,Consumer Defensive,KR
2014Q3,2014,Q3,2013-12-13,2013-11-09,299000000.0,22470000000.0,534000000.0,0.28,4604000000.0,0.2048954161,25480000000.0,4990000000.0,8212000000.0,10193000000.0,20490000000.0,5628000000.0,10651000000.0,21609400000.0,29535400000.0,4.844660194174757,0.8056509369174923,0.32456828885400313,1.657314629258517,0.028454740509421535,4.844660194174757,0.05991983967935872,0.9617000445037828,18.068060200668896,4.330541082164329,0.2608695652173913,3.1744847192608385,0.003609540292650421,0.8818681318681318,0.16992053369959775,0.01173469387755102,-58.089784946236556,0.20489541611036938,-0.06666666666666654,0.5898652246937856,0.6087128227926438,0.19346535054827,-0.004970823427706938,-0.056782334384858045,-0.10252100840336134,0.8196376045371527,0.47976799304728096,0.1660853776877311,Grocery Stores,Consumer Defensive,KR
2014Q2,2014,Q2,2013-09-24,2013-08-17,317000000.0,22686000000.0,595000000.0,0.3,4627000000.0,0.2039583884,24472000000.0,4848000000.0,7518000000.0,9354000000.0,19624000000.0,4954000000.0,10430000000.0,19698750000.0,27151750000.0,4.706796116504854,0.8037203335471456,0.32249101013403075,1.6278877887788779,0.03013115916341723,4.706796116504854,0.06538778877887788,0.8683218725204972,15.535291798107256,4.063273514851485,0.24290220820189273,3.645337101332257,0.0039088774668443425,0.9270186335403726,0.19478298054308318,0.012953579601176855,39.08482142857143,0.20395838843339503,-0.3478260869565218,0.44661596158564365,0.5848826140940354,0.19110758866653457,-0.251294498381877,-0.340956340956341,-0.323094425483504,0.49678129400429866,0.4959789057486492,0.160734601337453,Grocery Stores,Consumer Defensive,KR
2014Q1,2014,Q1,2013-06-28,2013-05-25,481000000.0,29997000000.0,879000000.0,0.46,6180000000.0,0.2060206021,24227000000.0,4596000000.0,7434000000.0,10367000000.0,19649000000.0,5076000000.0,10190000000.0,17594220000.0,25292220000.0,4.470817120622568,0.7170830519918974,0.3279811780245181,1.7288946910356833,0.04522787434221017,4.470817120622568,0.1046562228024369,0.5865326532653266,9.14460498960499,3.8281592689295034,0.16216216216216217,4.692080378250591,0.00443327410933818,1.2381640318652742,0.14034918491366838,0.01985388203244314,17.611831831831832,0.20602060206020603,0.0454545454545455,0.5927955081550776,0.6566915343758786,0.18107231533937562,0.22352009503068698,0.04112554112554113,0.07195121951219512,0.6046177615014879,0.5129039572069374,0.12297946436960339,Grocery Stores,Consumer Defensive,KR
2013Q4,2013,Q4,2013-04-02,2013-02-02,462000000.0,24120000000.0,820000000.0,0.44,5051000000.0,0.2094112769,24634000000.0,4210800000.0,7959000000.0,11023300000.0,20440700000.0,5146000000.0,9787000000.0,14329882000.0,22966882000.0,4.097703386531724,0.7220160931844366,0.3618291791832427,2.116771159874608,0.04135906963303105,4.097703386531724,0.109717868338558,0.5941078772802654,7.754265151515152,3.403125771824832,0.16883116883116883,3.7055965798678585,0.005443171130090255,0.9791345295120565,0.13852476118766613,0.01875456685881302,-551.1493076923077,0.20941127694859038,0.46666666666666673,0.8818805307868163,0.8412748100214753,0.12741045555370187,0.1417269439421338,0.45741324921135645,0.37583892617449666,1.2832184644975155,0.6381815017875277,0.09820486042189215,Grocery Stores,Consumer Defensive,KR
2013Q3,2013,Q3,2012-12-11,2012-11-03,317000000.0,21776000000.0,596000000.0,0.3,4424000000.0,0.2031594416,24658000000.0,3762700000.0,8277000000.0,10547400000.0,20895700000.0,5550000000.0,9404000000.0,12918726000.0,21342726000.0,3.6305480509455808,0.7847431594516184,0.3592870468002271,2.3545060727668963,0.03045778275029626,3.6305480509455808,0.08424801339463683,0.5932552351212343,10.188269716088328,3.433365934036729,0.19242902208201892,3.1264864864864865,0.004721827833487606,0.8831210966015086,0.18099247207842692,0.012855868278043636,-51.46902788844621,0.20315944158706833,0.15384615384615377,0.632893389291217,0.7657996375382018,0.032296740843406856,-0.00539568345323741,0.13620071684587814,0.11401869158878504,1.4541907445689242,0.5474668395836025,-0.026726108305337386,Grocery Stores,Consumer Defensive,KR
2013Q2,2013,Q2,2012-09-18,2012-08-11,279000000.0,21697000000.0,535000000.0,0.26,4448000000.0,0.2050053003,23547000000.0,3793200000.0,7251000000.0,9341300000.0,19752000000.0,4837000000.0,9164000000.0,12109500000.0,19998500000.0,3.52396878483835,0.7762302891460503,0.34512252091561557,2.142412738584836,0.029399086849715216,3.52396878483835,0.07355267320468206,0.5581186339125225,10.850806451612904,3.1924232837709585,0.22580645161290322,3.5660533388463924,0.005202526941657377,0.9214337282881047,0.1516919486581097,0.011848643139253408,42.34090909090909,0.20500530027192698,-0.3333333333333333,0.3629702002931119,0.7535432667828673,-0.003494023381058736,-0.2549413735343384,-0.36446469248291574,-0.34275184275184273,0.31651911600760696,0.47266204067039874,-0.21268123057292646,Grocery Stores,Consumer Defensive,KR
2013Q1,2013,Q1,2012-06-26,2012-05-19,439000000.0,29026000000.0,814000000.0,0.39,5970000000.0,0.2056776683,23791000000.0,4067300000.0,7596000000.0,9353700000.0,19722600000.0,4977000000.0,8945000000.0,12121998000.0,19716998000.0,3.6589600575746672,0.8120850572500722,0.3406960615358749,1.9928453765397192,0.04381849363226009,3.6589600575746672,0.10793401027708799,0.41762550816509336,6.90318792710706,2.980355026676173,0.1480637813211845,4.632509543901949,0.005362152344852722,1.2200411920474128,0.20783219474646397,0.018452355932915807,15.908133858267716,0.20567766829738854,2.444444444444444,0.6547057573599369,0.778925889804279,-0.017784866673872576,0.3418745785569791,2.434640522875817,2.915294117647059,0.17660780980506519,0.48497241405979374,-0.14727346976860833,Grocery Stores,Consumer Defensive,KR
2012Q4,2012,Q4,2012-03-27,2012-01-28,-306000000.0,21406000000.0,-425000000.0,-0.27,4449000000.0,0.2078389237,23476000000.0,3981000000.0,7325000000.0,9105000000.0,19510000000.0,5114000000.0,8571000000.0,13729500000.0,21706500000.0,3.523008849557522,0.8045030203185063,0.34780201056398025,2.050992213011806,-0.020317322044161625,3.523008849557522,-0.07686510926902788,0.6413855928244417,-11.216911764705882,3.448756593820648,-0.21568627450980393,3.3157997653500195,0.004807167049054955,0.9118248423922304,0.21120263591433278,-0.013034588515931164,-56.03877551020408,0.2078389236662618,-2.588235294117647,-2.0058154235145387,0.6067980811173572,0.02333996645688739,0.05028328611898017,-2.561224489795918,-2.049382716049383,-2.029647285544032,0.45642192803453707,-0.0967865642652953,Grocery Stores,Consumer Defensive,KR
2012Q3,2012,Q3,2011-12-15,2011-11-05,196000000.0,20594000000.0,405000000.0,0.17,4236000000.0,0.205690978,23960000000.0,4899000000.0,7823000000.0,9488600000.0,19061300000.0,5507000000.0,8944000000.0,13291387000.0,20773387000.0,4.203706881757337,0.8244630398583563,0.3209557595993322,1.5697285160236782,0.020816327102764435,4.203706881757337,0.0400081649316187,0.6454009420219481,16.953299744897958,2.7130816493161864,0.3163265306122449,2.9704013074269113,0.004664674950778274,0.8595158597662771,0.11519086061168139,0.008180300500834724,-50.34616287878788,0.2056909779547441,-0.2608695652173913,0.1139163716619905,0.7119374558214818,0.2982170027374643,-0.02799449288664525,-0.302491103202847,-0.17008196721311475,-0.07889868131693072,0.3031018773374876,0.035568709910993146,Grocery Stores,Consumer Defensive,KR
2012Q2,2012,Q2,2011-09-16,2011-08-13,281000000.0,20913000000.0,488000000.0,0.23,4358000000.0,0.2083871276,23398000000.0,5209900000.0,7429000000.0,9015200000.0,18188000000.0,4764000000.0,8811000000.0,13556172000.0,20721172000.0,4.367790073775989,0.8240527109770166,0.3140225660312847,1.410295783028465,0.02812741181497123,4.367790073775989,0.05393577611854354,0.6482174723855975,12.060651245551602,2.602002341695618,0.2277580071174377,3.475020990764064,0.004721096781598817,0.8937943413967006,0.16660750732096902,0.012009573467817763,24.425535135135135,0.20838712762396597,-0.3428571428571428,0.6208815893767708,0.6654787358049737,0.34927650399352783,-0.2533835874593113,-0.34953703703703703,-0.39827373612823674,0.10731174047897485,0.26160994929452913,0.10531830438412786,Grocery Stores,Consumer Defensive,KR
2012Q1,2012,Q1,2011-06-23,2011-05-21,432000000.0,27461000000.0,811000000.0,0.35,5837000000.0,0.2125559885,23111000000.0,5204200000.0,7203000000.0,8320600000.0,17907100000.0,4835000000.0,8592000000.0,15184257000.0,22133257000.0,4.279065943101464,0.8656827632622648,0.31933278525377523,1.4181046078167634,0.040314272109074706,4.279065943101464,0.0830098766381,0.552938967990969,8.787185763888889,2.91769282502594,0.15046296296296297,4.472388831437435,0.004280749463078767,1.188222058759898,0.2062351272744754,0.01869239755960365,21.266466386554622,0.21255598849277157,0.5909090909090908,0.6761948982849183,0.6793497247202258,0.34208758076422974,0.3461715867158672,0.5539568345323741,0.45080500894454384,0.20916845385226904,0.2819417555363466,0.13041669666974728,Grocery Stores,Consumer Defensive,KR
2011Q4,2011,Q4,2011-03-29,2011-01-29,278000000.0,19884000000.0,559000000.0,0.22,4336000000.0,0.2180647757,23505000000.0,5296000000.0,7621000000.0,8070000000.0,18207000000.0,4966000000.0,8225000000.0,13433990000.0,21137990000.0,4.196513470681458,0.9443618339529121,0.3357583492873857,1.4901812688821752,0.02677572820529486,4.196513470681458,0.052492447129909366,0.6756180848923757,12.080926258992804,2.5366295317220544,0.24100719424460432,3.130890052356021,0.004987349253646906,0.84594767070836,0.20693928128872366,0.011827270793448202,39.9821130952381,0.21806477569905452,0.375,0.1412651313349294,0.5638201526217874,0.39660733044774704,0.05319407335438426,0.37623762376237624,0.3768472906403941,-0.07793909122578044,0.23597533306023705,0.15459629881182965,Grocery Stores,Consumer Defensive,KR
2011Q3,2011,Q3,2010-12-13,2010-11-06,202000000.0,18667000000.0,406000000.0,0.16,4117000000.0,0.220549633,23755000000.0,5260600000.0,7907000000.0,8341800000.0,18494300000.0,5256000000.0,8013000000.0,14630941000.0,22282941000.0,4.154635918496288,0.9478769570116762,0.3286508103557146,1.4840702581454588,0.021225337024393227,4.154635918496288,0.03839866174961031,0.783786414528312,18.107600247524754,2.7812304680074518,0.297029702970297,2.7682648401826486,0.004100898226573397,0.7858135129446432,0.19240451701071712,0.008503472953062512,-57.15211328125,0.2205496330422671,-0.23809523809523805,0.24866487084146224,0.5226243349809858,0.47340504775474523,-0.022090261282660333,-0.22900763358778625,-0.17813765182186234,-0.148322776190648,0.2389761262981251,0.18131396634115454,Grocery Stores,Consumer Defensive,KR
2011Q2,2011,Q2,2010-09-22,2010-08-14,262000000.0,18760000000.0,494000000.0,0.21,4210000000.0,0.2244136461,23276000000.0,5166900000.0,7546000000.0,7924200000.0,18108600000.0,4650000000.0,7877000000.0,14016200000.0,21678200000.0,4.0550149113169045,0.952272784634411,0.3358437875923698,1.5129187714103234,0.026011606121191546,4.0550149113169045,0.05070738740831059,0.747132196162047,13.374236641221374,2.7126903946273395,0.2366412213740458,3.129032258064516,0.004423452861688618,0.8059804090049837,0.23245248731733173,0.011256229592713525,39.37134831460674,0.2244136460554371,-0.27586206896551724,0.5148680724840554,0.5333544313076128,0.5033226012687062,-0.24592512985849901,-0.2994652406417112,-0.31673582295988933,0.08123360945576778,0.28081297806299776,0.14667491147813377,Grocery Stores,Consumer Defensive,KR
2011Q1,2011,Q1,2010-06-28,2010-05-22,374000000.0,24738000000.0,723000000.0,0.29,5583000000.0,0.2256851807,22881000000.0,5106300000.0,7182000000.0,7801100000.0,17774800000.0,4772000000.0,7676000000.0,13634038000.000002,21003038000.0,3.9812100421019805,0.9206393970081143,0.32888859752633187,1.473728531421969,0.036318150129648265,3.9812100421019805,0.07324285686309069,0.5511374403751315,9.113661764705883,2.670042496523902,0.16310160427807488,4.01404023470243,0.00447409637555653,1.0811590402517373,0.18330748227814025,0.016345439447576594,13.48569535113749,0.22568518069366966,0.44999999999999984,0.4421068598966171,0.5625060056199221,0.5619750138198273,0.3385279309518101,0.4666666666666667,0.4288537549407115,0.22175791847142828,0.31399148986293113,0.06872026225247083,Grocery Stores,Consumer Defensive,KR
2010Q4,2010,Q4,2010-03-30,2010-01-30,255000000.0,18555000000.0,506000000.0,0.2,4171000000.0,0.2247911614,23126000000.0,4832000000.0,7483000000.0,7714000000.0,18187000000.0,4935000000.0,7344000000.0,13875925000.0,21765925000.0,3.731274131274131,0.97005444646098,0.34835250367551673,1.6672185430463575,0.02549962564073029,3.731274131274131,0.05277317880794702,0.7478267313392617,13.603848039215686,2.8716732201986757,0.24313725490196078,2.914690982776089,0.004468170590429106,0.8023436824353541,0.17280269639616283,0.011026550203234455,867.2453125,0.22479116141201833,1.2985074626865671,1.4409361157827416,0.5275027805148287,0.5388870710904609,0.04275,1.2910958904109588,1.6701986754966887,-0.26861555432984,0.2153333542502532,0.08383546774771636,Grocery Stores,Consumer Defensive,KR
2010Q3,2010,Q3,2009-12-17,2009-11-07,-876000000.0,17662000000.0,-755000000.0,-0.67,4000000000.0,0.2264749179,23164000000.0,4852300000.0,7609000000.0,8164400000.0,18232200000.0,5324000000.0,7123000000.0,15134808000.0,23031808000.0,3.7302429274292743,0.9319729557591495,0.34771628388879294,1.659934464068586,-0.05937746901118819,3.7302429274292743,-0.18053294314036641,0.8569135998188201,-4.319294520547945,3.119099808338314,-0.06735159817351598,2.5661157024793386,0.00389829854465283,0.7624762562597134,0.1635147714467689,-0.03781730271110344,-43.6161613832853,0.22647491790284227,-4.3500000000000005,-7.93210848192398,0.5548871219224096,0.2660635437343537,-0.020088192062714356,-4.435294117647059,-2.5130260521042085,-5.460310649618124,0.3153809611434437,0.15199868329197289,Grocery Stores,Consumer Defensive,KR
2010Q2,2010,Q2,2009-09-23,2009-08-15,255000000.0,17728000000.0,499000000.0,0.2,4082000000.0,0.2302572202,23224000000.0,5797200000.0,6785000000.0,7706600000.0,17348000000.0,4714000000.0,8060000000.0,13625504000.0,21005504000.0,4.4759110562075355,0.8804141904341733,0.32463830520151565,1.3005243910853514,0.024456703420162058,4.4759110562075355,0.04398675222521217,0.768586642599278,13.35833725490196,2.350359483888774,0.22745098039215686,2.8947815019092067,0.004256723274236315,0.7633482604202549,0.14831443178574208,0.0109800206682742,44.9686600660066,0.2302572202166065,-0.3939393939393939,1.0436780659248883,0.5543388364862177,0.5454422339774906,-0.26090892630816587,-0.41379310344827586,-0.4087677725118483,0.354615200475218,0.30020937292494804,0.3826767129594921,Grocery Stores,Consumer Defensive,KR
2010Q1,2010,Q1,2009-07-01,2009-05-23,435000000.0,22789000000.0,844000000.0,0.33,5523000000.0,0.2423537672,23508000000.0,5561000000.0,7318000000.0,8170000000.0,17784000000.0,4890000000.0,7865000000.0,14469839999.999998,22205840000.0,4.290895061728395,0.8957160342717259,0.3366088140207589,1.4229455133968711,0.03964387169110379,4.290895061728395,0.07822334112569682,0.6349484400368598,8.315999999999999,2.602021219205179,0.135632183908046,3.530879345603272,0.004077446606182239,0.969414667347286,0.17539779681762546,0.018504338948443083,22.159019908116385,0.2423537671683707,0.2692307692307693,0.8913709336713137,0.5415346653959491,0.5360160583288602,0.3238255033557047,0.24641833810888253,0.28072837632776937,0.5839082546598886,0.3078262956922068,0.34579766923019156,Grocery Stores,Consumer Defensive,KR
2009Q4,2009,Q4,2009-03-31,2009-01-31,349000000.0,17260000000.0,659000000.0,0.26,4172000000.0,0.2417149479,23211000000.0,5176000000.0,7206000000.0,7629000000.0,17940000000.0,4859000000.0,7489000000.0,14928750000.0,22728750000.0,3.9005275056518465,0.9445536767597326,0.3473783981732799,1.5577666151468315,0.03193425285364543,3.9005275056518465,0.06742658423493045,0.864933371958285,10.69394699140401,2.8842252704791345,0.16905444126074498,2.693558345338547,0.003952105836054593,0.7436129421395028,0.1582120854633635,0.015035974322519494,-240.78629032258064,0.24171494785631517,0.44444444444444453,2.1760826835480405,0.5038530611319835,0.4654936302710877,0.02834606852353956,0.47257383966244726,0.3757828810020877,0.3625599256040662,0.290958479407621,0.29810266190372375,Grocery Stores,Consumer Defensive,KR
2009Q3,2009,Q3,2008-12-17,2008-11-08,237000000.0,17602000000.0,479000000.0,0.18,4057000000.0,0.2304851721,23176000000.0,5269000000.0,7314000000.0,8616000000.0,17816000000.0,5363000000.0,7203000000.0,17860480000.0,25698480000.0,4.059322033898305,0.8488857938718662,0.34669485674836037,1.5249572973998862,0.022973195184902765,4.059322033898305,0.04498007211994686,1.0146846949210317,18.840168776371307,3.3897286012526093,0.2489451476793249,2.525638635092299,0.0033033826638477802,0.7594925785295132,0.1261606313834726,0.010226095961339316,-67.65333333333334,0.2304851721395296,-0.14285714285714285,1.4666059672222997,0.659784385042266,0.41666334954741235,0.007199602780536246,-0.1444043321299639,-0.1259124087591241,0.42912589014283936,0.4005798452134195,0.4396028178017993,Grocery Stores,Consumer Defensive,KR
2009Q2,2009,Q2,2008-09-24,2008-08-16,277000000.0,18094000000.0,548000000.0,0.21,4028000000.0,0.2226152316,22292000000.0,5145000000.0,6696000000.0,7872000000.0,17055000000.0,4723000000.0,7024000000.0,19562550000.0,27017550000.0,3.9516129032258065,0.850609756097561,0.3420958191279383,1.4822157434402332,0.027225475822107735,3.9516129032258065,0.05383867832847425,1.0811622637338345,17.655731046931407,3.802244897959184,0.21299638989169675,2.9781918272284567,0.0030159667323534,0.8116813206531491,0.13198678861788618,0.012425982415216221,63.51477272727273,0.22261523156847574,-0.27586206896551724,0.6728838224593744,0.681016891857858,0.40967279785562427,-0.23985657671258728,-0.2823834196891192,-0.28366013071895424,0.5674002319821938,0.447341187210666,0.46498819826907956,Grocery Stores,Consumer Defensive,KR
2009Q1,2009,Q1,2008-07-02,2008-05-24,386000000.0,23144000000.0,765000000.0,0.29,5299000000.0,0.2289578292,22420000000.0,4974000000.0,6940000000.0,7840000000.0,17359000000.0,4860000000.0,6807000000.0,17712720000.0,25287720000.0,3.7853881278538815,0.8852040816326531,0.347992863514719,1.5685564937675915,0.03784826492948184,3.7853881278538815,0.07760353839967833,0.765326650535776,11.471968911917099,3.561061519903498,0.12953367875647667,3.671810699588477,0.0028228301469226634,1.032292595896521,0.13877551020408163,0.017216770740410347,23.153882352941178,0.22895782924300034,0.2083333333333333,0.2584924588349245,0.6329151898395416,0.3997953155477326,0.322435737459446,0.19504643962848298,0.21621621621621623,0.4528106524192628,0.4268929791764402,0.48514688016717317,Grocery Stores,Consumer Defensive,KR
2008Q4,2008,Q4,2008-04-01,2008-02-02,323000000.0,17235000000.0,629000000.0,0.24,4007000000.0,0.232492022,22293000000.0,4914000000.0,7108000000.0,8689000000.0,17385000000.0,4849000000.0,6480000000.0,17562480000.0,25441480000.0,3.6346153846153846,0.8180458050408562,0.3642847530614991,1.6526251526251525,0.030264597554753633,3.6346153846153846,0.06573056573056572,1.0190008703220192,13.593250773993809,3.5739682539682542,0.15789473684210525,2.727985151577645,0.0029039178977000968,0.7731126362535325,0.14616181378754747,0.014488853003184856,-90.52824742268041,0.23249202204815783,0.26315789473684204,0.13480029585798822,0.5732826831733437,0.4529020979020978,0.07339941066166622,0.27165354330708663,0.4134831460674157,1.5349720477728972,0.3590186458583122,0.4990221642764016,Grocery Stores,Consumer Defensive,KR
2008Q3,2008,Q3,2007-12-19,2007-11-10,254000000.0,16135000000.0,445000000.0,0.19,3733000000.0,0.2313603967,21903000000.0,4769000000.0,6903000000.0,8939000000.0,17134000000.0,5186000000.0,6205000000.0,18109380000.0,25460380000.0,3.5169616519174043,0.7722340306521982,0.3419622882710131,1.570559865799958,0.027522879931040613,3.5169616519174043,0.053260641643950515,1.1223662844747444,17.824192913385826,3.7973118054099393,0.2047244094488189,2.3914384882375628,0.0028714401045204195,0.7366570789389582,0.10079427228996532,0.011596584942701913,-42.01712296983759,0.2313603966532383,0.0,0.1312395164555498,0.5667245237259341,0.4366368551598946,-0.023797071129707113,-0.04868913857677903,-0.1713221601489758,0.9281721228623884,0.36263266189421217,0.19367478709301802,Grocery Stores,Consumer Defensive,KR
2008Q2,2008,Q2,2007-09-27,2007-08-18,267000000.0,16139000000.0,537000000.0,0.19,3824000000.0,0.2369415701,21061000000.0,4965000000.0,6240000000.0,8021000000.0,16096000000.0,4577000000.0,6003000000.0,18315180000.0,24855180000.0,3.536324786324786,0.7779578606158833,0.3168890366079483,1.3442094662638469,0.028449981119859233,3.536324786324786,0.05377643504531722,1.134839828985687,17.149044943820225,3.688858006042296,0.19850187265917604,2.690627048284903,0.0028937744537591223,0.766297896586107,0.10522378755766114,0.012677460709368026,31.63243523316062,0.23694157010967223,-0.2083333333333333,0.1323815073815073,0.5150635024031518,0.49117558049961474,-0.21831561733442356,-0.20771513353115728,-0.2217391304347826,0.9740279282532801,0.305366024433821,0.22102195714282852,Grocery Stores,Consumer Defensive,KR
2008Q1,2008,Q1,2007-07-03,2007-05-26,337000000.0,20726000000.0,690000000.0,0.24,4892000000.0,0.2360320371,20996000000.0,5260000000.0,6447000000.0,8002000000.0,15736000000.0,4696000000.0,5789000000.0,20862300000.0,27303300000.0,3.725212464589235,0.8056735816045989,0.31391693655934466,1.253041825095057,0.036068251872515104,3.725212464589235,0.06406844106463878,1.0065762809997105,15.476483679525224,3.966216730038023,0.13649851632047477,3.3718057921635434,0.002204934259405722,0.9871404076967041,0.11334666333416646,0.016050676319298914,41.64131736526946,0.23603203705490688,-0.1111111111111112,0.04565836633120998,0.4859292668898071,0.558477174581516,0.1842168966351973,-0.12467532467532468,-0.005763688760806916,0.344892771356865,0.2868082175597176,0.33351808515005954,Grocery Stores,Consumer Defensive,KR
2007Q4,2007,Q4,2007-04-04,2007-02-03,385000000.0,16859000000.0,694000000.0,0.27,4131000000.0,0.2450323269,21215000000.0,4923000000.0,6755000000.0,7581000000.0,16292000000.0,4609000000.0,5501000000.0,18482750000.0,25353750000.0,3.4426573426573426,0.8910433979686058,0.33278340796606176,1.4340849075766808,0.03861025341455952,3.4426573426573426,0.07820434694292099,1.0963135417284537,12.001785714285715,3.754367255738371,0.11948051948051948,2.7615534823172054,0.002488807130973475,0.7946735800141409,0.13177681044717054,0.018147537119962292,1232.1833333333334,0.24503232694703125,0.8000000000000002,0.2495069033530571,0.5834044511017056,0.6013960054793863,0.1577914798206278,0.7906976744186046,0.5456570155902004,2.203948870120977,0.3631112711134194,0.29346412749554107,Grocery Stores,Consumer Defensive,KR
2007Q3,2007,Q3,2006-12-14,2006-11-04,215000000.0,14699000000.0,449000000.0,0.15,3568000000.0,0.2427376012,20921000000.0,4611000000.0,6673000000.0,7589000000.0,16310000000.0,4968000000.0,5162000000.0,,,,,,,,,,,,,,,,,,,,,,,,,,,,,,,Grocery Stores,Consumer Defensive,KR
2007Q2,2007,Q2,2006-09-21,2006-08-12,209000000.0,15138000000.0,448000000.0,0.14,3540000000.0,0.2338485929,20905000000.0,4655000000.0,6783000000.0,7541000000.0,16250000000.0,4428000000.0,4994000000.0,,,,,,,,,,,,,,,,,,,,,,,,,,,,,,,Grocery Stores,Consumer Defensive,KR
2007Q1,2007,Q1,2006-06-29,2006-05-20,306000000.0,19415000000.0,644000000.0,0.21,4756000000.0,0.2449652331,20735000000.0,4604000000.0,6656000000.0,7109000000.0,16131000000.0,4445000000.0,4832000000.0,,,,,,,,,,,,,,,,,,,,,,,,,,,,,,,Grocery Stores,Consumer Defensive,KR
