Quarters,Year,Quarter,FillingDate,Date,NetIncome,Revenue,OperatingIncome,EPSDiluted,GrossProfit,GrossProfitRatio,TotalAssets,CommonStockEquity,CurrentAssets,CurrentLiability,TotalLiability,Inventory,RetainedEarnings,MarketCap,EnterpriseValue,bookValuePerShare,currentRatio,debtToAssets,debtToEquity,roic,shareholdersEquityPerShare,roe,priceToSalesRatio,peRatio,pbRatio,payoutRatio,inventoryTurnover,dividendYield,assetTurnover,quickRatio,returnOnAssets,priceToFreeCashFlowsRatio,grossProfitMargin,epsdilutedGrowth,fiveYNetIncomeGrowthPerShare,fiveYRevenueGrowthPerShare,fiveYShareholdersEquityGrowthPerShare,grossProfitGrowth,netIncomeGrowth,operatingIncomeGrowth,threeYNetIncomeGrowthPerShare,threeYRevenueGrowthPerShare,threeYShareholdersEquityGrowthPerShare,Industry,Sector,Symbol
2023Q2,2023,Q2,2023-05-16,2023-04-01,1897000.0,43755000.0,2711000.0,1.02,10281000.0,0.2349674323,146868000.0,58190000.0,47920000.0,21887000.0,72094000.0,6555000.0,57607000.0,52555102.572,67952102.572,31.307720078099823,2.1894275140494357,0.36196448511588636,0.9135762158446469,0.016994221589693725,31.307720078099823,0.03260010311050009,1.2011222162495714,6.9260809926199265,0.9031638180443374,0.0,5.106636155606408,0.0,0.29792058174687475,1.7578471238634805,0.012916360269085166,-12.196589132513344,0.23496743229345218,1.170212765957447,0.35790980672870437,0.48543590439978285,0.7352537722908096,0.20161290322580644,1.1704805491990846,1.264828738512949,1.927469135802469,0.45505636659904886,0.4745457770569901,Restaurants,Consumer Cyclical,BDL
2023Q1,2023,Q1,2023-03-15,2022-12-31,874000.0,41830000.0,1197000.0,0.47,8556000.0,0.2045421946,149172000.0,56293000.0,51374000.0,24699000.0,75787000.0,6564000.0,55710000.0,48101784.36,58979784.36,30.287085175399096,2.0800032389975303,0.36213900732040866,0.9596397420638445,0.007958023653627092,30.287085175399096,0.015525909082834456,1.149935079129811,13.759091636155606,0.8544896232213596,0.0,5.069165143205362,0.0,0.28041455501032364,1.7726223733754403,0.005859008392996004,15.112090593779453,0.20454219459717907,-0.5154639175257733,0.4074074074074075,0.4732504490543443,0.7266732102325011,-0.457244354224816,-0.5155210643015521,-0.4634692962796952,0.7692307692307694,0.3539845924775036,0.45028983640345244,Restaurants,Consumer Cyclical,BDL
2022Q4,2022,Q4,2023-01-18,2022-10-01,1804000.0,39694000.0,2231000.0,0.97,15764000.0,0.3971381065,147492000.0,55669000.0,50893000.0,22176000.0,74152000.0,6489000.0,55086000.0,47432671.44,61217671.44,29.95135708932358,2.294958513708514,0.37915954763648196,1.0045626830013112,0.013847432528875941,29.95135708932358,0.03240582730065207,1.1949582163551167,6.573263780487805,0.8520482034884764,0.0,3.68777931884728,0.0,0.26912646109619504,1.9207251082251082,0.012231171860168687,-129.59746295081968,0.3971381065148385,-0.02020202020202022,2.8712446351931327,0.5368592225491714,0.7406897845595825,0.8430959897112125,-0.016893732970027248,0.07105136821891503,0.9694323144104803,0.36828679765598055,0.4527021737428564,Restaurants,Consumer Cyclical,BDL
2022Q3,2022,Q3,2022-08-16,2022-07-02,1835000.0,40628000.0,2083000.0,0.99,8553000.0,0.2105198385,139409000.0,54416000.0,45320000.0,22932000.0,67057000.0,5525000.0,53833000.0,55759410.0,68946410.0,29.27721078827771,1.9762776905634047,0.35037910034502795,0.8976403998823875,0.015334242590154756,29.27721078827771,0.033721699500147015,1.3724379738111647,7.596649863760218,1.0246877756542194,0.0,5.8054298642533935,0.0,0.2914302519923391,1.5738269666841096,0.013162708289995625,-43.19086754453912,0.2105198385350005,0.37500000000000006,1.179334916864608,0.506582118886046,0.726669839758845,-0.0783405172413793,0.3663440059568131,0.12594594594594594,0.8956611570247934,0.37951173135037863,0.4547787728913248,Restaurants,Consumer Cyclical,BDL
2022Q2,2022,Q2,2022-05-24,2022-04-02,1343000.0,40269000.0,1850000.0,0.72,9280000.0,0.2304502223,140873000.0,52578000.0,49576000.0,26380000.0,69707000.0,4928000.0,51995000.0,62676922.4046,70589922.4046,28.288319406536043,1.8793025018953753,0.34484251772873437,0.9239415725208262,0.011187156327747935,28.288319406536043,0.02554300277682681,1.556455894226328,11.667334773752794,1.1920750580965425,0.0,6.2883522727272725,0.0,0.28585321530740454,1.562926459438969,0.009533409524891213,2238.46151445,0.23045022225533288,-0.6603773584905661,0.28271251193887287,0.4679036197280647,0.7141459915886936,0.37257802100281023,-0.6589639410868461,-0.028361344537815126,0.3153770812928501,0.35421711057304284,0.44302338346690073,Restaurants,Consumer Cyclical,BDL
2022Q1,2022,Q1,2022-02-22,2022-01-01,3938000.0,37368000.0,1904000.0,2.12,6761000.0,0.1809302077,131688000.0,52779000.0,42655000.0,24936000.0,67877000.0,4636000.0,52196000.0,57377733.9429,72174733.9429,28.396462588108445,1.7105790824510747,0.36752779296519045,0.91701244813278,0.014127149036592169,28.396462588108445,0.07461300896189772,1.5354777869540783,3.6425681781932457,1.0871318884954244,0.0,6.602027610008628,0.0,0.28376161837069436,1.3755614372794354,0.029904015551910575,22.26532166973225,0.1809302076643117,1.9041095890410962,4.930722891566265,0.4051289764608558,0.7594759475947594,0.10365654587006203,1.9084194977843427,-0.03741152679474216,4.300134589502019,0.33964293396429335,0.46869434550311656,Restaurants,Consumer Cyclical,BDL
2021Q4,2021,Q4,2022-01-14,2021-10-02,1354000.0,33596000.0,1978000.0,0.73,6126000.0,0.18234313608762948,128002000.0,51215000.0,39790000.0,20223000.0,67372000.0,4283000.0,50632000.0,47934506.129999995,66565506.129999995,27.55499026980379,1.9675616871878554,0.4008296745363354,1.0017963487259591,0.013508143015468113,27.55499026980379,0.026437567119008104,1.4267920624479102,8.850536582348596,0.9359466197403103,0.0,6.413728694840065,0.0,0.26246464898985955,1.6380358997181428,0.010577959719379386,-68.08878711647726,0.18234313608762948,-0.8113695090439277,2.427848101265823,0.34475443301444975,0.7459857498380664,-0.21491733948481354,-0.8119183219891651,-0.24185511690302797,1.198051948051948,0.2445267642155954,0.4552609894013015,Restaurants,Consumer Cyclical,BDL
2021Q3,2021,Q3,2021-08-17,2021-06-30,7199000.0,37877000.0,2609000.0,3.87,7803000.0,0.2060089236211949,123243000.0,49861000.0,39768000.0,20796000.0,63750000.0,4409000.0,49278000.0,74922060.57000001,90235060.57000001,26.826503365082235,1.9122908251586843,0.38351873940102077,0.9479553157778624,0.019887689102233215,26.826503365082235,0.14438138023705901,1.9780357623359826,2.6018218005973055,1.5026184908044364,0.0,6.821047856656838,0.0,0.30733591360158385,1.5549624927870744,0.05841305388541337,47.00254740903388,0.2060089236211949,1.9318181818181817,5.27637314734089,0.4356593260811887,0.7229690037665435,-0.02717865602792669,1.9371685026519787,-0.06587898317221626,5.902205177372962,0.33200872133914766,0.44202793764641246,Restaurants,Consumer Cyclical,BDL
2021Q2,2021,Q2,2021-05-21,2021-04-03,2451000.0,34217000.0,2793000.0,1.32,8021000.0,0.23441564134786802,121522000.0,42662000.0,40239000.0,23317000.0,69967000.0,4172000.0,42079000.0,44180039.19,66950039.19,22.953255782297553,1.7257365870394992,0.4558680732706835,1.2985326520088134,0.020400006274849777,22.953255782297553,0.05745159626834185,1.2911722006604904,4.506327946756426,1.0355829353991843,0.0,6.279002876318312,0.0,0.28157041523345566,1.4206373032551358,0.020169187472227252,-78.47253852575489,0.23441564134786802,2.1428571428571432,1.8043478260869565,0.2685178319863572,0.5350460564191134,0.19484582154029495,2.1423076923076922,1.199212598425197,0.7544738725841088,0.16163090711569805,0.27220134788572803,Restaurants,Consumer Cyclical,BDL
2021Q1,2021,Q1,2021-02-22,2021-01-02,780000.0,31355000.0,1270000.0,0.42,6713000.0,0.21409663530537396,114007000.0,40211000.0,38023000.0,28217000.0,67661000.0,3763000.0,39628000.0,36725563.6671,59185563.6671,21.63455459804901,1.3475209979799412,0.4691641741296587,1.330183283181219,0.010599516425772929,21.63455459804901,0.019397677252493098,1.171282528052942,11.771013995865385,0.9133213217055035,0.0,6.548498538400213,0.0,0.2750269720280334,1.1180494028422583,0.006841685159683177,15.315080761926604,0.21409663530537396,0.826086956521739,0.2499999999999999,0.24040667774349223,0.4750375995011188,0.23423423423423423,0.8439716312056738,0.41899441340782123,0.2560386473429952,0.10432148769062788,0.23339058953438435,Restaurants,Consumer Cyclical,BDL
2020Q4,2020,Q4,2021-01-15,2020-10-03,423000.0,28231000.0,895000.0,0.23,5439000.0,0.1926605504587156,112484000.0,39431000.0,36508000.0,25362000.0,66928000.0,3624000.0,38848000.0,33158262.48,57784262.480000004,21.214894490454615,1.4394763819888021,0.48494008036698555,1.383378560016231,0.0077288734625367795,21.214894490454615,0.01072760011158733,1.1745337565088023,19.59708184397163,0.8409186295047044,0.0,6.289183222958058,0.0,0.25097791685928666,1.2066477407144547,0.003760534831620497,42.40187017902814,0.1926605504587156,1.9583333333333333,-0.4631979695431472,0.12424833738202376,0.4803093441453616,0.5615848406546081,1.9296703296703297,2.2226775956284155,-0.09227467811158804,0.09303856280006194,0.23295081454613684,Restaurants,Consumer Cyclical,BDL
2020Q3,2020,Q3,2020-08-12,2020-06-27,-455000.0,23672000.0,-732000.0,-0.24,3483000.0,0.14713585670834742,111671000.0,39008000.0,37288000.0,21164000.0,66579000.0,3750000.0,38425000.0,27879705.0,51116705.0,20.9873095859515,1.7618597618597618,0.48104700414610774,1.3771277686628385,-0.005781306643610115,20.9873095859515,-0.011664273995077933,1.1777502957080095,-15.31851923076923,0.7147176220262511,0.0,5.383733333333334,0.0,0.2119798336183969,1.4821867321867321,-0.004074468751958879,10.216088310736534,0.14713585670834742,-1.6857142857142857,-1.5403800475059384,-0.04532989191805133,0.509071917675732,-0.49078947368421055,-1.7021604938271604,-1.4825313117996044,-1.5403800475059384,-0.12218637594096482,0.23775979692210059,Restaurants,Consumer Cyclical,BDL
2020Q2,2020,Q2,2020-06-26,2020-03-28,648000.0,30071000.0,1517000.0,0.35,6840000.0,0.2274616740381098,100774000.0,39463000.0,25324000.0,15957000.0,54819000.0,3946000.0,38880000.0,21021297.57,47419297.57,21.232111315381566,1.5870151030895532,0.4411753031535912,1.1265995996249651,0.01457836912570851,21.232111315381566,0.01642044446696906,0.6990554876791594,8.110068506944444,0.5326837181663837,0.0,5.887227572225038,0.0,0.29840038105066785,1.1796076956821457,0.006430230019647925,280.2839676,0.2274616740381098,0.2962962962962961,-0.4234875444839857,0.16131150073376088,0.5780150351887396,-0.016817593790426907,0.3117408906882591,0.2323314378554021,-0.38108882521489973,0.09616155724856931,0.2865712515893458,Restaurants,Consumer Cyclical,BDL
2020Q1,2020,Q1,2020-02-11,2019-12-28,494000.0,30894000.0,1231000.0,0.27,6957000.0,0.22518935715672947,102904000.0,38815000.0,26709000.0,17239000.0,57886000.0,3956000.0,38232000.0,41985348.812400006,68378348.81240001,20.883470610610836,1.5493358083415512,0.4423054497395631,1.172613680278243,0.009766788254279131,20.883470610610836,0.012727038516037615,1.3590130385317538,21.247646160121462,1.0816784442200182,0.0,6.050808897876643,0.0,0.30022156573116693,1.1626544463135913,0.0048005908419497785,19.851228752907804,0.22518935715672947,-0.44897959183673464,-0.30127298444130135,0.324785591766724,0.6252145877821044,0.05521007128772941,-0.4606986899563319,-0.3262178434592228,-0.25602409638554224,0.16169060690381298,0.293962729606294,Restaurants,Consumer Cyclical,BDL
2019Q4,2019,Q4,2019-12-20,2019-09-28,916000.0,29010000.0,1827000.0,0.49,6593000.0,0.22726645984143398,68755000.0,38321000.0,19593000.0,13129000.0,24226000.0,3292000.0,37738000.0,39496248.75,38904248.75,20.617685875801055,1.492345190037322,0.19024070976656243,0.34132720962396595,0.030569588456799336,20.617685875801055,0.02390334281464471,1.3614701396070321,10.779543872816594,1.0306685303097518,0.0,6.809538274605103,0.0,0.421932950330885,1.107624343057354,0.013322667442367828,17.315321679088118,0.22726645984143398,-0.057692307692307744,0.9784017278617709,0.33446800680804095,0.6338094222980176,-0.05988877798374447,-0.05371900826446281,-0.06018518518518518,1.3189873417721518,0.16118960893407525,0.30641257287014634,Restaurants,Consumer Cyclical,BDL
2019Q3,2019,Q3,2019-08-13,2019-06-29,968000.0,29451000.0,1944000.0,0.52,7013000.0,0.23812434212760178,67977000.0,37405000.0,18817000.0,15529000.0,24487000.0,3505000.0,36822000.0,42748881.0,44043881.0,20.12485426226712,1.2117328868568484,0.20342174559042028,0.3696831974334982,0.03137578572896572,20.12485426226712,0.025878893196096778,1.451525618824488,11.040516787190082,1.1428654190616228,0.0010330578512396695,6.401711840228246,2.3392425172485803e-05,0.4332494814422525,0.8480262734239166,0.014240110625652794,260.6639085365854,0.23812434212760178,-0.05454545454545459,0.1295215869311551,0.2907481263969848,0.6268702157272092,-0.016133557800224466,-0.05190989226248776,0.02857142857142857,-0.1560592850915431,0.11628700299435235,0.2925463906838522,Restaurants,Consumer Cyclical,BDL
2019Q2,2019,Q2,2019-05-14,2019-03-30,1021000.0,29736000.0,1890000.0,0.55,7128000.0,0.2397094430992736,68674000.0,36436000.0,19746000.0,16734000.0,26291000.0,3361000.0,35853000.0,43083437.46,44184437.46,19.603507282447932,1.1799928289709574,0.21222005416897224,0.3999890218465254,0.03152179630010376,19.603507282447932,0.02802173674387968,1.4488645903954802,10.549323570029383,1.1824414716214733,0.0,6.72656947337102,0.0,0.43300230072516527,0.8347077805665113,0.014867344264204793,-566.887335,0.2397094430992736,0.37500000000000006,0.12590469620511113,0.2511756152246248,0.6463961530875335,0.1325071496663489,0.37415881561238223,1.8854961832061068,0.1681922196796338,0.10239489879142868,0.31102475532527346,Restaurants,Consumer Cyclical,BDL
2019Q1,2019,Q1,2019-02-12,2018-12-29,743000.0,27894000.0,655000.0,0.4,6294000.0,0.22563992256399226,70056000.0,35936000.0,22595000.0,15745000.0,28153000.0,3480000.0,35353000.0,48083197.89,48803197.89,19.334494392964345,1.4350587488091457,0.21725476761447984,0.4235307212822796,0.01177729421129117,19.334494392964345,0.020675645592163845,1.7237828167347817,16.1787341487214,1.3380230935552093,0.0,6.206896551724138,0.0,0.39816718054128125,1.034741187678628,0.010605801073426973,31.94896869767442,0.22563992256399226,0.21212121212121213,0.38156993354179564,0.29940328177172987,0.6935069794614561,2.508361204013378,0.20616883116883117,-0.47641886490807356,0.19070512820512805,0.10348920009494414,0.31822016800557573,Restaurants,Consumer Cyclical,BDL
2018Q4,2018,Q4,2018-12-24,2018-09-29,616000.0,26995000.0,1251000.0,0.33,1794000.0,0.06645675125023152,67265000.0,35193000.0,19025000.0,13310000.0,25923000.0,3223000.0,34610000.0,52042116.0,53204116.0,18.934741239191734,1.4293764087152516,0.21669516093064745,0.4141732730940812,0.021558442981782444,18.934741239191734,0.017503480805842072,1.9278427857010558,21.120988636363634,1.4787632767879977,0.0,7.819112627986348,0.0,0.40132312495354194,1.0434259954921112,0.009157808667211774,76.0849649122807,0.06645675125023152,-0.41071428571428575,1.7883980715042933,0.35582594096812387,0.7007962094571161,-0.7863013698630137,-0.40939597315436244,-0.40257879656160456,-0.2182741116751268,0.0750268806499143,0.3212073431692757,Restaurants,Consumer Cyclical,BDL
2018Q3,2018,Q3,2018-08-14,2018-06-30,1043000.0,28436000.0,2094000.0,0.56,8395000.0,0.295224363482909,66435000.0,34577000.0,19753000.0,12534000.0,25575000.0,3144000.0,33994000.0,51205724.85,52626724.85,18.603317359347955,1.5759534067336844,0.23061639196206818,0.4430980131301154,0.035336006203437076,18.603317359347955,0.030164560256818115,1.8007358577155719,12.273663674496644,1.480918669925095,0.0,6.374363867684479,0.0,0.4280273951983141,1.155816179990426,0.0156995559569504,-119.91973032786886,0.295224363482909,-0.25333333333333324,0.580821679002049,0.3537660657548512,0.6888841808393164,0.14404469882801854,-0.2534001431639227,-0.1664012738853503,0.23871733966745848,0.1467978706242941,0.3376532941313009,Restaurants,Consumer Cyclical,BDL
2018Q2,2018,Q2,2018-05-15,2018-03-31,1397000.0,29456000.0,2512000.0,0.75,7338000.0,0.24911732753938076,67333000.0,33534000.0,21411000.0,14217000.0,27618000.0,3058000.0,32951000.0,44607528.0,45092528.0,18.042156471885193,1.5060139269888162,0.237357610681241,0.47659092264567304,0.040989318393735895,18.042156471885193,0.04165921154649013,1.5143783269961977,7.982735862562635,1.3302179280730007,0.0,7.2328319162851535,0.0,0.43746751221540703,1.1324470704086658,0.020747627463502293,28.576251121076233,0.24911732753938076,1.2727272727272727,0.8632779859040832,0.32400212686050794,0.6924826294373284,0.08598490454343644,1.249597423510467,0.5828607435412728,0.24288256227758018,0.13756082490152158,0.34093090211132426,Restaurants,Consumer Cyclical,BDL
2018Q1,2018,Q1,2018-02-13,2017-12-30,621000.0,28393000.0,1587000.0,0.33,6757000.0,0.2379811925474589,67544000.0,32602000.0,21662000.0,14955000.0,28784000.0,3358000.0,32019000.0,43845482.73,45040482.73,17.54071644588779,1.44847876964226,0.24601741087291248,0.5096926568922152,0.021692417546595774,17.54071644588779,0.0190479111710938,1.544235647166555,17.65116051932367,1.3448709505551806,0.0,6.443120905300774,0.0,0.42036302262229064,1.0676028084252758,0.009194006869596115,15.608929416162335,0.2379811925474589,0.32000000000000006,0.8012977181788686,0.4487059635120874,0.7109184834043469,0.17105719237435008,0.33261802575107297,0.4375,-0.12164073550212172,0.21753859348198978,0.3650713896914124,Restaurants,Consumer Cyclical,BDL
2017Q4,2017,Q4,2017-12-21,2017-09-30,466000.0,25828000.0,1104000.0,0.25,5770000.0,0.22340096019823447,60509000.0,31981000.0,14939000.0,11011000.0,22333000.0,2842000.0,31398000.0,45072189.75,47585189.75,17.206602437149172,1.3567341749159931,0.20489513956601496,0.38766767768362465,0.017595033687104262,17.206602437149172,0.014571151621275133,1.745090202493418,24.180359307939913,1.4093427269316157,0.0,7.057705840957072,0.0,0.4268455932175379,0.9427844882390337,0.0077013336858979655,48.72669162162162,0.22340096019823447,-0.4444444444444445,0.4046264000524647,0.4031824546122519,0.7087968843646631,-0.07457898957497995,-0.44655581947743467,-0.30390920554854983,0.006479481641468705,0.18809512857077149,0.3635045832445107,Restaurants,Consumer Cyclical,BDL
2017Q3,2017,Q3,2017-08-15,2017-07-01,842000.0,26967000.0,1586000.0,0.45,6235000.0,0.23120851410983795,60376000.0,31515000.0,15169000.0,10715000.0,22373000.0,2837000.0,30932000.0,56131139.4,59075139.4,16.95588242415047,1.4156789547363509,0.2125182191599311,0.4071394574012375,0.027263090448045122,16.95588242415047,0.02671743614151991,2.081475114028257,16.66601526128266,1.781092793907663,0.0,7.307719421924568,0.0,0.4466509871472108,0.9613625758282781,0.013945938783622632,-1275.7077136363637,0.23120851410983795,-0.19642857142857148,2.570503199005532,0.39239797786945546,0.7143505894557836,-0.06465646564656466,-0.19579751671442217,-0.24295942720763722,-0.01750291715285881,0.18188193013980808,0.3706941544885176,Restaurants,Consumer Cyclical,BDL
2017Q2,2017,Q2,2017-05-16,2017-04-01,1047000.0,27433000.0,2095000.0,0.56,6666000.0,0.24299201691393577,60893000.0,30673000.0,16049000.0,11643000.0,23427000.0,2897000.0,30090000.0,45072189.75,47688189.75,16.50286471826011,1.3784248046036245,0.2173813081963444,0.43155217944120233,0.036435345300518084,16.50286471826011,0.0341342548821439,1.642991643276346,10.762222958452721,1.4694418462491443,0.0,7.168450120814636,0.0,0.45051155305207496,0.9482092244266942,0.017194094559308953,-25.36420357343838,0.24299201691393577,0.5555555555555558,1.0585349141782239,0.3315457911671411,0.6902301106355786,0.060958141015438484,0.5768072289156626,0.4222674813306178,0.1545761184395215,0.1542743022752601,0.3859893842258731,Restaurants,Consumer Cyclical,BDL
2017Q1,2017,Q1,2017-02-14,2016-12-31,664000.0,26594000.0,1473000.0,0.36,6283000.0,0.2362562984131759,59492000.0,29997000.0,18315000.0,12607000.0,22606000.0,2862000.0,29414000.0,45258054.45,44947054.45,16.1391592916783,1.4527643372729435,0.19848046796207894,0.39363936393639365,0.028091062076512786,16.1391592916783,0.022135546888022134,1.7018144863503046,17.03993013930723,1.5087526902690271,0.0,7.096785464709993,0.0,0.44701808646540714,1.0182438327913064,0.011161164526322867,22.583859505988027,0.2362562984131759,0.7142857142857143,0.9784285993802917,0.40481842983200306,0.7012787746606041,0.08796536796536797,0.6810126582278481,0.3883129123468426,0.23467353414771516,0.23884458576888878,0.41362780673712424,Restaurants,Consumer Cyclical,BDL
2016Q4,2016,Q4,2016-12-23,2016-10-01,395000.0,24983000.0,1061000.0,0.21,5775000.0,0.23115718688708323,56564000.0,29333000.0,15331000.0,11456000.0,20245000.0,2633000.0,28750000.0,44291558.01,44372558.01,15.781910174444098,1.3382506983240223,0.18129905947245598,0.34960624552551733,0.02331015764899473,15.781910174444098,0.013466062114342208,1.7728678705519754,28.032631651898733,1.5099566362117751,0.002531645569620253,7.295100645651348,2.257766592392671e-05,0.44167668481719824,0.9482367318435754,0.006983240223463687,27.63041672489083,0.23115718688708323,-0.6612903225806452,19.81301868339825,0.45102363249786187,0.6953135273592661,-0.1334033613445378,-0.6556233653007847,-0.5599336374948154,0.7880149971496685,0.25477308698672496,0.4175959768137297,Restaurants,Consumer Cyclical,BDL
2016Q3,2016,Q3,2016-08-16,2016-07-02,1147000.0,26383000.0,2411000.0,0.62,6664000.0,0.25258689307508625,56221000.0,28939000.0,14593000.0,10533000.0,20179000.0,2709000.0,28356000.0,39607767.57,40579767.57,15.569928017531032,1.3854552359251875,0.19046263851585707,0.37001969660319983,0.04678429845383774,15.569928017531032,0.03963509450913991,1.5012609472008491,8.63290487576286,1.3686640025571029,0.0,7.27906976744186,0.0,0.46927304743779014,0.9742713377005602,0.020401629284431084,41.868676078224105,0.25258689307508625,-0.23456790123456794,2.328680235318128,0.45778587743520266,0.6745181781956665,0.0015028554253080854,0.3123569794050343,0.21890798786653184,0.738449152267833,0.25602792631911103,0.4135008621138034,Restaurants,Consumer Cyclical,BDL
2016Q2,2016,Q2,2016-05-17,2016-04-02,874000.0,26974000.0,1978000.0,0.81,6654000.0,0.24668199006450656,56854000.0,27792000.0,14918000.0,12278000.0,22068000.0,2910000.0,27209000.0,35314293.0,36694293.0,14.952812449055685,1.215018732692621,0.1976993703169522,0.4044329303396661,0.03884914443304301,14.952812449055685,0.03144789867587795,1.309197486468451,10.101342391304348,1.2706639680483591,0.0,6.982817869415808,0.0,0.47444331093678543,0.8421567030460987,0.015372709044218525,13.286039503386004,0.24668199006450656,1.3823529411764706,0.19056473634326693,0.4092502234488945,0.640869685115999,0.10293386374937842,0.40064102564102566,0.46410066617320506,0.16571579075173146,0.2124400247805318,0.4026801824214898,Restaurants,Consumer Cyclical,BDL
2016Q1,2016,Q1,2016-02-16,2016-01-02,624000.0,25278000.0,1351000.0,0.34,6033000.0,0.2386660337051982,56321000.0,27261000.0,14434000.0,12146000.0,22077000.0,2996000.0,26678000.0,40667196.36,43772196.36,14.667120760424115,1.1883747735880126,0.20736492604889828,0.42841421811378894,0.026802904925280285,14.667120760424115,0.022889842632331903,1.6087980204130072,16.29294725961538,1.4917719951579178,0.0,6.423564753004006,0.0,0.4488201558921184,0.749217849497777,0.011079348733154595,83.6773587654321,0.2386660337051982,-0.19047619047619038,0.7857846917677214,0.42340385980073736,0.6831513316008637,0.025845944567250468,-0.20812182741116753,-0.23887323943661973,0.8099996395227281,0.2897682296924787,0.43062845150867746,Restaurants,Consumer Cyclical,BDL
2015Q4,2015,Q4,2015-09-30,2015-09-30,788000.0,25111000.0,1775000.0,0.42,5881000.0,0.23420015132810323,54622000.0,26637000.0,13717000.0,10649000.0,20823000.0,2410000.0,26054000.0,51930597.18,54043597.18,14.3313926743486,1.288102169217767,0.20834096151733733,0.427225288133048,0.035982298615606784,14.3313926743486,0.029582910988474678,2.0680417816892995,16.4754432677665,1.9495662867440027,0.0,7.979253112033195,0.0,0.45972318845886273,0.923842614329984,0.014426421588370986,64.35018237918216,0.23420015132810323,-0.06666666666666672,1.6755726748671096,0.5228088414969057,0.6605924821336973,-0.040150155051411784,-0.06413301662707839,-0.08834103749357987,1.375205157170262,0.3642293099646995,0.42325826612118256,Restaurants,Consumer Cyclical,BDL
2015Q3,2015,Q3,2015-06-30,2015-06-30,842000.0,24796000.0,1947000.0,0.45,6127000.0,0.24709630585578318,55545000.0,25849000.0,14786000.0,12154000.0,22520000.0,2788000.0,25266000.0,47060942.04,49096942.04,13.907428360522466,1.2165542208326476,0.21647312989467998,0.4651630624008666,0.03894849642829346,13.907428360522466,0.03257379395721304,1.8979247475399257,13.972963788598575,1.8206097736856357,0.0,6.696197991391679,0.0,0.44641281843550273,0.8535461576435741,0.015158880187235576,16.971129477100614,0.24709630585578318,-0.5454545454545455,0.9798096682530271,0.42956122134918573,0.6416400037266862,-0.07025796661608498,-0.2508896797153025,-0.17394993635977937,2.570503199005532,0.2803018600233998,0.40613194944764563,Restaurants,Consumer Cyclical,BDL
2015Q2,2015,Q2,2015-03-31,2015-03-31,1124000.0,25894000.0,2357000.0,0.99,6590000.0,0.25449911176334283,54113000.0,25008000.0,13324000.0,11403000.0,22013000.0,2954000.0,24425000.0,59495286.752706006,63978286.752706006,13.454948680411073,1.1684644391826713,0.2342690296231959,0.5069177863083814,0.04814598102597927,13.454948680411073,0.04494561740243122,2.2976475922107826,13.232937444996889,2.3790501740525434,0.0,6.53486797562627,0.0,0.47851717701846136,0.7633955976497413,0.020771348844085526,30.62032256958621,0.25449911176334283,1.6052631578947367,0.680406385164673,0.3695813895847346,0.6323248091433957,0.17531656857499553,0.5898161244695899,0.7829046898638427,1.2099266891464406,0.25684565000116466,0.378061311471801,Restaurants,Consumer Cyclical,BDL
2015Q1,2015,Q1,2014-12-31,2014-12-31,707000.0,23320000.0,1322000.0,0.38,5607000.0,0.24043739279588336,53811000.0,23883000.0,14145000.0,11722000.0,22952000.0,3205000.0,23300000.0,55759410.0,60944410.0,12.849669679073003,1.2067053403855996,0.24901971715820184,0.5610685424779132,0.025900398514688443,12.849669679073003,0.029602646233722732,2.3910553173241853,19.71690594059406,2.3346903655319684,0.0,5.526677067082684,0.0,0.43336864209919906,0.7289711653301484,0.013138577614242442,33.69148640483384,0.24043739279588336,0.52,1.459994977379902,0.36149902474075696,0.6307540655520957,0.05593220338983051,0.5269978401727862,0.0576,1.1065497285570276,0.23187056417546476,0.35452348485579255,Restaurants,Consumer Cyclical,BDL
2014Q4,2014,Q4,2014-12-24,2014-09-27,463000.0,21739000.0,1250000.0,0.25,5310000.0,0.2442614655687934,53103000.0,23455000.0,13394000.0,10490000.0,22038000.0,2954000.0,22872000.0,37433150.58,42665150.58,12.619394645675053,1.276835081029552,0.25104043086078,0.568364954167555,0.02607935442011787,12.619394645675053,0.019739927520784482,1.7219352582915497,20.212284330453564,1.5959561108505649,0.0,5.561611374407583,0.0,0.40937423497730824,0.8218303145853193,0.008718904769975331,26.232060672740012,0.2442614655687934,-0.4565217391304348,1.0899471836572856,0.3155663328427837,0.6329061822278546,-0.09153122326775022,-0.4597432905484247,-0.3661257606490872,23.396019368135164,0.26261068514073643,0.3555919539157804,Restaurants,Consumer Cyclical,BDL
2014Q3,2014,Q3,2014-08-12,2014-06-28,857000.0,22817000.0,1972000.0,0.46,5845000.0,0.2561686461848622,52500000.0,22992000.0,12674000.0,10135000.0,21846000.0,3092000.0,22409000.0,27674324.5065,33855324.5065,12.370288710013252,1.2505180069067587,0.25935238095238095,0.592205984690327,0.041028235463166966,12.370288710013252,0.03727383437717467,1.2128818208572554,8.073023484976662,1.2036501612082462,0.0,5.489003880983183,0.0,0.43460952380952383,0.7675382338431179,0.016323809523809525,22.1394596052,0.2561686461848622,-0.41025641025641024,1.762091138532561,0.38684882330400233,0.6261596428715536,-0.05481888745148771,-0.05512679162072767,-0.05009633911368015,1.4870784321426644,0.2607474648614265,0.3304026384144154,Restaurants,Consumer Cyclical,BDL
2014Q2,2014,Q2,2014-05-13,2014-03-29,907000.0,23771000.0,2076000.0,0.78,6184000.0,0.26014892095410375,53220000.0,22135000.0,13312000.0,10534000.0,23513000.0,3103000.0,21552000.0,27476064.34,34414064.34,11.906919999591178,1.2637174862350484,0.28359639233370915,0.6818613056245765,0.04422405232428446,11.906919999591178,0.0409758301332731,1.1558648916747296,7.573336367144432,1.2412949780889992,0.0,5.667740895907187,0.0,0.4466553927095077,0.7981773305486994,0.017042465238632093,16.171903672748677,0.26014892095410375,1.6896551724137934,0.3343597072357653,0.34709924088385297,0.6068501063364031,0.20217729393468117,0.6858736059479554,0.7072368421052632,0.23528080725561618,0.24167242275724168,0.3066240305625202,Restaurants,Consumer Cyclical,BDL
2014Q1,2014,Q1,2014-02-11,2013-12-28,538000.0,21475000.0,1216000.0,0.29,5144000.0,0.23953434225844006,51732000.0,21228000.0,12983000.0,10767000.0,23170000.0,3169000.0,20645000.0,26700395.24,33833395.239999995,11.416837738166755,1.2058140614841646,0.28143122245418695,0.6858394573205201,0.026457040107342414,11.416837738166755,0.025343885434332015,1.243324574621653,12.407246858736059,1.2577913717731297,0.0,5.153360681603029,0.0,0.4151202350576046,0.7220209900622272,0.01039975257094255,19.86636550595238,0.23953434225844006,1.4166666666666665,2.15704691402965,0.333603860419857,0.6197280362337861,1.2881308463563548,1.4343891402714932,0.40253748558246827,0.5390773486992022,0.20879392002297809,0.31015936635069397,Restaurants,Consumer Cyclical,BDL
2013Q4,2013,Q4,2013-12-27,2013-09-28,221000.0,19918000.0,867000.0,0.12,-17853000.0,-0.8963249322221106,49624000.0,20700000.0,11522000.0,9139000.0,21338000.0,2701000.0,20107000.0,19411707.96,25899707.96,11.132868908048419,1.260750629171682,0.27297275511849106,0.6543961352657005,0.018908995310872777,11.132868908048419,0.010676328502415459,0.97458118084145,21.958945656108597,0.9377636695652174,0.0,13.984079970381341,0.0,0.40137836530710946,0.8003063792537477,0.004453490246654844,17.48802518918919,-0.8963249322221106,-0.6571428571428571,2.3796797143205777,0.29225161369480224,0.5958481175699064,-2.379568812301986,-0.6651515151515152,-0.4677716390423573,-0.24990465048274652,0.20742669780428422,0.28997640587818724,Restaurants,Consumer Cyclical,BDL
2013Q3,2013,Q3,2013-08-13,2013-06-29,660000.0,21012000.0,1629000.0,0.35,12941000.0,0.6158861602893585,49592000.0,20480000.0,11439000.0,8890000.0,21432000.0,2925000.0,19887000.0,17607163.790000003,24974163.790000003,11.015152827177738,1.286726659167604,0.28335215357315696,0.6861328125,0.03681122645565062,11.015152827177738,0.0322265625,0.837957538073482,6.669380223484849,0.8597247944335938,0.0,2.7593162393162394,0.0,0.42369737054363604,0.7912260967379078,0.01330859816099371,15.848032214221424,0.6158861602893585,-0.1250000000000001,0.992620765791312,0.35205204954888253,0.5938186727138403,1.4166199813258638,-0.12,0.1594306049822064,0.5513606612824826,0.21100521429910615,0.30023431072189627,Restaurants,Consumer Cyclical,BDL
2013Q2,2013,Q2,2013-05-14,2013-03-30,750000.0,22255000.0,1405000.0,0.4,5355000.0,0.24062008537407323,49425000.0,19820000.0,10965000.0,9189000.0,22043000.0,2746000.0,19227000.0,14316278.9,22436278.9,10.660172316145642,1.1932745674175644,0.29468892261001517,0.7348637739656912,0.03197138531397427,10.660172316145642,0.037840565085771945,0.6432837070321277,4.7720929666666665,0.7223147780020183,0.0,6.154406409322651,0.0,0.45027819929185636,0.7273914462944825,0.015174506828528073,9.608240872483222,0.24062008537407323,1.105263157894737,0.6213760589493773,0.3314766036783172,0.5830795838416298,0.16768425643262103,1.173913043478261,1.2091194968553458,0.12089973125920249,0.17672177687515617,0.2932686816354708,Restaurants,Consumer Cyclical,BDL
2013Q1,2013,Q1,2013-02-12,2012-12-29,345000.0,19613000.0,636000.0,0.19,4586000.0,0.23382450415540712,49749000.0,19069000.0,11128000.0,9689000.0,23122000.0,2921000.0,18476000.0,14359099.639999999,23694099.64,10.25222219295081,1.148518939002993,0.3080865947054212,0.8037652734805181,0.012213922890543067,10.25222219295081,0.018092191515024385,0.732121533676643,10.405144666666665,0.7530074802034716,0.8231884057971014,5.144471071550838,0.01977839886345409,0.39423908018251624,0.6481577046134792,0.006934812760055479,-33.786116799999995,0.23382450415540712,0.05555555555555561,0.895329550327139,0.2533576854341161,0.580921263670186,0.038261263300882954,0.0391566265060241,-0.23281061519903498,0.19955705111559033,0.14424710697764104,0.3011115024479044,Restaurants,Consumer Cyclical,BDL
2012Q4,2012,Q4,2012-12-28,2012-09-29,332000.0,18420000.0,829000.0,0.18,4417000.0,0.23979370249728557,46744000.0,18729000.0,11433000.0,8283000.0,20116000.0,2516000.0,18130000.0,14042901.85,20239901.85,10.069425216412803,1.3802969938428107,0.2870528837925723,0.7164290672219552,0.0195313412758198,10.069425216412803,0.017726520369480483,0.7623725217155266,10.574474284638553,0.7497945352127716,0.0,5.5655802861685215,0.0,0.3940612698956016,0.8967765302426657,0.0071025158309087795,13.890110633036597,0.23979370249728557,0.3846153846153845,0.8338238969926416,0.29961205270911206,0.5752200831844342,-0.03790023959921586,0.4067796610169492,-0.14447884416924664,0.4975433738016488,0.11390927546492279,0.3029489249705575,Restaurants,Consumer Cyclical,BDL
2012Q3,2012,Q3,2012-08-14,2012-06-30,236000.0,19382000.0,969000.0,0.13,4591000.0,0.2368692601382726,46759000.0,18397000.0,11317000.0,8098000.0,20334000.0,2582000.0,17798000.0,15345470.25,22348470.25,9.890557117335652,1.3975055569276364,0.2990868068179388,0.760178289938577,0.018783318606812247,9.890557117335652,0.012828178507365331,0.7917382236095346,16.255794756355932,0.8341289476545088,0.0,5.7285050348567,0.0,0.4145084368784619,0.8689799950605087,0.005047156697106439,33.505393558951965,0.2368692601382726,-0.5185185185185185,-0.43755056968684297,0.2802060048939738,0.5732560128059327,-0.057869895341678634,-0.5363457760314342,-0.1293800539083558,-0.239954052716709,0.1771717498517721,0.3001818475512376,Restaurants,Consumer Cyclical,BDL
2012Q2,2012,Q2,2012-05-15,2012-03-31,509000.0,20618000.0,1113000.0,0.27,4873000.0,0.23634688136579687,45619000.0,18161000.0,9832000.0,8584000.0,21271000.0,2420000.0,17562000.0,13894625.79,22866625.79,9.763679285097178,1.1453867660764212,0.31892413248865603,0.8011122735532185,0.027559416334065813,9.763679285097178,0.028027091019217003,0.6739075463187506,6.82447239194499,0.7650804355487032,0.0,6.506198347107438,0.0,0.45196080580459896,0.6573858341099721,0.011157631688550823,20.049965064935062,0.23634688136579687,0.5000000000000001,0.556095843765793,0.283538833316948,0.6066430841874669,0.07785888077858881,0.5148809523809523,0.6863636363636364,-0.2515940143782364,0.16775708855179858,0.31761774648957136,Restaurants,Consumer Cyclical,BDL
2012Q1,2012,Q1,2012-02-14,2011-12-31,336000.0,18952000.0,660000.0,0.18,4521000.0,0.2385500211059519,45970000.0,17652000.0,10154000.0,8874000.0,22015000.0,2442000.0,17053000.0,12560076.0,21938076.0,9.486487183676276,1.144241604687852,0.3258864476832717,0.848685701336959,0.0144348873205775,9.486487183676276,0.019034670292318152,0.66273089911355,9.345294642857143,0.7115384092454113,0.0,5.909500409500409,0.0,0.41226887100282794,0.650664863646608,0.0073091146399825975,6.3756730964467,0.2385500211059519,16.999999999999996,0.05010566815041567,0.2806694094457321,0.6084269448366799,0.11081081081081082,16.68421052631579,0.5348837209302325,0.9702112434262636,0.17604374128206768,0.34586560737441613,Restaurants,Consumer Cyclical,BDL
2011Q4,2011,Q4,2011-12-28,2011-10-01,19000.0,17237000.0,430000.0,0.01,4070000.0,0.23611997447351626,38166000.0,17322000.0,8293000.0,6473000.0,14242000.0,2185000.0,16717000.0,13471844.48,17964844.48,9.309139530684368,1.2811679283176272,0.2294450558088351,0.5055420852095601,0.01849516953548025,9.309139530684368,0.0010968710310587692,0.7815654974763591,177.26111157894738,0.7777303128968942,0.0,6.026086956521739,0.0,0.4516323429230205,0.6822184458520006,0.0004978252895247078,32.30658148681055,0.23611997447351626,-0.9473684210526315,-0.8132093593061154,0.29887028217298317,0.625304856639642,-0.06992687385740402,-0.9449275362318841,-0.4768856447688564,-0.7096568207288496,0.11747493987269227,0.3344244793449641,Restaurants,Consumer Cyclical,BDL
2011Q3,2011,Q3,2011-08-16,2011-07-02,345000.0,18120000.0,822000.0,0.19,4376000.0,0.24150110375275938,38979000.0,17303000.0,8757000.0,6754000.0,14809000.0,2307000.0,16698000.0,14235938.55,18623938.55,9.298154072180932,1.2965649985193959,0.2349470227558429,0.52927238051205,0.02321999328915167,9.298154072180932,0.01993873894700341,0.7856478228476822,10.3158975,0.8227439490261804,0.0,5.957520589510186,0.0,0.46486569691372276,0.7173526798933965,0.008850919726006311,-20.75209701166181,0.24150110375275938,-0.5128205128205129,0.7292607574026333,0.33111167604694464,0.6411189934300507,-0.1058438904781365,-0.5306122448979592,-0.31897265948632975,0.04067367130268044,0.16492768818572334,0.3453804785574834,Restaurants,Consumer Cyclical,BDL
2011Q2,2011,Q2,2011-05-17,2011-04-02,735000.0,19164000.0,1207000.0,0.39,4894000.0,0.2553746608223753,40114000.0,16958000.0,10089000.0,7788000.0,16075000.0,2237000.0,16353000.0,14887296.0,18373296.0,9.112736120783788,1.2954545454545454,0.23597746422695318,0.5582026182332822,0.0349734395980522,9.112736120783788,0.04334237528010378,0.7768365685660613,5.06370612244898,0.8778922042693713,0.0,6.379079123826553,0.0,0.477738445430523,0.806753980482794,0.018322780076781172,10.914439882697947,0.2553746608223753,1.0526315789473684,0.2757108303796768,0.3371972535066457,0.6189588294560489,0.1315606936416185,1.1,0.8068862275449101,0.5875354081704893,0.14552795486356723,0.35327892250854426,Restaurants,Consumer Cyclical,BDL
2011Q1,2011,Q1,2011-02-15,2011-01-01,350000.0,17788000.0,668000.0,0.19,4325000.0,0.24314144366988982,39775000.0,16223000.0,9563000.0,7798000.0,16338000.0,2163000.0,15618000.0,16234015.280000001,20675015.28,8.714083211088367,1.2263400872018466,0.24600879949717158,0.6031560130678666,0.018814275542974403,8.714083211088367,0.0215743080811194,0.9126385923094221,11.5957252,1.0006789915551995,0.0,6.224225612575127,0.0,0.44721558768070396,0.7006924852526288,0.008799497171590195,-13.361329448559673,0.24314144366988982,0.1875,-0.029039999641193824,0.3520225665671429,0.5373063015104361,0.08152038009502376,0.1864406779661017,0.4063157894736842,0.9210299084113273,0.1356867637973965,0.343735941586715,Restaurants,Consumer Cyclical,BDL
2010Q4,2010,Q4,2010-09-30,2010-09-30,295000.0,16517000.0,475000.0,0.16,3999000.0,0.2421141853847551,37314000.0,16067000.0,9754000.0,6373000.0,13791000.0,1985000.0,15456000.0,13292530.86,14898530.86,8.630288784599443,1.5305193786285893,0.2158171195797824,0.5012136677662289,0.012095036627884201,8.630288784599443,0.018360614925001555,0.8047787649088817,11.26485666101695,0.827318781353084,0.0,6.306297229219144,0.0,0.4426488717371496,1.0422093205711596,0.007905879830626574,511.2511869230769,0.2421141853847551,-0.30434782608695654,6.245662135081725,0.33964394245012963,0.5749886388042643,-0.09216799091940976,-0.3075117370892019,-0.5406189555125726,0.6279535287507482,0.1642753874126107,0.3500874106521697,Restaurants,Consumer Cyclical,BDL
2010Q3,2010,Q3,2010-06-30,2010-06-30,426000.0,17374000.0,1034000.0,0.23,4405000.0,0.2535397720732128,36838000.0,15772000.0,11074000.0,6647000.0,13205000.0,2540000.0,15161000.0,12287451.0,11472451.0,8.471667557412843,1.6660147434933053,0.16911884467126337,0.39500380420999237,0.03625097796082252,8.471667557412843,0.02700989094598022,0.7072321284678255,7.210945422535211,0.7790673979203652,0.0,5.105905511811024,0.0,0.47163255334165805,1.076425455092523,0.011564145719094414,20.27632178217822,0.2535397720732128,-0.36111111111111105,-0.13583203436848434,0.42496233389215204,0.5595639035185799,-0.09733606557377049,-0.3641791044776119,-0.3174917491749175,0.014353815124064294,0.14654070409939066,0.3475582583545172,Restaurants,Consumer Cyclical,BDL
2010Q2,2010,Q2,2010-03-31,2010-03-31,670000.0,18938000.0,1515000.0,0.36,4880000.0,0.2576829654662583,36675000.0,15346000.0,10828000.0,7993000.0,13450000.0,2228000.0,14735000.0,12287503.799999999,12852503.799999999,8.242813320635555,1.3546853496809708,0.2061895023858214,0.4927668447803988,0.052813805537096914,8.242813320635555,0.043659585559754986,0.6488279543774421,4.58488947761194,0.8006974977192753,0.0,6.309694793536805,0.0,0.516373551465576,0.8929062930063806,0.01826857532379005,6.743964763995608,0.2576829654662583,1.4,1.096227733295359,0.5563635736370643,0.5952297691608367,0.17618703302000482,1.3263888888888888,1.5634517766497462,1.0464441020740838,0.17788560178311946,0.35637997000386257,Restaurants,Consumer Cyclical,BDL
2010Q1,2010,Q1,2009-12-31,2009-12-31,288000.0,17164000.0,591000.0,0.15,4149000.0,0.24172687019342812,36238000.0,14676000.0,10153000.0,8337000.0,13849000.0,2237000.0,14065000.0,11100702.64,13145702.64,7.879587701486255,1.2178241573707569,0.21298084883271703,0.5258926137912238,0.02056713927385051,7.879587701486255,0.019623875715453803,0.6467433372174318,9.636026597222223,0.7563847533387844,0.0,5.818059901654001,0.0,0.47364644847949666,0.7244812282595658,0.00794745846901043,6.663086818727491,0.24172687019342812,0.25,0.23407680074565088,0.49271981733603615,0.5554734899638576,0.06988138215575039,0.2972972972972973,1.010204081632653,-0.10077059890808258,0.15873674477039582,0.33597831609179374,Restaurants,Consumer Cyclical,BDL
2009Q4,2009,Q4,2009-10-03,2009-10-03,222000.0,16559000.0,294000.0,0.12,3878000.0,0.23419288604384322,33479000.0,14394000.0,8527000.0,6440000.0,11179000.0,1933000.0,13777000.0,10616443.8,12836443.8,7.728181069446249,1.3240683229813666,0.20311239881716897,0.47241906349868,0.018370829071970907,7.728181069446249,0.015423092955398083,0.6411283169273507,11.95545472972973,0.7375603584827012,0.0,6.560269011898603,0.0,0.49460856059022074,0.7677018633540372,0.006631022431972281,62.81919408284024,0.23419288604384322,-0.2941176470588236,5.566084162758909,0.4479407748453385,0.4654738367433007,-0.04670599803343166,-0.2861736334405145,-0.5476923076923077,1.180413038084528,0.24658670257971385,0.3492815510778069,Restaurants,Consumer Cyclical,BDL
2009Q3,2009,Q3,2009-08-11,2009-06-27,311000.0,16491000.0,650000.0,0.17,4068000.0,0.24668000727669637,34203000.0,14172000.0,8918000.0,7001000.0,11918000.0,2146000.0,13555000.0,9315035.0,11433035.0,7.607056763608511,1.2738180259962864,0.20650235359471392,0.49837708156929156,0.02492515725385987,7.607056763608511,0.021944679650014114,0.5648556788551331,7.4879702572347275,0.6572844340953994,0.0,5.788909599254427,0.0,0.48215068853609333,0.7458934437937438,0.009092769640090051,8.991346525096525,0.24668000727669637,-0.5405405405405405,44.9195104626936,0.5036971192382703,0.4431118799806936,-0.1274131274131274,-0.5453216374269005,-0.4645799011532125,0.5570837157718491,0.21007830329013677,0.34264126427088226,Restaurants,Consumer Cyclical,BDL
2009Q2,2009,Q2,2009-05-12,2009-03-28,684000.0,17757000.0,1214000.0,0.37,4662000.0,0.26254434870755194,34538000.0,13862000.0,8973000.0,7358000.0,20676000.0,2129000.0,13244000.0,7557587.6,9287587.6,7.410100016571426,1.2194889915737972,0.19187561526434652,0.4780695426345405,0.0528201140478295,7.410100016571426,0.04934352907228394,0.42561173621670323,2.7622761695906433,0.5452018179194921,0.0,6.150775011742602,0.0,0.5141293647576582,0.7156836096765425,0.019804273553766866,4.22683870246085,0.26254434870755194,3.1111111111111116,1.797284653561749,0.48768258101853884,0.3926574333445054,-0.5171413775245987,2.9767441860465116,3.2006920415224913,0.18098672781469405,0.2325453857256555,0.316470343261612,Restaurants,Consumer Cyclical,BDL
2009Q1,2009,Q1,2009-02-10,2008-12-27,172000.0,16253000.0,289000.0,0.09,9655000.0,0.5940441764597305,32970000.0,13228000.0,7543000.0,6542000.0,11465000.0,2241000.0,12560000.0,8989301.99,11980301.99,7.048614015914266,1.1530113115255274,0.19693660903851987,0.4908527366192924,0.011480027691940552,7.048614015914266,0.013002721499848805,0.5530857066387744,13.065845915697674,0.6795662224070154,1.4651162790697674,2.9442213297634985,0.02803332230693031,0.4929632999696694,0.6603485172730051,0.00521686381558993,16.46392305860806,0.5940441764597305,1.5714285714285712,-0.21846386849412724,0.5774998474693922,0.3590962155130157,0.027783691718117946,1.606060606060606,0.45226130653266333,-0.526651778152457,0.22548884770451585,0.24349039148392626,Restaurants,Consumer Cyclical,BDL
2008Q4,2008,Q4,2008-12-24,2008-09-27,66000.0,15557000.0,199000.0,0.035,9394000.0,0.603843928778042,32573000.0,13092000.0,6852000.0,4504000.0,11044000.0,2168000.0,12388000.0,11541588.15,14811588.15,6.976145652884001,1.5213143872113677,0.19998157983606055,0.49755575924228534,0.0018356299960281372,6.976145652884001,0.005041246562786435,0.7418903483962204,43.71813693181819,0.8815756301558204,0.0,2.842712177121771,0.0,0.477604150676941,0.8254884547069272,0.002026218033340497,67.10225668604652,0.603843928778042,-0.8055555555555556,1.453836214039573,0.6849946974820861,0.30457832668914064,-0.01880091915604763,-0.8035714285714286,-0.6943164362519201,0.6081220503436522,0.25170813835647576,0.27311500462681365,Restaurants,Consumer Cyclical,BDL
2008Q3,2008,Q3,2008-08-12,2008-06-28,336000.0,15765000.0,651000.0,0.18,9574000.0,0.6072946400253727,32456000.0,13035000.0,7002000.0,4080000.0,10671000.0,2237000.0,12322000.0,11976588.95,15070588.95,6.911170646797559,1.7161764705882352,0.20205817106236135,0.5031070195627158,0.025153601135214285,6.911170646797559,0.025776754890678943,0.7596948271487471,8.911152492559523,0.9188023743766781,0.0,2.767545820295038,0.0,0.48573453290608826,0.8919117647058824,0.010352477199901405,-18.713420234375,0.6072946400253727,-0.28,1.4168726342158586,0.5208377141728975,0.2711631579087352,-0.059897879025923015,-0.2851063829787234,-0.3288659793814433,-0.3271995305695558,0.2763094565027918,0.27228933368275865,Restaurants,Consumer Cyclical,BDL
2008Q2,2008,Q2,2008-05-13,2008-03-29,470000.0,16983000.0,970000.0,0.25,10184000.0,0.5996584820114231,32686000.0,12721000.0,7914000.0,4409000.0,11030000.0,2119000.0,11986000.0,15207424.05,17357424.05,6.733819591227878,1.7949648446359718,0.20100348773175059,0.51646883106674,0.03889670425789645,6.733819591227878,0.0369467809134502,0.895449805688041,8.089055345744681,1.1954582226240076,0.20212765957446807,3.208588957055215,0.006246948838123574,0.5195802484244019,1.1383533681106828,0.014379244936670133,31.48535,0.5996584820114231,1.4999999999999998,0.13576343165050475,0.5969353249957446,0.25544386218066095,0.08698900629736364,1.5405405405405406,4.388888888888889,0.44917712947568345,0.37547059015123296,0.3031945592159686,Restaurants,Consumer Cyclical,BDL
2008Q1,2008,Q1,2007-12-29,2007-12-29,185000.0,15904000.0,180000.0,0.1,9369000.0,0.5890970824949698,32678000.0,12259000.0,8470000.0,4630000.0,11300000.0,2424000.0,11516000.0,15312013.2,17583013.2,6.484966980044139,1.8293736501079914,0.20273578554379093,0.5404192837915002,-0.009531878839228977,6.484966980044139,0.015090953585121136,0.9627774899396377,20.691909729729726,1.249042597275471,1.162162162162162,2.695957095709571,0.014041262712600065,0.4866882918171247,1.1388768898488122,0.005661301181222841,-54.685761428571425,0.5890970824949698,0.030927835051546417,-0.6022516734388474,0.7433256114514952,0.2605281341989339,0.10353356890459364,0.005434782608695652,-0.3793103448275862,-0.21895085332410755,0.36277165917193943,0.2801677705607591,Restaurants,Consumer Cyclical,BDL
2007Q4,2007,Q4,2007-12-28,2007-09-29,184000.0,14405000.0,290000.0,0.097,8490000.0,0.589378687955571,30337000.0,12084000.0,6322000.0,4567000.0,10683000.0,2165000.0,11331000.0,16635084.562799998,20492084.562799998,6.392392608438974,1.3842785198160719,0.20041533441012624,0.5031446540880503,0.005053873659495659,6.392392608438974,0.015226746110559417,1.1548132289343975,22.602017069021738,1.3766207019860972,0.0,2.7321016166281753,0.0,0.4748327125292547,0.6807532296912634,0.006065200909780136,-17.06162519261538,0.589378687955571,-0.5590909090909091,6.813067128233667,1.2283050602321606,0.23642094260837654,-0.058966969629793836,-0.5690866510538641,0.006944444444444444,4.7287708451035035,0.24104316827622896,0.2121719247618276,Restaurants,Consumer Cyclical,BDL
2007Q3,2007,Q3,2007-08-14,2007-06-30,427000.0,15407000.0,288000.0,0.22,9022000.0,0.5855779840332317,30855000.0,11900000.0,7263000.0,4854000.0,11016000.0,2202000.0,11147000.0,21389668.3,24195668.3,6.286680004289734,1.496291718170581,0.19886566196726624,0.5156302521008403,0.009602416788045529,6.286680004289734,0.03588235294117647,1.3883084507042254,12.523225,1.797451117647059,0.0,2.899636693914623,0.0,0.4993356020093988,0.7867737948084055,0.013838923999351807,-16.74993602192639,0.5855779840332317,0.29411764705882343,0.5452626450610322,1.3729512982541785,0.2591505217972562,-0.060697553357626235,0.286144578313253,-0.6444444444444445,61.05169024523863,0.38267572744855494,0.19262717260492557,Restaurants,Consumer Cyclical,BDL
2007Q2,2007,Q2,2007-05-15,2007-03-31,332000.0,16304000.0,810000.0,0.17,9605000.0,0.5891192345436702,30723000.0,11473000.0,7620000.0,6091000.0,12851000.0,2383000.0,10720000.0,21088032.89,24460032.89,6.077068006697329,1.2510261040879986,0.21941216678058784,0.5875533862111043,0.033090595154226535,6.077068006697329,0.02893750544757256,1.293426943694799,15.879542838855421,1.8380574296173624,0.0,2.811162400335711,0.0,0.5306773427074178,0.6225578722705631,0.010806236370146145,23.122843081140353,0.5891192345436702,0.0,-0.4467846989944095,1.169919938489256,0.2153323670630497,0.11349408764201252,0.024691358024691357,0.13764044943820225,0.3453570913390385,0.35348602972143145,0.14212681523062326,Restaurants,Consumer Cyclical,BDL
2007Q1,2007,Q1,2006-12-30,2006-12-30,324000.0,14985000.0,712000.0,0.17,8626000.0,0.5756423089756423,28896000.0,11113000.0,6684000.0,4523000.0,11319000.0,2643000.0,10388000.0,,,,,,,,,,,,,,,,,,,,,,,,,,,,,,,Restaurants,Consumer Cyclical,BDL
