Quarters,Year,Quarter,FillingDate,Date,NetIncome,Revenue,OperatingIncome,EPSDiluted,GrossProfit,GrossProfitRatio,TotalAssets,CommonStockEquity,CurrentAssets,CurrentLiability,TotalLiability,Inventory,RetainedEarnings,MarketCap,EnterpriseValue,bookValuePerShare,currentRatio,debtToAssets,debtToEquity,roic,shareholdersEquityPerShare,roe,priceToSalesRatio,peRatio,pbRatio,payoutRatio,inventoryTurnover,dividendYield,assetTurnover,quickRatio,returnOnAssets,priceToFreeCashFlowsRatio,grossProfitMargin,epsdilutedGrowth,fiveYNetIncomeGrowthPerShare,fiveYRevenueGrowthPerShare,fiveYShareholdersEquityGrowthPerShare,grossProfitGrowth,netIncomeGrowth,operatingIncomeGrowth,threeYNetIncomeGrowthPerShare,threeYRevenueGrowthPerShare,threeYShareholdersEquityGrowthPerShare,Industry,Sector,Symbol
2023Q1,2023,Q1,2023-05-03,2023-03-31,398000.0,100552000.0,67819000.0,0.01,100552000.0,1.0,10364297000.0,822807000.0,1612877000.0,0.0,30767000.0,0.0,572530000.0,1076109891.72,639690891.72,18.633604935970062,0.0,0.002968556381585746,0.03739273000837377,0.008752362855139988,18.633604935970062,0.00048371003163560835,10.70202374612141,675.9484244472362,1.307852135093649,3.3341708542713566,0.0,0.0012331454345048253,0.009701767519784507,0.0,3.840106087272489e-05,7.268508093292176,1.0,-0.75,-0.9711017005284648,0.6867121752751572,0.6575761826569075,0.06192970598175059,-0.7779017857142857,0.3187943607194944,1.0478219558118673,0.9999248431948935,0.4080378080954041,Banks—Regional,Financial Services,LOB
2022Q4,2022,Q4,2023-02-23,2022-12-31,1792000.0,94688000.0,51425000.0,0.04,94688000.0,1.0,9855498000.0,811033000.0,1298958000.0,50000000.0,9044465000.0,0.0,572497000.0,1328957644.0,1177921644.0,18.430381668356617,25.97916,0.013515603168911403,0.16423869312346107,0.13611707112698931,18.430381668356617,0.002209527849051765,14.035122127407908,185.40145703125,1.638598730261284,0.7366071428571429,0.0,0.0009932596467310737,0.009607632206916383,25.97916,0.0001818274429156193,73.67952785940012,1.0,-0.9583333333333333,-0.9773597616560927,0.7749911102399574,0.6821607638564016,-0.06598143563135622,-0.9581972566949706,-0.3263777000563262,-0.7598385246710038,0.4715994885904364,0.39484225156308195,Banks—Regional,Financial Services,LOB
2022Q3,2022,Q3,2022-11-02,2022-09-30,42868000.0,101377000.0,76341000.0,0.96,101377000.0,1.0,9314650000.0,802168000.0,1344668000.0,0.0,8512482000.0,0.0,571778000.0,1343796552.0,1040116552.0,18.26641150661324,0.0,0.0038236541362262674,0.04439967687566694,0.08799216255942832,18.26641150661324,0.05344017712000479,13.2554381368555,7.8368278902677995,1.6752058820596185,0.030768871885788935,0.0,0.0009815473912601616,0.010883608079745347,0.0,0.004602212643523911,101.36505634758996,1.0,-0.5555555555555556,1.8358921265474637,0.9391017272205948,0.8720798957708286,0.17422829675102797,-0.5582394707282639,-0.46098284261808936,9.085086385856666,0.6891880035785942,0.3915703830620098,Banks—Regional,Financial Services,LOB
2022Q2,2022,Q2,2022-08-03,2022-06-30,97039000.0,86335000.0,141630000.0,2.16,86335000.0,1.0,9120897000.0,791662000.0,1508461000.0,0.0,8329235000.0,0.0,530021000.0,1485219320.23,986685320.23,18.06428506184879,0.0,0.009451811592653661,0.1088962208619335,0.1279920675877034,18.06428506184879,0.12257630150240886,17.2029804856663,3.826346418012345,1.8760775687477735,0.013551252589165182,0.0,0.0008853911217613032,0.009465626023405373,0.0,0.010639194807265119,-17.078749815783723,1.0,1.842105263157895,6.825892349167888,0.5472375980083649,1.6316534653332728,-0.21124997716018928,1.8119910747920833,1.4461139896373056,17.035580457901336,0.6476160846780404,0.39912051751450883,Banks—Regional,Financial Services,LOB
2022Q1,2022,Q1,2022-05-04,2022-03-31,34509000.0,109458000.0,57900000.0,0.76,109458000.0,1.0,8619966000.0,713327000.0,1326605000.0,19982000.0,7906639000.0,0.0,434226000.0,2223991879.27,1958856879.27,16.32254657418779,66.39000100090081,0.025161700173759387,0.3040583070597356,0.05007223122061834,16.32254657418779,0.04837753232388512,20.31822141159166,16.11168013612391,3.117773306309729,0.03801906748964038,0.0,0.0005899302116294817,0.012698193937191864,66.39000100090081,0.0040033800597357345,16.304567196249348,1.0,0.15151515151515146,3.4529780792044877,1.137400645852203,1.487245824545223,0.04226854188289738,0.1446910140312469,-0.07126702276117608,12.369400203208109,1.3953271690829832,0.3100351662334174,Banks—Regional,Financial Services,LOB
2021Q4,2021,Q4,2022-02-24,2021-12-31,30147000.0,105019000.0,62343000.0,0.66,105019000.0,1.0,8213393000.0,715133000.0,187203000.0,0.0,7498260000.0,0.0,400893000.0,3796431693.88,3922767693.88,16.442798028114115,0.0,0.03875243763448309,0.4450766500776779,0.03806502585591276,16.442798028114115,0.04215579479621273,36.14995090297946,31.48266572030385,5.30870718297156,5.594453842836766,0.0,0.044424874092132416,0.012786311333209064,0.0,0.0036704684653467816,23.854124948979592,1.0,-0.13157894736842102,3.3303952218902904,1.3824699319809923,1.5260620808974195,0.04276550957184844,-0.10910487898578564,0.0,1.652910968517966,1.1363705884997155,0.33752197535152506,Banks—Regional,Financial Services,LOB
2021Q3,2021,Q3,2021-11-03,2021-09-30,33839000.0,100712000.0,0.0,0.76,100712000.0,1.0,8137341000.0,689423000.0,0.0,0.0,7447918000.0,0.0,371869000.0,2757080837.07,2989739837.07,15.91102622026103,0.0,0.0706644836439815,0.8340612367153403,0.0,15.91102622026103,0.049083073816800424,27.37589201952101,20.369106925958214,3.9991135153164312,0.038446762611188276,0.0,0.00047187589950485327,0.012376524469110979,0.0,0.004158483711079577,-90.38423934795438,1.0,-0.4609929078014184,6.678736753826134,1.1928859320293164,1.5415012093651916,-0.2834130236794171,-0.4677896259947784,0.0,1.1984181578298125,0.853401894404245,0.33760112946872967,Banks—Regional,Financial Services,LOB
2021Q2,2021,Q2,2021-08-04,2021-06-30,63582000.0,140544000.0,0.0,1.41,140544000.0,1.0,8243186000.0,657347000.0,0.0,0.0,7585839000.0,0.0,339011000.0,2547225408.0,3124749408.0,15.22577188426035,0.0,0.12282035125739005,1.5401774101045567,0.0,15.22577188426035,0.09672516950712486,18.124042349726775,10.015513069736718,3.875008797484434,0.020398855021861534,0.0,0.0005091814787676615,0.01704971839771661,0.0,0.007713279792546232,-31.47676101033068,1.0,0.6022727272727272,408.35760358101805,2.885549383394432,1.5108270538694129,0.4684359001149305,0.6126512288533239,0.0,3.1358922895201946,1.3166171459044878,0.3163402069838876,Banks—Regional,Financial Services,LOB
2021Q1,2021,Q1,2021-05-05,2021-03-31,39427000.0,95710000.0,0.0,0.88,95710000.0,1.0,8417875000.0,590360000.0,0.0,0.0,7827515000.0,0.0,275377000.0,2922715891.35,3752095891.35,13.834309561071871,0.0,0.1741485826292265,2.4831645097906363,0.0,13.834309561071871,0.06678467375838472,30.537205008358583,18.532451691417048,4.95073496061725,0.03251578867273696,0.0,0.00043863312332005194,0.01136985284290869,0.0,0.004683723623836182,-74.29563261267444,1.0,0.29411764705882343,5.7313111339730725,1.5077016417966607,1.3130786505141274,0.21660099148341172,0.3325334595106124,0.0,1.9622697776277567,0.6613045037847158,0.2306487183094109,Banks—Regional,Financial Services,LOB
2020Q4,2020,Q4,2021-02-25,2020-12-31,29588000.0,78670000.0,0.0,0.68,78670000.0,1.0,7872303000.0,567850000.0,0.0,14488000.0,7304453000.0,0.0,235724000.0,1961087588.46,3199513588.46,13.742456562668567,0.0,0.19588842045332858,2.7156696310645416,0.0,13.742456562668567,0.05210530950074844,24.928023242150758,16.569957317662567,3.4535310178039977,0.0427200216303907,0.0,0.0006445403088765617,0.00999326372473214,72.7336416344561,0.0037584935437571447,-3728.3034001140686,1.0,-0.16049382716049382,3.2812762727740137,1.1105421640195932,1.354304219448915,-0.1887097938516433,-0.124097098875074,0.0,-0.6018987524098175,0.5705267153408695,0.25428879578831054,Banks—Regional,Financial Services,LOB
2020Q3,2020,Q3,2020-11-04,2020-09-30,33780000.0,96969000.0,0.0,0.81,96969000.0,1.0,8093381000.0,584164000.0,0.0,4988000.0,7509217000.0,0.0,207400000.0,1026946489.68,2160884489.68,14.408612589552506,0.0,0.21622780393014984,2.9957580405502564,0.0,14.408612589552506,0.057826226881492186,10.590461793769142,7.600255252220248,1.7579763382885625,0.03602723505032564,0.0,0.001185066614696956,0.011981272103710427,277.0354851643946,0.004173781019329252,-4.823201841460093,1.0,8.000000000000002,8.427543869025959,2.220618662133926,1.4371425497782229,0.5377259752616556,7.943606036536934,0.0,1.4205585998716013,1.0090629555420474,0.47670350824440294,Banks—Regional,Financial Services,LOB
2020Q2,2020,Q2,2020-08-05,2020-06-30,3777000.0,63060000.0,0.0,0.09,63060000.0,1.0,8209154000.0,548435000.0,0.0,5000000.0,7660719000.0,0.0,174837000.0,587751796.21,1047651796.21,13.539374785945752,0.0,0.21002261621599497,3.143687036750025,0.0,13.539374785945752,0.00688686899997265,9.320516907865526,38.90334896809637,1.0716890720140035,0.321948636483982,0.0,0.002068900525427796,0.007681668537342581,408.8004,0.000460096131708578,50.13663705621428,1.0,1.473684210526316,-0.22620927155493506,1.1585687605441937,3.2782008449700855,0.37310832879695155,1.4968429360694555,0.0,-0.6704456788059091,0.2226905396268326,0.9724524082678215,Banks—Regional,Financial Services,LOB
2020Q1,2020,Q1,2020-05-06,2020-03-31,-7602000.0,45925000.0,0.0,-0.19,45925000.0,1.0,5276316000.0,533772000.0,0.0,50000000.0,4742544000.0,0.0,172276000.0,502967212.13000005,291321212.13000005,13.233739057884382,0.0,0.009936478406524552,0.09822171264135249,0.0,13.233739057884382,-0.014242035925451316,10.951926230375614,-16.540621288147857,0.9422884904603464,-0.1590370955011839,0.0,0.0024037352154229774,0.008703989677646297,16.76484,-0.0014407779973754414,-5.45180541454849,1.0,-2.117647058823529,-1.6681764146630467,0.2859994518213001,2.781725958137429,-0.22047391112469023,-2.112704918032787,0.0,-2.062853905956962,-0.02833822574697739,1.0165702738380356,Banks—Regional,Financial Services,LOB
2019Q4,2019,Q4,2020-02-27,2019-12-31,6832000.0,58914000.0,0.0,0.17,58914000.0,1.0,4814970000.0,532386000.0,0.0,0.0,4282584000.0,0.0,180265000.0,765948391.6700001,634579391.6700001,13.213237301711533,0.0,0.0005468362212017936,0.004945659728092023,0.0,13.213237301711533,0.012832794250787961,13.001126925179076,28.027971006659836,1.4387087407820642,0.17681498829039813,0.0,0.001577129755917619,0.012235590252898772,0.0,0.0014189081136538753,-5.164404952161982,1.0,0.8888888888888891,1.2736223144477465,1.363960276991668,3.723888049335346,0.07128050332763575,0.7540436456996149,0.0,0.05931469465838291,0.44268582710786025,1.029913501137922,Banks—Regional,Financial Services,LOB
2019Q3,2019,Q3,2019-11-07,2019-09-30,3895000.0,54994000.0,0.0,0.09,54994000.0,1.0,4603697000.0,528219000.0,0.0,1295000.0,4075478000.0,0.0,174641000.0,728357394.0,564931394.0,13.126473320321644,0.0,0.000727893256224291,0.006343959607662731,0.0,13.126473320321644,0.007373835473544117,13.244306542531913,46.74951181001284,1.3788928342221694,0.31014120667522466,0.0,0.0016585264458782991,0.011945616751058985,569.553667953668,0.0008460591563693267,-7.05212325477818,1.0,-0.25,3.3217030672194254,0.9010873222821368,0.0,0.14423036910657067,-0.21073961499493415,0.0,-0.04829721824088192,0.28935274209601186,1.0967188009416826,Banks—Regional,Financial Services,LOB
2019Q2,2019,Q2,2019-08-06,2019-06-30,4935000.0,48062000.0,0.0,0.12,48062000.0,1.0,4274301000.0,518986000.0,0.0,1345000.0,3755315000.0,0.0,171954000.0,688970786.6800001,569951786.6800001,12.911171579371441,0.0,0.0008242283358144408,0.006788237062271429,0.0,12.911171579371441,0.00950892702307962,14.335041959968375,34.90226882877406,1.327532508930877,0.24437689969604864,0.0,0.0017504370625225651,0.011244411659356699,519.5665427509293,0.0011545747480114293,-4.335767423601672,1.0,1.0,-0.47249183807366607,0.7210813040696543,0.0,0.14452408734789132,1.080522765598651,0.0,33.12567184576961,0.42714249742476523,1.129134676721876,Banks—Regional,Financial Services,LOB
2019Q1,2019,Q1,2019-05-07,2019-03-31,2372000.0,41993000.0,0.0,0.06,41993000.0,1.0,4058047000.0,500380000.0,0.0,1393000.0,3557667000.0,0.0,168225000.0,604811377.08,380126377.08000004,12.459624745126495,0.0,0.0009176828163892631,0.00744234381869779,0.0,12.459624745126495,0.004740397298053479,14.40267132807849,63.74487532462057,1.2087041390143491,0.5080101180438449,0.0,0.0019923567010555945,0.010348081232178927,572.9705671213209,0.0005845176263360183,-5.014063462855343,1.0,-0.7692307692307693,4.672505044589479,0.8518764790062826,0.0,-0.07459561902243378,-0.7738798856053384,0.0,-0.5696864008415764,0.1691221926628786,1.0832331287761545,Banks—Regional,Financial Services,LOB
2018Q4,2018,Q4,2019-02-27,2018-12-31,10490000.0,45378000.0,0.0,0.26,45378000.0,1.0,3670449000.0,493560000.0,0.0,1441000.0,3176889000.0,0.0,167124000.0,594593583.15,271977583.15,12.293478784744938,0.0,0.00039695416010411804,0.002952022043925764,0.0,12.293478784744938,0.0212537482778183,13.103124490942747,14.170485775738799,1.2047037506078289,0.11487130600571974,0.0,0.00202659435646148,0.012363065118191262,488.94031922276196,0.002857960974256828,-3.8130372082956576,1.0,-0.23529411764705885,2.503468247281006,0.8273395214187034,3.3950635404460594,-0.09808598175421859,-0.2639629525680606,0.0,0.5622021452894418,0.25295170422715624,1.1060709810248466,Banks—Regional,Financial Services,LOB
2018Q3,2018,Q3,2018-11-07,2018-09-30,14252000.0,50313000.0,0.0,0.34,50313000.0,1.0,3444757000.0,477230000.0,0.0,0.0,2967527000.0,0.0,157839000.0,1053940867.47,686131867.47,11.895194964870129,0.0,0.0004371861353355258,0.0031557110827064518,0.0,11.895194964870129,0.02986400687299625,20.94768484228728,18.487595907065675,2.2084547649351465,0.08447937131630648,0.0,0.0011423790813712528,0.014605674652812956,0.0,0.004137301992564352,8.16122709826545,1.0,0.0,14.861091201248165,0.7445232278150604,0.0,-0.10549895994453037,-7.016066792955869e-05,0.0,3.019492134626745,0.6886632600924957,1.0120109140704594,Banks—Regional,Financial Services,LOB
2018Q2,2018,Q2,2018-08-07,2018-06-30,14253000.0,56247000.0,0.0,0.34,56247000.0,1.0,3472969000.0,462986000.0,0.0,0.0,3009983000.0,0.0,144791000.0,1226837848.3999999,835031848.3999999,11.566745286271361,0.0,0.0009746703756929589,0.007311236192887042,0.0,11.566745286271361,0.030784948140980505,21.811613924298182,21.518940721251663,2.649837896610265,0.08426296218339999,0.0,0.0009789394756334778,0.01619565276856776,0.0,0.00410398134852341,256.39244480668754,1.0,0.13333333333333347,0.5299654198305566,1.0227034482315218,0.0,0.043485520286440454,0.1445434834979523,0.0,1.9549673578997333,0.9484135928072083,2.6548851213311973,Banks—Regional,Financial Services,LOB
2018Q1,2018,Q1,2018-05-07,2018-03-31,12453000.0,53903000.0,0.0,0.3,53903000.0,1.0,3460863000.0,448836000.0,0.0,0.0,3012027000.0,0.0,131739000.0,1109964511.8,583251511.8,11.241477243056483,0.0,0.0010081300531110304,0.007773440633104297,0.0,11.241477243056483,0.027745100660374836,20.591887497912918,22.283074596482777,2.472984590808224,0.09628202039669156,0.0,0.0010802147161044036,0.015575016982758347,0.0,0.0035982354690145203,-14.268913494195838,1.0,-0.8275862068965517,28.954693260098303,1.3909953582804286,0.0,0.11498841634949529,-0.8263906315349226,0.0,0.10572260516651713,0.5248020911527911,2.2124092905209602,Banks—Regional,Financial Services,LOB
2017Q4,2017,Q4,2018-03-08,2017-12-31,71730000.0,48344000.0,0.0,1.74,48344000.0,1.0,2758474000.0,436933000.0,0.0,0.0,2321541000.0,0.0,120241000.0,951122378.25,679415378.25,10.956373531210204,0.0,0.009629962073233245,0.06079650655821373,0.0,10.956373531210204,0.1641670462061689,19.674052172968725,3.314939280112924,2.176815159875771,0.016673637250801617,0.0,0.0012574617392564751,0.01752563192547764,0.0,0.02600350773652389,-11.320190171982862,1.0,4.2727272727272725,23.117965592250084,0.9598986803932517,2.917032654929603,0.08677277223271289,4.576893173689939,0.0,23.117965592250084,0.9598986803932517,2.917032654929603,Banks—Regional,Financial Services,LOB
2017Q3,2017,Q3,2017-11-06,2017-09-30,12862000.0,44484000.0,0.0,0.33,44484000.0,1.0,2432189000.0,364591000.0,0.0,0.0,2067598000.0,0.0,49707000.0,876233661.4499999,638948661.4499999,9.757282019789038,0.0,0.011048483485452816,0.073704507242362,0.0,9.757282019789038,0.03527788672786766,19.69772640612355,17.03144264986005,2.403333218455749,0.09298709376457782,0.0,0.0013649327258448934,0.018289697058904552,0.0,0.005288240346453339,-10.726195804311368,1.0,0.2222222222222222,14.368972733103059,0.6560729401016191,0.0,0.009210944235219384,0.3131189382337928,0.0,14.368972733103059,0.6560729401016191,0.0,Banks—Regional,Financial Services,LOB
2017Q2,2017,Q2,2017-08-07,2017-06-30,9795000.0,44078000.0,0.0,0.27,44078000.0,1.0,2198107000.0,237631000.0,0.0,33396000.0,1960476000.0,0.0,38041000.0,837773048.1999999,686823048.1999999,6.864233950179731,0.0,0.028284792323576606,0.261636739314315,0.0,6.864233950179731,0.041219369526703166,19.006603026453103,21.382670959673302,3.5255208630187136,0.0706482899438489,0.0,0.0008259993580442804,0.020052708990053715,8.567373338124327,0.00445610700480004,-8.32776389860835,1.0,0.5882352941176471,0.2156972613651705,0.832738063807372,0.0,0.09133675010522667,0.6025850785340314,0.0,0.2156972613651705,0.832738063807372,0.0,Banks—Regional,Financial Services,LOB
2017Q1,2017,Q1,2017-05-08,2017-03-31,6112000.0,40389000.0,0.0,0.17,40389000.0,1.0,1932125000.0,226189000.0,0.0,36695000.0,1705936000.0,0.0,28938000.0,746208471.5999999,621894471.5999999,6.562498331732957,0.0,0.02099915895710681,0.17937653908899195,0.0,6.562498331732957,0.027021650036031814,18.47553719081928,30.52227059882199,3.299048457705724,0.11321989528795812,0.0,0.0009273547893609843,0.020903927023355116,6.363728028341736,0.0031633564080998902,-5.133625980172953,1.0,0.06250000000000006,16.030847389525405,1.0753479477783463,0.0,0.16401521701538993,0.11532846715328467,0.0,16.030847389525405,1.0753479477783463,0.0,Banks—Regional,Financial Services,LOB
2016Q4,2016,Q4,2017-03-09,2016-12-31,5480000.0,34698000.0,0.0,0.16,34698000.0,1.0,1755261000.0,222847000.0,0.0,0.0,1532414000.0,0.0,23518000.0,633354437.5,415939437.5,6.509261253893086,0.0,0.015862598211889855,0.12494222493459638,0.0,6.509261253893086,0.024590862789267972,18.253341330912445,28.893906820255477,2.8421043922511857,0.125,0.0,0.0010815429077971842,0.019768000314483145,0.0,0.0031220428187033154,-11.075728131994964,1.0,0.6,1.1463143350248381,0.6385828657724314,1.3271376079262713,-0.0429985933750724,0.575165277378557,0.0,1.1463143350248381,0.6385828657724314,1.3271376079262713,Banks—Regional,Financial Services,LOB
2016Q3,2016,Q3,2016-11-08,2016-09-30,3479000.0,36257000.0,0.0,0.1,36257000.0,1.0,1669740000.0,214152000.0,0.0,23995000.0,1455588000.0,0.0,18723000.0,493264118.06,158353118.06,6.260483434605659,0.0,0.016813396097596033,0.13109380253278047,0.0,6.260483434605659,0.016245470506929656,13.604658908900351,35.44582624748491,2.303336499589077,0.19660822075308998,0.0,0.001386681039541577,0.021714159090636866,18.058720566784746,0.002083557919197001,-102.5497126943867,1.0,27.62049227246709,3.5410217875282783,0.4744509087495097,0.0,0.26577991900572545,27.284552845528456,0.0,3.5410217875282783,0.4744509087495097,0.0,Banks—Regional,Financial Services,LOB
2016Q2,2016,Q2,2016-08-08,2016-06-30,123000.0,28644000.0,0.0,0.003494,28644000.0,1.0,1395304000.0,207325000.0,0.0,23995000.0,1187954000.0,0.0,15928000.0,482409851.87,326576851.87,6.064046450668934,0.0,0.020191298813735215,0.13588809839623778,0.0,6.064046450668934,0.0005932714337392982,16.841567234673928,980.507829004065,2.326829142023393,2.7804878048780486,0.0,0.0007089407454559248,0.02052885966069043,10.452594290477183,8.815283264435564e-05,-6.288911871903843,1.0,-0.973123076923077,-0.9845421896948902,0.20596317969319292,0.0,-0.06291098243203455,-0.9737795779151567,0.0,-0.9845421896948902,0.20596317969319292,0.0,Banks—Regional,Financial Services,LOB
2016Q1,2016,Q1,2016-05-12,2016-03-31,4691000.0,30567000.0,0.0,0.13,30567000.0,1.0,1268541000.0,204408000.0,0.0,23995000.0,1064108000.0,0.0,16147000.0,512651295.0,305366295.0,5.9809075484730805,0.0,0.02228623276661929,0.13830671989354623,0.0,5.9809075484730805,0.022949199639935816,16.77139709490627,27.321002717970583,2.5079805829517436,0.21871669153698572,0.0,0.002001360398397121,0.024096186090950156,12.137111898312149,0.003697949061165544,-5.44580021670544,1.0,-0.1875,12.18225837083317,0.5839888171041495,0.0,-0.008337658967038671,-0.17917760279965003,0.0,12.18225837083317,0.5839888171041495,0.0,Banks—Regional,Financial Services,LOB
2015Q4,2015,Q4,2016-03-14,2015-12-31,5715000.0,30824000.0,0.0,0.16,30824000.0,1.0,1052622000.0,199455000.0,0.0,24000000.0,853134000.0,0.0,12140000.0,485211941.0,400729941.0,5.83716261014277,0.0,0.026956495304107268,0.14226266576420746,0.0,5.83716261014277,0.02865307964202452,15.741368446664936,21.225369247594053,2.432688781930761,0.08923884514435695,0.0,0.0010510870753694002,0.02928306647590493,6.942458333333334,0.005429299406624601,-6.91391927784665,1.0,0.7777777777777779,1.2426471873983314,0.4584277392765431,1.08685442230791,0.26447060753989415,0.9700103412616339,0.0,1.2426471873983314,0.4584277392765431,1.08685442230791,Banks—Regional,Financial Services,LOB
2015Q3,2015,Q3,2015-11-13,2015-09-30,2901000.0,24377000.0,0.0,0.09,24377000.0,1.0,1012766000.0,194062000.0,0.0,24000000.0,818670000.0,0.0,7108000.0,644674888.6800001,546872888.6800001,5.912092663953396,0.0,0.04154859069123568,0.21683276478651153,0.0,5.912092663953396,0.014948830786037452,26.44603063051237,55.55626410548087,3.3220047648689595,0.0,0.0,0.0,0.02406972587942328,7.979541666666667,0.0028644326527549305,-6.891675454117849,1.0,-0.2531306274532584,2.9460435970528525,0.03307940016383431,0.0,0.03507282068701966,-0.2627700127064803,0.0,2.9460435970528525,0.03307940016383431,0.0,Banks—Regional,Financial Services,LOB
2015Q2,2015,Q2,2015-06-30,2015-06-30,3935000.0,23551000.0,0.0,0.120503,23551000.0,1.0,899415000.0,103344000.0,0.0,24000000.0,796034000.0,0.0,4206000.0,622728180.2,535731180.20000005,3.164735662624185,0.0,0.06058382392999894,0.5272681529648552,0.0,3.164735662624185,0.03807671466171234,26.44168741030105,39.56341678526048,6.025779727899056,0.21829733163913595,0.0,0.0013794140482354872,0.026184797896410445,8.008583333333334,0.004375066015132058,-4.20313570782543,1.0,-0.5618072727272728,-0.4822394854073814,0.038128380800956804,0.0,-0.07059984214680347,-0.5125727734423386,0.0,-0.4822394854073814,0.038128380800956804,0.0,Banks—Regional,Financial Services,LOB
2015Q1,2015,Q1,2015-03-31,2015-03-31,8073000.0,25340000.0,0.0,0.275,25340000.0,1.0,723032000.0,100153000.0,0.0,19507000.0,622864000.0,0.0,1130000.0,545785688.4,538431688.4,3.499391337283002,0.0,0.06944367607519446,0.5013329605703274,0.0,3.499391337283002,0.080606671792158,21.538503883188632,16.901575882571535,5.449519119746788,0.16883438622569058,0.0,0.0024973172235345847,0.03504685823034112,5.553954990516225,0.011165480919240089,-10.248726638374581,1.0,2.687402542892157,26.09060402684564,0.568069306930693,0.0,0.24809141506181354,2.297794117647059,0.0,26.09060402684564,0.568069306930693,0.0,Banks—Regional,Financial Services,LOB
2014Q4,2014,Q4,2014-12-31,2014-12-31,2448000.0,20303000.0,0.0,0.0745782422182494,20303000.0,1.0,673315000.0,91814000.0,0.0,35224000.0,581501000.0,0.0,-6943000.0,625964874.09,634011874.09,2.797110592739522,0.0,0.07121332511528779,0.5222406168993835,0.0,2.797110592739522,0.026662600474873115,30.831151755405607,63.92615135723039,6.817749734136406,2.274918300653595,0.0,0.008896665341000108,0.03015379131610019,2.532932091755621,0.0036357425573468583,-5.615747170347909,1.0,2.4161624395698498,0.0,0.0,0.0,-0.01317196461553417,2.8190327613104524,0.0,0.0,0.0,0.0,Banks—Regional,Financial Services,LOB
2014Q3,2014,Q3,2014-09-30,2014-09-30,641000.0,20574000.0,0.0,0.021831,20574000.0,1.0,,,,,,,,545785688.4,,,0.0,0.0,0.0,0.0,,0.0,26.527932750072907,212.86493307332293,0.0,47.10452418096724,0.0,0.055322080885842444,0.0,0.0,0.0,-8.571024347498351,1.0,-0.903768420031826,0.0,0.0,0.0,0.034753306845043505,-0.9037682029725267,0.0,0.0,0.0,0.0,Banks—Regional,Financial Services,LOB
2014Q2,2014,Q2,2014-06-30,2014-06-30,6661000.0,19883000.0,0.0,0.226859,19883000.0,1.0,,,,,,,,545785688.4,,,0.0,0.0,0.0,0.0,,0.0,27.44986613690087,20.48437503377871,0.0,0.48025821948656355,0.0,0.005861274980254685,0.0,0.0,0.0,-7.468638400591157,1.0,21.461287128712872,0.0,0.0,0.0,0.23038366336633664,21.35234899328859,0.0,0.0,0.0,0.0,Banks—Regional,Financial Services,LOB
2014Q1,2014,Q1,2014-03-31,2014-03-31,298000.0,16160000.0,0.0,0.0101,16160000.0,1.0,,,,,,,,545785688.4,,,0.0,0.0,0.0,0.0,,0.0,33.77386685643564,457.87389966442953,0.0,16.399328859060404,0.0,0.00895406402891674,0.0,0.0,0.0,-19.75122818369341,1.0,0.0,0.0,0.0,0.0,0.0,0.0,0.0,0.0,0.0,0.0,Banks—Regional,Financial Services,LOB
