Year,Date,FillingDate,NetIncome,Revenue,OperatingIncome,EPSDiluted,GrossProfit,GrossProfitRatio,TotalAssets,CommonStockEquity,CurrentAssets,CurrentLiability,TotalLiability,Inventory,RetainedEarnings,EnterpriseValue,bookValuePerShare,currentRatio,debtToAssets,debtToEquity,roic,shareholdersEquityPerShare,roe,priceToSalesRatio,peRatio,pbRatio,payoutRatio,inventoryTurnover,dividendYield,assetTurnover,quickRatio,returnOnAssets,priceToFreeCashFlowsRatio,grossProfitMargin,epsdilutedGrowth,fiveYNetIncomeGrowthPerShare,fiveYRevenueGrowthPerShare,fiveYShareholdersEquityGrowthPerShare,grossProfitGrowth,netIncomeGrowth,operatingIncomeGrowth,threeYNetIncomeGrowthPerShare,threeYRevenueGrowthPerShare,threeYShareholdersEquityGrowthPerShare,Industry,Sector,Price,MarketCap,AvgVolume,Symbol
2022,2022-12-31,2023-02-15,284184000.0,1460209000.0,390439000.0,6.78,570496000.0,0.3906947567,2901661000.0,1217317000.0,452752000.0,237636000.0,1684344000.0,145952000.0,585212000.0,3154543060.0,29.272279132400328,1.9052332138228214,0.2867409390690367,0.6834908244935378,0.15143275080574686,29.272279132400328,0.2334511059978625,1.6720305517908738,8.59131428933367,2.0056518228201856,0.24193832165076148,6.095928798509099,0.028160804447712254,0.5032321142959153,1.1083716271945327,0.09793838770276748,11.19062248195256,0.3906947567094847,0.602836879432624,2.7222621982418955,0.6312033892413804,0.6573643517101263,0.3452905069693847,0.6076574512499363,0.5635822640844507,2.125475891818945,0.5168171202143,0.48783941377967277,Utilities—Diversified,Utilities,79.11,3299725566,176773,OTTR
2021,2021-12-31,2022-02-16,176769000.0,1196844000.0,249708000.0,4.23,424069000.0,0.354322702,2754830000.0,990777000.0,369354000.0,387699000.0,1764053000.0,148490000.0,369783000.0,3816910220.0,23.87932322672387,0.9526823644115667,0.31042205871142686,0.8631205609334895,0.11235882966237205,23.87932322672387,0.1784145170911315,2.475917680165502,16.76361364266359,2.990872032758128,0.3669421674614893,5.204222506566099,0.021889204516597618,0.4344529426498187,0.455224284818893,0.06416693589078092,49.8752351297674,0.35432270203969773,0.8076923076923079,1.6351314123916014,0.3837612767378423,0.37361268356353544,0.40416479033667985,0.8442061115689977,0.6885168305316257,1.0488470596414103,0.24643852192697255,0.2973904046935631,Utilities—Diversified,Utilities,79.11,3299725566,176773,OTTR
2020,2020-12-31,2021-02-19,95851000.0,890107000.0,147886000.0,2.34,302008000.0,0.3392940399,2578354000.0,870966000.0,234832000.0,436786000.0,1707388000.0,92165000.0,257878000.0,2579006100.0,21.39439941046426,0.5376362795510845,0.3279285932032607,0.970779571188772,0.07115626058019586,21.39439941046426,0.11005136825088464,1.9488141313347722,18.09739178516656,1.9916427277298998,0.629247477856256,6.380936364129551,0.034770064400772696,0.3452229600745282,0.2635661399403827,0.037175267631985365,-10.866574997494236,0.3392940399300309,0.07834101382488476,0.48759464864151253,0.05130529374908429,0.3258714236876379,0.3202477803375723,0.10367658065333288,0.096426453143535,0.28247832536652556,0.01573719845691818,0.21132743879530036,Utilities—Diversified,Utilities,79.11,3299725566,176773,OTTR
2019,2019-12-31,2020-02-20,86847000.0,919503000.0,134880000.0,2.17,228751000.0,0.2487767849,2273595000.0,781482000.0,254860000.0,189741000.0,1492113000.0,97851000.0,222341000.0,2734176242.63,19.674353872665403,1.343199413937947,0.31584033216118085,0.9188861675636802,0.07380414968545353,19.674353872665403,0.11113115849117446,2.2156341443475442,23.45829150839983,2.6069471115521536,0.6416226236945433,7.059222695731265,0.02735163485647683,0.4044269098058361,0.6868151849099562,0.03819809596695981,-91.24338241804013,0.24877678485007662,0.053398058252427126,0.38309355957584107,0.057571204713149124,0.2542594498014757,-0.1564730957578618,0.05467241484000243,0.042437919761339836,0.35234156150875673,0.11048367412516227,0.13172981343819495,Utilities—Diversified,Utilities,79.11,3299725566,176773,OTTR
2018,2018-12-31,2019-02-22,82345000.0,916447000.0,129389000.0,2.06,271184000.0,0.2959080012264757,2052517000.0,728863000.0,241420000.0,170093000.0,1323654000.0,106270000.0,190433000.0,2573653220.16,18.405657341333615,1.41934118394055,0.2965982742164864,0.8352365259314851,0.0821722138581548,18.405657341333615,0.1129773359328159,2.144958977616818,23.872016760701925,2.696996856967633,0.6460380108081851,6.071920579655594,0.027062565232096006,0.4464991032960994,0.6573521544096464,0.04011903433686542,51.69874076637825,0.2959080012264757,0.13186813186813187,0.4779110669860899,-0.06344385881873746,0.24411423855397751,0.05530563641174914,0.13674954099311146,0.025805888975216833,0.3138074605574704,0.11275747235729786,0.14065062705732043,Utilities—Diversified,Utilities,79.11,3299725566,176773,OTTR
2017,2017-12-31,2018-02-20,72439000.0,849350000.0,126134000.0,1.82,256972000.0,0.3025513628068523,2004278000.0,696892000.0,239127000.0,256653000.0,1307386000.0,88034000.0,161286000.0,2340596251.45,17.661945668251022,0.9317132470689998,0.3008250352496011,0.8651799704975807,0.0705749152032942,17.661945668251022,0.10394580508888035,2.0649617371519398,24.21175404754345,2.5167102670858617,0.6989605047005066,6.728968353136288,0.028868643854881047,0.42376855905218735,0.452170829875357,0.03614219185162936,43.13090820996459,0.3025513628068523,0.13043478260869562,13.550722348343758,-0.09691889200465911,0.1845736442283388,0.07486384968670788,0.16235297893166029,0.13532975094285277,0.16134365242354617,-0.016589764504718763,0.12596644340437133,Utilities—Diversified,Utilities,79.11,3299725566,176773,OTTR
2016,2016-12-31,2017-02-22,62321000.0,803539000.0,111099000.0,1.61,239074000.0,0.2975263179509644,1912385000.0,670104000.0,208015000.0,215671000.0,1242281000.0,83740000.0,139479000.0,2154120527.2,17.384320567552003,0.9645014860597855,0.3040313535192966,0.8676638253166673,0.06706279611432309,17.384320567552003,0.09300198178193236,1.9572111959718195,25.23540262832753,2.3469424554994447,0.774121082781085,6.740685454979699,0.03067599491803273,0.4201763766187248,0.4397160489820143,0.032588103336932676,739.3961105782791,0.2975263179509644,0.018987341772151913,5.385568797206376,-0.30525324322599207,0.06394818279863118,0.07155214916408946,0.050147442918527255,0.01725969198088157,0.149094018524782,-0.1563865300034974,0.17507787657808846,Utilities—Diversified,Utilities,79.11,3299725566,176773,OTTR
2015,2015-12-31,2016-02-29,59345000.0,779804000.0,109214000.0,1.58,223110000.0,0.2861103559355941,1820904000.0,605023000.0,206689000.0,271238000.0,1215881000.0,85416000.0,126025000.0,1577652477.1799998,16.136104171368405,0.7620208082938231,0.3180623470539908,0.9572545175968517,0.06734928739838236,16.136104171368405,0.09808718015678743,1.2804390297818427,16.825199716572584,1.6503363957733839,0.778886174066897,6.517444038587619,0.04629283379618401,0.42825102256900965,0.34624941932915004,0.032590954822439844,-23.469619151466716,0.2861103559355941,0.006369426751592362,43.14006042834237,-0.3349825203643504,-0.10806275443315312,0.03199456041592466,0.02809971761689448,0.09728627261858115,11.820171606655883,-0.12747221946978224,0.08223658259157013,Utilities—Diversified,Utilities,79.11,3299725566,176773,OTTR
2014,2014-12-31,2015-03-02,57723000.0,799262000.0,99531000.0,1.57,216193000.0,0.27049077774246744,1791279000.0,572766000.0,307149000.0,201699000.0,1218513000.0,85203000.0,112903000.0,1640029731.1200001,15.686032005403238,1.5228087397557748,0.28445819997889776,0.8896198447533548,0.07122894651526937,15.686032005403238,0.10077937587077446,1.4144119589321151,19.58466696325555,1.9737305131938698,0.7667827382499177,6.84329190286727,0.03915219695532958,0.4461962653500655,0.45288771882855144,0.03222446084613285,-22.11954549424748,0.27049077774246744,0.12949640287769795,1.1536274050849669,-0.2532552376492296,-0.1902787286203711,-0.017201798369829574,0.13482748451784135,0.02767137148816223,5.288059122433459,-0.270493629544121,-0.03998978949914486,Utilities—Diversified,Utilities,79.11,3299725566,176773,OTTR
2013,2013-12-31,2014-03-03,50865000.0,893313000.0,96851000.0,1.39,219977000.0,0.24624851535799883,1596019000.0,534830000.0,250590000.0,232892000.0,1061189000.0,72681000.0,99441000.0,1497972424.28,14.794185912321316,1.0759923054463012,0.2762949563883638,0.8245087223977713,0.07815662751550032,14.794185912321316,0.09510498663126601,1.184523704770892,20.80311460296864,1.9784799362040275,0.8614567974048953,9.264264388217002,0.041409991428974,0.5597132615589163,0.5012280370300397,0.03186992134805413,-63.43066924109819,0.24624851535799883,9.176470588235292,0.25814917593767084,-0.4080771180619664,-0.32804267521582925,0.0701144169212508,10.646311397686327,0.18072098211564486,38.46093186243115,-0.20986779417256002,-0.18223845775279876,Utilities—Diversified,Utilities,79.11,3299725566,176773,OTTR
2012,2012-12-31,2013-02-27,-5273000.0,859239000.0,82027000.0,-0.17,205564000.0,0.2392396062096809,1602337000.0,537474000.0,323632000.0,173128000.0,1064863000.0,69336000.0,92221000.0,1270693600.0,14.90996001329783,1.8693221200499053,0.2632754532910368,0.7848863386880109,0.0810670800410887,14.90996001329783,-0.009810707122577093,1.0488346082987388,-170.9083254314432,1.6767315256179836,-8.3398444908022,9.427642206068997,0.04879718100185575,0.5362411278027032,0.9852825655006701,-0.0032908183484497955,7.651225538056629,0.2392396062096809,0.575,-1.080459129444543,-0.4289425094874296,-0.17765494715255697,-0.1841241491536187,0.6018273805029072,0.5687238233662912,-1.1992794874400894,-0.18683223899084422,-0.23033997546171703,Utilities—Diversified,Utilities,79.11,3299725566,176773,OTTR
2011,2011-12-31,2012-02-29,-13243000.0,1077850000.0,52289000.0,-0.4,251955000.0,0.23375701628241408,1700522000.0,586948000.0,399596000.0,187504000.0,1113574000.0,77983000.0,141248000.0,1251301853.1,16.339442886987154,2.13113320249168,0.2792954163486271,0.8091824147965407,0.043890706871911815,16.339442886987154,-0.02256247572186974,0.7338737793756088,-59.730110481008836,1.347659167592359,-3.316695612776561,10.590705666619648,0.055528034119928564,0.633834787200636,1.0574867736154963,-0.00778760874602034,25.760628316941315,0.23375701628241408,-9.64986755952381,-1.2120116916502417,-0.20180236803327356,-0.05367896316417822,-0.0176695115152035,-8.853422619047619,0.5150522991336598,-1.3296565985700184,-0.28124296870304344,-0.2578565393274224,Utilities—Diversified,Utilities,79.11,3299725566,176773,OTTR
2010,2010-12-31,2011-02-28,-1344000.0,1119084000.0,34513000.0,-0.0375591525213188,256487000.0,0.22919369770276404,1770555000.0,647363000.0,369432000.0,264590000.0,1123192000.0,95016000.0,198443000.0,1322101329.6999998,18.09107563516258,1.3962432442647115,0.2911742363270274,0.7963692704093376,-0.015300212340014642,18.09107563516258,-0.0020761149463284123,0.7207335014172305,-600.1200369791667,1.2459181783636073,-32.513392857142854,9.07843942072914,0.05417814912630816,0.632052661453612,0.595850183302468,-0.0007590840160288723,41.51540712888614,0.22919369770276404,-1.052900214818759,-1.01754713936037,-0.12662059047246133,0.09868804560038076,0.08984333504714395,-1.051630747954362,-0.23963428067856357,-1.0206592391909948,-0.25075123585461545,-0.002203457554793525,Utilities—Diversified,Utilities,79.11,3299725566,176773,OTTR
2009,2009-12-31,2010-02-26,26031000.0,1039512000.0,45390000.0,0.71,235343000.0,0.22639757886392847,1754678000.0,686996000.0,350023000.0,207042000.0,1067682000.0,86515000.0,243352000.0,1378570067.54,19.37213774645796,1.6905893490209716,0.28655286041085604,0.7318936354796826,0.04634837473886366,19.37213774645796,0.037891050311792206,0.8467377649704861,33.813302122085204,1.2812215319157607,1.6535284852675656,9.29513957117263,0.04890171564129967,0.5924232252299282,0.7684962471382618,0.014835200532519357,-61.23089165495652,0.22639757886392847,-0.34862385321100925,-0.5461517828310933,-0.13327327622020166,0.13647028775458553,-0.8010521261469324,-0.25890391459074735,-0.3781510302498904,-0.5778663169419034,-0.22022853488860047,0.12196368044802777,Utilities—Diversified,Utilities,79.11,3299725566,176773,OTTR
2008,2008-12-31,2008-12-31,35125000.0,1311197000.0,72992000.0,1.09,1182938000.0,0.9021817469075967,1692587000.0,691518000.0,393011000.0,304744000.0,1001069000.0,101955000.0,260364000.0,1203593970.0,22.016555764271388,1.289643110282729,0.2007140548757612,0.49127571516576574,0.049562741169468336,22.016555764271388,0.05079405019102901,0.5588572655367576,20.861835444839855,1.0596571166621838,1.0844982206405693,1.2579961747829924,0.05198479412360711,0.7746703714491485,0.688381067387709,0.02075225675253325,-4.74080476427698,0.9021817469075967,-0.3876404494382022,-0.2760143832200325,0.4228452226815741,0.6177792423190885,0.07177849354226408,-0.34906691870054296,-0.27568618889793,-0.47754033899079856,0.16583632839945497,0.33708614740871085,Utilities—Diversified,Utilities,79.11,3299725566,176773,OTTR
TTM,,,,,,,,,,,,,,,,4080381566.0,30.355904112221367,1.7311517008046817,0.29615486324274204,0.7000728767812676,0.138670806107876,30.355904112221367,0.22976288569241643,2.3165950563962294,11.991129169670359,2.6060828136609544,0.25423975650071723,6.006375762432046,0.021514347111616736,0.47679628842375166,1.0649917702999268,0.09193984086549888,20.763307341383456,0.3895439859700952,,,,,,,,,,,Utilities—Diversified,Utilities,79.11,3299725566,176773,OTTR
