Quarters,Year,Quarter,FillingDate,Date,NetIncome,Revenue,OperatingIncome,EPSDiluted,GrossProfit,GrossProfitRatio,TotalAssets,CommonStockEquity,CurrentAssets,CurrentLiability,TotalLiability,Inventory,RetainedEarnings,MarketCap,EnterpriseValue,bookValuePerShare,currentRatio,debtToAssets,debtToEquity,roic,shareholdersEquityPerShare,roe,priceToSalesRatio,peRatio,pbRatio,payoutRatio,inventoryTurnover,dividendYield,assetTurnover,quickRatio,returnOnAssets,priceToFreeCashFlowsRatio,grossProfitMargin,epsdilutedGrowth,fiveYNetIncomeGrowthPerShare,fiveYRevenueGrowthPerShare,fiveYShareholdersEquityGrowthPerShare,grossProfitGrowth,netIncomeGrowth,operatingIncomeGrowth,threeYNetIncomeGrowthPerShare,threeYRevenueGrowthPerShare,threeYShareholdersEquityGrowthPerShare,Industry,Sector,Symbol
2023Q1,2023,Q1,2023-05-04,2023-03-31,-39741000.0,13499000.0,-36752000.0,-0.86,13499000.0,1.0,338520000.0,217523000.0,258164000.0,75087000.0,120997000.0,8902000.0,-637863000.0,781645834.4977919,692186834.4977919,4.695710012561153,3.438198356573042,0.038922367954626017,0.06057290493419087,-0.14898688518996522,4.695710012561153,-0.18269792159909526,57.90398062803111,-4.9171248490085295,3.5933939606284944,0.0,0.0,0.0,0.03987652132813423,3.287506492468736,-0.1173963133640553,-19.365404813759927,1.0,0.5943396226415095,0.0,0.0,0.0,0.3056388432150111,0.5151881130142,0.3151333320910124,-0.50501035898529,0.33867995394385153,0.18620094971109158,Biotechnology,Healthcare,MRUS
2022Q4,2022,Q4,2023-02-28,2022-12-31,-81972000.0,10666000.0,-53663000.0,-2.12,10339000.0,0.9693418339,376542000.0,247055000.0,306443000.0,78926000.0,129487000.0,9312000.0,-598122000.0,560688861.1247196,426413861.1247196,6.3940220765675955,3.8826622405797835,0.0357835248126371,0.05453846309526219,-0.19677723040136696,6.3940220765675955,-0.33179656351824494,52.56786622208134,-1.7100011623625127,2.269490037136345,0.0,0.0351159793814433,0.0,0.02832618937595275,3.7367534145908827,-0.21769683063243941,-17.188499727919055,0.9693418338646166,-3.0,0.0,0.0,0.0,0.5710378361951072,-2.3301645338208408,-0.11345575267143894,-0.8994695575994371,-0.14017505142282632,0.13966927748222988,Biotechnology,Healthcare,MRUS
2022Q3,2022,Q3,2022-11-03,2022-09-30,-24615000.0,6581000.0,-48195000.0,-0.53,6581000.0,1.0,414990000.0,298777000.0,368199000.0,64150000.0,116213000.0,12658000.0,-516150000.0,938518236.4514,760679236.4514,6.487113793777276,5.739657053780203,0.03166582327284995,0.04398263587893312,-0.15026155384050865,6.487113793777276,-0.08238585968799472,142.6102775340222,-9.531974776065406,3.1411997458017185,0.0,0.0,0.0,0.015858213450926528,5.527513639906469,-0.05931468228150076,-21.532067736972035,1.0,-3.076923076923077,0.0,0.0,0.0,-0.48115736360769473,-3.307840392019601,-0.5493297328575562,0.0,0.0,0.0,Biotechnology,Healthcare,MRUS
2022Q2,2022,Q2,2022-08-08,2022-06-30,-5714000.0,12684000.0,-31107000.0,-0.13,12684000.0,1.0,444793000.0,326609000.0,398825000.0,60263000.0,118184000.0,15729000.0,-491535000.0,947216775.552,746908775.552,7.484851957099642,6.618074108491114,0.030625481965768347,0.041707362626259535,-0.08997209962048361,7.484851957099642,-0.01749492512453729,74.67808069631032,-41.44280607070353,2.9001551566307118,0.0,0.0,0.0,0.028516635828351615,6.313641869804026,-0.012846425191043924,-27.382538608695654,1.0,0.6976744186046512,0.0,0.0,0.0,0.08828828828828829,0.697559942835971,-0.1490045432718945,0.0,0.0,0.0,Biotechnology,Healthcare,MRUS
2022Q1,2022,Q1,2022-05-09,2022-03-31,-18893000.0,11655000.0,-27073000.0,-0.43,11655000.0,1.0,417500000.0,297473000.0,379733000.0,61523000.0,120027000.0,15318000.0,-485821000.0,1040637418.0,849427418.0,6.840032191308347,6.17221201826959,0.008059880239520959,0.011311951000595013,-0.08953675554113875,6.840032191308347,-0.06351164643513865,89.28677975117975,-13.770145265442228,3.4982583898370607,0.0,0.0,0.0,0.027916167664670657,5.883669521967394,-0.045252694610778445,-22.264862705663365,1.0,-0.19444444444444448,0.0,0.0,0.0,-0.20762798286763207,-0.31010332154496917,-0.8994597628569424,0.0,0.0,0.0,Biotechnology,Healthcare,MRUS
2021Q4,2021,Q4,2022-02-28,2021-12-31,-14421000.0,14709000.0,-14253000.0,-0.36,14709000.0,1.0,456600000.0,316201000.0,424179000.0,71898000.0,140399000.0,0.0,-466928000.0,882461693.178,644777693.178,10.061325526125794,5.899732955019611,0.008215067893123084,0.01186270758156995,-0.04445963663177888,10.061325526125794,-0.045607066391314385,59.99467626473587,-15.298205623361763,2.7908251181305563,0.0,0.0,0.0,0.03221419185282523,5.801246209908482,-0.031583442838370564,-27.63651915624315,1.0,0.07692307692307698,0.0,0.0,0.0,0.0,0.029085033326600687,0.3670959147424512,0.0,0.0,0.0,Biotechnology,Healthcare,MRUS
2021Q3,2021,Q3,2021-11-02,2021-09-30,-14853000.0,13669000.0,-22520000.0,-0.39,0.0,0.0,355927000.0,205769000.0,319722000.0,71533000.0,150158000.0,0.0,-452507000.0,730614717.8,575646717.8,5.342845273024693,4.469573483567025,0.011668122957797527,0.020182826373263223,-0.1051189266862325,5.342845273024693,-0.07218288469108564,53.450487804521174,-12.29742674543863,3.5506549470522764,0.0,0.0,0.0,0.03840394238144339,4.380313980959837,-0.04173046720254434,-31.2870297105173,0.0,0.45070422535211263,0.0,0.0,0.0,0.0,0.45768219658244486,0.012367336198579071,0.0,0.0,0.0,Biotechnology,Healthcare,MRUS
2021Q2,2021,Q2,2021-08-05,2021-06-30,-27388000.0,12379000.0,-22802000.0,-0.71,0.0,0.0,379583000.0,219087000.0,366994000.0,64407000.0,160496000.0,0.0,-437654000.0,682564765.428,375887765.428,5.708958724202627,5.69804524352943,0.01263228332143431,0.021886282618320575,-0.09993893347389336,5.708958724202627,-0.1250096993431833,55.13892603829065,-6.230509396706586,3.115496425748675,0.0,0.0,0.0,0.032612103281759196,5.534212119800642,-0.07215286248330405,-27.973965796229507,0.0,-1.5357142857142854,0.0,0.0,0.0,0.0,-1.6972621626945046,-0.046491348845747855,0.0,0.0,0.0,Biotechnology,Healthcare,MRUS
2021Q1,2021,Q1,2021-05-06,2021-03-31,-10154000.0,8350000.0,-21789000.0,-0.28,0.0,0.0,397949000.0,236537000.0,386124000.0,52955000.0,161412000.0,0.0,-410266000.0,642130795.41,318520795.40999997,6.532366749516708,7.291549428760268,0.00886294474920153,0.014910986441867446,-0.08988286391780355,6.532366749516708,-0.042927744919399505,76.90189166586826,-15.80979898094347,2.7147160715236938,0.0,0.0,0.0,0.020982588221103708,7.106769898970824,-0.02551583243078887,33.468716533409776,0.0,0.7090158775568588,0.0,0.0,0.0,0.0,0.6368902875125161,0.03203020879609063,0.0,0.0,0.0,Biotechnology,Healthcare,MRUS
2020Q4,2020,Q4,2021-03-16,2020-12-31,-27964000.0,9016000.0,-22510000.0,-0.9622518151474485,0.0,0.0,231217000.0,102263000.0,217993000.0,46746000.0,128954000.0,0.0,-400112000.0,418606297.461,259477297.46100003,3.518908502804446,4.663350874941171,0.017096493769921763,0.03865523209763062,-0.20577947825795137,3.518908502804446,-0.27345178608098725,46.42926990472493,-3.7423678431286653,4.093428683502342,0.0,0.0,0.0,0.03899367261057794,4.481752449407436,-0.12094266425046601,-16.903141427861904,0.0,-0.5035184611678882,0.0,0.0,0.0,0.0,-0.21187432286023836,-0.2433716305788776,0.0,0.0,0.0,Biotechnology,Healthcare,MRUS
2020Q3,2020,Q3,2020-11-05,2020-09-30,-23075000.0,8570000.0,-18104000.0,-0.64,0.0,0.0,213493000.0,84501000.0,201316000.0,45431000.0,128992000.0,0.0,-372148000.0,297628812.71999997,162721812.71999997,2.9077113657479097,4.4312473861460235,0.020010023747851217,0.05055561472645294,-0.19607655115717582,2.9077113657479097,-0.27307369143560434,34.7291496756126,-3.2245808528710724,3.522192787304292,0.0,0.0,0.0,0.040141831348100405,4.237040787127732,-0.10808316900319917,-24.713843122145644,0.0,-0.18518518518518512,0.0,0.0,0.0,0.0,-0.2837988205185268,-0.15341488277268095,0.0,0.0,0.0,Biotechnology,Healthcare,MRUS
2020Q2,2020,Q2,2020-08-06,2020-06-30,-17974000.0,6056000.0,-15696000.0,-0.54,0.0,0.0,223661000.0,100296000.0,211404000.0,38315000.0,123365000.0,0.0,-349073000.0,414699993.7326,267181993.73259997,3.454432734035958,5.517525773195876,0.020432708429274662,0.04556512722341868,-0.14367409146227328,3.454432734035958,-0.17920953976230358,68.47754189772127,-5.768053768396016,4.134761044633883,0.0,0.0,0.0,0.027076691957918456,5.206107268693723,-0.08036269175225005,-21.8585280272296,0.0,0.2058823529411765,0.0,0.0,0.0,0.0,-0.08933333333333333,0.19787408013082583,0.0,0.0,0.0,Biotechnology,Healthcare,MRUS
2020Q1,2020,Q1,2020-05-11,2020-03-31,-16500000.0,6301000.0,-19568000.0,-0.68,0.0,0.0,237962000.0,114586000.0,225451000.0,35567000.0,123376000.0,0.0,-331099000.0,320093870.206,159170870.20599997,3.9586125889587507,6.338769083701184,0.020494868928652474,0.042561918558986264,-0.15830558463360686,3.9586125889587507,-0.14399664880526417,50.800487256943335,-4.849907124333333,2.7934814916831026,0.0,0.0,0.0,0.026479017658281576,6.066044366969382,-0.06933880199359561,-12.59815295206234,0.0,0.3911711338909111,0.0,0.0,0.0,0.0,0.36875081399899595,0.18052559446285743,0.0,0.0,0.0,Biotechnology,Healthcare,MRUS
2019Q4,2019,Q4,2020-03-16,2019-12-31,-26138647.56726,7513485.563299,-23878720.150111,-1.1168984222869598,0.0,0.0,263376000.0,131300000.0,247368000.0,36787000.0,132076000.0,0.0,-314599000.0,294162531.9795712,101802531.97957122,5.610418919682858,6.724331965096366,0.019941072838831175,0.04,-0.16880446366000318,5.610418919682858,-0.199075762126885,39.15127399944203,-2.8134827100621007,2.240384858945706,0.0,0.0,0.0,0.02852760146444247,6.596786908418735,-0.09924460682545107,-14.886483327958485,0.0,0.0,0.0,0.0,0.0,0.0,0.0,0.0,0.0,0.0,0.0,Biotechnology,Healthcare,MRUS
2019Q3,2019,Q3,2019-09-30,2019-09-30,,,,,,,207729843.871377,76997560.14836,182434162.299369,32455497.324916,130732283.723017,0.0,-215127080.164991,0.0,-133468637.512445,0.0,5.621055825242732,0.007853030869628345,0.021186500888103088,,0.0,,0.0,0.0,0.0,0.0,0.0,,,5.425296655879197,,0.0,0.0,0.0,0.0,0.0,0.0,0.0,0.0,0.0,0.0,0.0,0.0,Biotechnology,Healthcare,MRUS
2019Q2,2019,Q2,2019-06-30,2019-06-30,,,,,,,228413548.453116,87286102.488886,201050584.984821,33827926.91385,141127445.96423,0.0,-216272697.297359,0.0,-148447430.95587298,0.0,5.943331540736711,0.00712820819146461,0.01865336268545515,,0.0,,0.0,0.0,0.0,0.0,0.0,,,5.769998655552538,,0.0,0.0,0.0,0.0,0.0,0.0,0.0,0.0,0.0,0.0,0.0,0.0,Biotechnology,Healthcare,MRUS
2019Q1,2019,Q1,2019-03-31,2019-03-31,,,,,,,238529091.37871,97664154.884499,213927476.501174,33447505.250036,140864936.494211,0.0,-202156164.722001,0.0,-155786270.171931,0.0,6.395917271018105,0.004623286865064668,0.011291639357461247,,0.0,,0.0,0.0,0.0,0.0,0.0,,,6.283507923717533,,0.0,0.0,0.0,0.0,0.0,0.0,0.0,0.0,0.0,0.0,0.0,0.0,Biotechnology,Healthcare,MRUS
2018Q4,2018,Q4,2018-12-31,2018-12-31,,,,,,,249964539.007092,105091512.239762,223786318.920156,33142301.53283,144873026.76733,0.0,-200280256.234271,0.0,-164432624.113475,0.0,6.752286611672953,0.0,0.0,,0.0,,0.0,0.0,0.0,0.0,0.0,,,6.656231663963014,,0.0,0.0,0.0,0.0,0.0,0.0,0.0,0.0,0.0,0.0,0.0,0.0,Biotechnology,Healthcare,MRUS
2018Q3,2018,Q3,2018-09-30,2018-09-30,,,,,,,261069731.2309,98683461.346286,235425696.324615,44442766.009366,162386269.884614,0.0,-204367933.62693,0.0,-166010527.661256,0.0,5.297278217899414,0.0,0.0,,0.0,,0.0,0.0,0.0,0.0,0.0,,,5.182628702904776,,0.0,0.0,0.0,0.0,0.0,0.0,0.0,0.0,0.0,0.0,0.0,0.0,Biotechnology,Healthcare,MRUS
2018Q2,2018,Q2,2018-06-30,2018-06-30,,,,,,,268187073.650133,107378887.732686,246133657.070182,38576714.070991,160808185.917447,0.0,-193347207.769684,0.0,-196932593.363395,0.0,6.380368649782696,0.0,0.0,,0.0,,0.0,0.0,0.0,0.0,0.0,,,6.3204555672111296,,0.0,0.0,0.0,0.0,0.0,0.0,0.0,0.0,0.0,0.0,0.0,0.0,Biotechnology,Healthcare,MRUS
2018Q1,2018,Q1,2018-03-31,2018-03-31,,,,,,,288606830.230551,117577364.07348,267239551.226729,35736653.926766,171029466.157071,0.0,-203153741.83208,0.0,-202801134.262113,0.0,7.478023873594171,0.0,0.0,,0.0,,0.0,0.0,0.0,0.0,0.0,,,7.389705375008631,,0.0,0.0,0.0,0.0,0.0,0.0,0.0,0.0,0.0,0.0,0.0,0.0,Biotechnology,Healthcare,MRUS
2017Q4,2017,Q4,2017-12-31,2017-12-31,,,,,,,236105045.948605,57450152.362214,225704825.20335,22459630.011757,178654893.586391,0.0,-200926170.309763,0.0,-179569066.871416,0.0,10.049356337802525,0.0,0.0,,0.0,,0.0,0.0,0.0,0.0,0.0,,,9.98178516104914,,0.0,0.0,0.0,0.0,0.0,0.0,0.0,0.0,0.0,0.0,0.0,0.0,Biotechnology,Healthcare,MRUS
2017Q3,2017,Q3,2017-09-30,2017-09-30,,,,,,,244161470.992286,70150410.370214,242448366.151209,19135345.849918,174011060.622072,0.0,-182644686.322167,0.0,-237678913.194078,0.0,12.670184696570193,0.0,0.0,,0.0,,0.0,0.0,0.0,0.0,0.0,,,12.634411241333066,,0.0,0.0,0.0,0.0,0.0,0.0,0.0,0.0,0.0,0.0,0.0,0.0,Biotechnology,Healthcare,MRUS
2017Q2,2017,Q2,2017-06-30,2017-06-30,,,,,,,255818662.273928,83230950.501619,254092453.412952,19681526.476543,172587711.77231,0.0,-163044945.491152,0.0,-246849011.061922,0.0,12.910200523104066,0.0,0.0,,0.0,,0.0,0.0,0.0,0.0,0.0,,,12.864574251671348,,0.0,0.0,0.0,0.0,0.0,0.0,0.0,0.0,0.0,0.0,0.0,0.0,Biotechnology,Healthcare,MRUS
2017Q1,2017,Q1,2017-03-31,2017-03-31,,,,,,,257429551.50194,97546458.072858,256236976.24467,15054659.699292,159883093.429081,0.0,-132492332.681478,0.0,-252740465.275329,0.0,17.020442930152747,0.0,0.0,,0.0,,0.0,0.0,0.0,0.0,0.0,,,16.975936967631487,,0.0,0.0,0.0,0.0,0.0,0.0,0.0,0.0,0.0,0.0,0.0,0.0,Biotechnology,Healthcare,MRUS
2016Q4,2016,Q4,2016-12-31,2016-12-31,,,,,,,76048546.548315,35790458.962601,74797021.580918,8154894.619494,40258087.585714,0.0,-112842328.888141,0.0,-59348575.995961,0.0,9.172040237297272,0.006721062093767588,0.014281096647184622,,0.0,,0.0,0.0,0.0,0.0,0.0,,,7.505674490585859,,0.0,0.0,0.0,0.0,0.0,0.0,0.0,0.0,0.0,0.0,0.0,0.0,Biotechnology,Healthcare,MRUS
2016Q3,2016,Q3,2016-09-30,2016-09-30,,,,,,,77408678.872734,71506462.035541,76273335.128343,5231331.897325,5902216.837193,0.0,-87044516.244839,0.0,-73743493.089212,0.0,14.580098648939627,0.007855186307050895,0.008503561454708456,,0.0,,0.0,0.0,0.0,0.0,0.0,,,14.478232897277705,,0.0,0.0,0.0,0.0,0.0,0.0,0.0,0.0,0.0,0.0,0.0,0.0,Biotechnology,Healthcare,MRUS
2016Q2,2016,Q2,2016-06-30,2016-06-30,,,,,,,81885629.748279,76041423.343456,80743262.03268,5070021.468059,5844206.404823,0.0,-81274958.009366,0.0,-78491896.641861,0.0,15.925625274243986,0.007933058030864722,0.008542757672393092,,0.0,,0.0,0.0,0.0,0.0,0.0,,,15.830408073717454,,0.0,0.0,0.0,0.0,0.0,0.0,0.0,0.0,0.0,0.0,0.0,0.0,Biotechnology,Healthcare,MRUS
2016Q1,2016,Q1,2016-03-31,2016-03-31,,,,,,,32574006.074618,26285189.718482,31492814.724149,5390090.212612,6288816.356136,0.0,-77648578.81137,0.0,-28931501.881318,0.0,5.8427249789735525,0.021745181267831107,0.026947785969904988,,0.0,,0.0,0.0,0.0,0.0,0.0,,,5.58010933557562,,0.0,0.0,0.0,0.0,0.0,0.0,0.0,0.0,0.0,0.0,0.0,0.0,Biotechnology,Healthcare,MRUS
2015Q4,2015,Q4,2015-12-31,2015-12-31,,,,,,,38805676.426213,30942645.354558,37736426.65034,6905298.143572,7863031.071655,0.0,-69295694.575033,0.0,-35202151.619181,0.0,5.464851171627986,0.01839747562969285,0.023072574376380373,,0.0,,0.0,0.0,0.0,0.0,0.0,,,5.256808106396935,,0.0,0.0,0.0,0.0,0.0,0.0,0.0,0.0,0.0,0.0,0.0,0.0,Biotechnology,Healthcare,MRUS
2015Q3,2015,Q3,2015-09-30,2015-09-30,,,,,,,46392042.577611,38409865.763505,45562769.34502,6870478.09796,7981051.612976,0.0,-64196100.052884,0.0,-44326173.303479,0.0,6.631673763511249,0.017196216347305348,0.020769861729535027,,0.0,,0.0,0.0,0.0,0.0,0.0,,,6.622502456600059,,0.0,0.0,0.0,0.0,0.0,0.0,0.0,0.0,0.0,0.0,0.0,0.0,Biotechnology,Healthcare,MRUS
2015Q2,2015,Q2,2015-06-30,2015-06-30,,,,,,,8555597.927275,-9416990.062586,7709908.252765,8241548.711277,17972587.989861,0.0,-56739720.496198,0.0,1987482.895533001,0.0,0.9354926510614988,1.0934714210801757,-0.993449261553,,0.0,,0.0,0.0,0.0,0.0,0.0,,,0.9254218835057078,,0.0,0.0,0.0,0.0,0.0,0.0,0.0,0.0,0.0,0.0,0.0,0.0,Biotechnology,Healthcare,MRUS
2014Q4,2014,Q4,2014-12-31,2014-12-31,,,,,,,4304684.079965,-4327788.316552,3271073.495793,7094216.644778,8632472.396517,0.0,-49570747.604455,0.0,-1242764.7259100003,0.0,0.4610901611245285,0.23135593220353057,-0.23012082045534438,,0.0,,0.0,0.0,0.0,0.0,0.0,,,0.4110387384299075,,0.0,0.0,0.0,0.0,0.0,0.0,0.0,0.0,0.0,0.0,0.0,0.0,Biotechnology,Healthcare,MRUS
2015Q1,,,,,,,,,,,,,,,,,,0.0,,0.0,0.0,0.0,0.0,0.0,0.0,0.0,0.0,0.0,0.0,0.0,0.0,,0.0,0.0,0.0,0.0,0.0,0.0,0.0,0.0,0.0,0.0,0.0,0.0,0.0,0.0,0.0,Biotechnology,Healthcare,MRUS
2014Q3,,,,,,,,,,,,,,,,,,0.0,,0.0,0.0,0.0,0.0,0.0,0.0,0.0,0.0,0.0,0.0,0.0,0.0,,0.0,0.0,0.0,0.0,0.0,0.0,0.0,0.0,0.0,0.0,0.0,0.0,0.0,0.0,0.0,Biotechnology,Healthcare,MRUS
