Quarters,Year,Quarter,FillingDate,Date,NetIncome,Revenue,OperatingIncome,EPSDiluted,GrossProfit,GrossProfitRatio,TotalAssets,CommonStockEquity,CurrentAssets,CurrentLiability,TotalLiability,Inventory,RetainedEarnings,MarketCap,EnterpriseValue,bookValuePerShare,currentRatio,debtToAssets,debtToEquity,roic,shareholdersEquityPerShare,roe,priceToSalesRatio,peRatio,pbRatio,payoutRatio,inventoryTurnover,dividendYield,assetTurnover,quickRatio,returnOnAssets,priceToFreeCashFlowsRatio,grossProfitMargin,epsdilutedGrowth,fiveYNetIncomeGrowthPerShare,fiveYRevenueGrowthPerShare,fiveYShareholdersEquityGrowthPerShare,grossProfitGrowth,netIncomeGrowth,operatingIncomeGrowth,threeYNetIncomeGrowthPerShare,threeYRevenueGrowthPerShare,threeYShareholdersEquityGrowthPerShare,Industry,Sector,Symbol
2023Q1,2023,Q1,2023-05-15,2023-03-31,-62365000.0,13358000.0,-35466000.0,-0.4,5485000.0,0.4106153616,415968000.0,344603000.0,129999000.0,23472000.0,71365000.0,18873000.0,-216601000.0,1146149520.0,1052051520.0,2.1978353487422826,5.538471370143149,0.01616710900838526,0.01951521025644002,-0.09914935417257544,2.1978353487422826,-0.1809763699097222,85.80247941308579,-4.5945222480558,3.32599983169038,0.0,0.4171567848248821,0.0,0.03211304715747365,4.611707566462168,-0.14992739826140472,-131.21345392100744,0.41061536158107503,-7.908685968819599,-0.06904103326842745,-0.6836848249762448,0.0,0.09524760383386581,-8.11369282478445,-0.24198066956156325,-0.06904103326842745,-0.6836848249762448,0.0,Semiconductors,Technology,NVTS
2022Q4,2022,Q4,2023-04-03,2022-12-31,-6843000.0,12349000.0,-28556000.0,-0.0449,5008000.0,0.40553891,426896000.0,382850000.0,142283000.0,18694000.0,40418000.0,19061000.0,-154754000.0,534980159.99999994,431211159.99999994,2.5118753936594582,7.611158660532792,0.015385480304336419,0.017155543946715424,-0.02708566767528616,2.5118753936594582,-0.017873840929868094,43.32173941209814,-19.544796142042962,1.3973623089983023,0.0,0.38513194480877183,0.0,0.028927420261609386,6.397721193965978,-0.016029665304898615,-52.868876371182914,0.4055389100332011,0.8129166666666667,0.9701274263845819,-0.6675298538136026,2.7331644186772346,11.808184143222507,0.7932503474530183,0.237062171043843,0.9701274263845819,-0.6675298538136026,2.7331644186772346,Semiconductors,Technology,NVTS
2022Q3,2022,Q3,2022-11-14,2022-09-30,-33098000.0,10243000.0,-37429000.0,-0.24,391000.0,0.0381724104,443168000.0,377423000.0,156083000.0,18641000.0,61328000.0,17044000.0,-147628000.0,671506750.0,557933750.0,2.7259615037376763,8.373102301378681,0.025315455989602137,0.029725268465355847,-0.07293681848867528,2.7259615037376763,-0.08769470858956661,65.55762471932051,-5.072109719620521,1.77918873518572,0.0,0.5780333255104435,0.0,0.023113130911979203,7.277023764819484,-0.07468499530652033,-36.626309043307515,0.03817241042663282,-1.923076923076923,-1.9275458478690815,-0.7802519176460271,-0.7928893242521275,-0.8909344490934449,-1.9781600023642758,-0.8701409013690417,-1.9275458478690815,-0.7802519176460271,-0.7928893242521275,Semiconductors,Technology,NVTS
2022Q2,2022,Q2,2022-08-15,2022-06-30,33837000.0,8611000.0,-20014000.0,0.26,3585000.0,0.4163279526,286317000.0,246879000.0,266248000.0,15579000.0,39438000.0,13995000.0,-115038000.0,478755800.0,250562800.0,1.990478110134645,17.090185506130048,0.04299779614902363,0.04986653380805982,-0.07459477983551795,1.990478110134645,0.13705904511926895,55.59816513761468,3.5372210893400715,1.939232579522762,0.0,0.35912826009289034,0.0,0.03007505666795894,16.041530265100455,0.11818019887048271,-48.8875523332993,0.41632795261874345,-0.5737704918032787,1.4626119059234781,-0.5971337579617835,1.7522300853579358,0.20992237597030036,-0.5759349308201324,0.4280733840086872,1.4626119059234781,-0.5971337579617835,1.7522300853579358,Semiconductors,Technology,NVTS
2022Q1,2022,Q1,2022-05-16,2022-03-31,79792000.0,6740000.0,-34994000.0,0.61,2963000.0,0.4396142433,286903000.0,199736000.0,279536000.0,12881000.0,87167000.0,13130000.0,-148875000.0,1228891760.0,982657760.0,1.6708437201987585,21.70142069715084,0.026360825784324318,0.037864981775944245,-0.16763524694795154,1.6708437201987585,0.39948732326671205,182.3281543026706,3.850297523561259,6.152580205871751,0.0,0.2876618431073877,0.0,0.023492260450396128,20.450120332272338,0.27811490294629193,-112.79410371730151,0.4396142433234421,1.4066666666666665,2.793974153610719,-0.790664990149052,0.0,-0.8491958469055375,1.545075992031201,0.4748266386886364,2.793974153610719,-0.790664990149052,0.0,Semiconductors,Technology,NVTS
2021Q4,2021,Q4,2022-03-31,2021-12-31,-146386928.0,23736000.0,-66633235.0,-1.5,19648000.0,0.8277721604,295601000.0,65536000.0,291370000.0,10728000.0,230065000.0,11978000.0,-228667000.0,1656774000.0000002,1395438000.0000002,0.6728542094455852,27.159768829231915,0.02339640258321183,0.10552978515625,-0.9197508304516081,0.6728542094455852,-2.233687255859375,69.8000505561173,-2.8294432136727403,25.28036499023438,0.0,0.341292369343797,0.0,0.08029742795186755,25.775074571215512,-0.4952179728755992,-40.706211770068414,0.8277721604314122,-6.769230769230769,0.0,0.0,0.0,6.559830704116968,-34.958811521045206,-29.543929729567644,0.0,0.0,0.0,Semiconductors,Technology,NVTS
2021Q3,2021,Q3,2021-11-12,2021-09-30,4310720.0,5631000.0,2334410.0,0.26,2599000.0,0.4615521222,253400679.0,220145253.0,318516.0,297926.0,33255426.0,11719000.0,-32855380.0,166925480.0,174624525.0,13.161858962094943,1.0691111215536744,0.030437961060080662,0.03503595873584428,0.010214206281394023,13.161858962094943,0.019581253473587277,29.644020600248624,9.680835220102443,0.758251553123428,0.0,0.2587251471968598,0.0,0.02222172419672167,18.742758268831857,0.017011477700105138,-68.8002393833406,0.46155212218078495,1.4406779661016949,0.0,0.0,0.0,0.048406615570794675,1.231137801608579,1.1256274889678184,0.0,0.0,0.0,Semiconductors,Technology,NVTS
2021Q2,2021,Q2,2021-08-13,2021-06-30,-18650000.0,5450000.0,-18582000.0,-0.59,2479000.0,0.4548623853,41137000.0,-83683000.0,39175000.0,11470000.0,124820000.0,7924000.0,-101977000.0,313720000.0,295850000.0,-2.646102766798419,3.415431560592851,0.14531929892797238,-0.07143625348039626,0.23919931928949473,-2.646102766798419,0.22286485905142023,57.56330275229358,-4.205361930294906,-3.748909575421531,0.0,0.3749369005552751,0.0,0.1324841383669203,2.471578029642546,-0.45336315239322267,-37.843184559710494,0.4548623853211009,-0.5945945945945945,0.0,0.0,0.0,0.05131467345207803,-1.539142273655548,-1.5577426015141087,0.0,0.0,0.0,Semiconductors,Technology,NVTS
2021Q1,2021,Q1,2021-05-24,2021-03-31,-7345000.0,5317000.0,-7265000.0,-0.37,2358000.0,0.4434831672,,,,,,,,197212590.0,,,0.0,0.0,0.0,0.0,,0.0,37.09095166447245,-6.712477535738597,0.0,0.0,0.0,0.0,0.0,0.0,0.0,-32.203231548007835,0.4434831671995486,0.0,0.0,0.0,0.0,0.0,0.0,0.0,0.0,0.0,0.0,Semiconductors,Technology,NVTS
