Quarters,Year,Quarter,FillingDate,Date,NetIncome,Revenue,OperatingIncome,EPSDiluted,GrossProfit,GrossProfitRatio,TotalAssets,CommonStockEquity,CurrentAssets,CurrentLiability,TotalLiability,Inventory,RetainedEarnings,MarketCap,EnterpriseValue,bookValuePerShare,currentRatio,debtToAssets,debtToEquity,roic,shareholdersEquityPerShare,roe,priceToSalesRatio,peRatio,pbRatio,payoutRatio,inventoryTurnover,dividendYield,assetTurnover,quickRatio,returnOnAssets,priceToFreeCashFlowsRatio,grossProfitMargin,epsdilutedGrowth,fiveYNetIncomeGrowthPerShare,fiveYRevenueGrowthPerShare,fiveYShareholdersEquityGrowthPerShare,grossProfitGrowth,netIncomeGrowth,operatingIncomeGrowth,threeYNetIncomeGrowthPerShare,threeYRevenueGrowthPerShare,threeYShareholdersEquityGrowthPerShare,Industry,Sector,Symbol
2023Q1,2023,Q1,2023-05-05,2023-03-31,56300000.0,238900000.0,236100000.0,0.54,238900000.0,1.0,31637700000.0,3160300000.0,10506100000.0,387900000.0,120800000.0,0.0,1080700000.0,3097616680.0,5010916680.0,30.46424646706125,27.08455787574117,0.09463077278057508,0.9473467708761827,0.029069928411821568,30.46424646706125,0.017814764421099263,12.966164420259522,13.75495861456483,0.9801653893617694,0.8579040852575488,0.0,0.015592632978719628,0.007551117811977482,27.377674658417117,0.001779522531663174,61.09697593688363,1.0,-0.34146341463414626,-0.16831763293011845,-0.04060479284350971,0.1961321457372186,-0.14648088603072526,-0.34382284382284384,0.4257246376811594,0.20008189441805263,-0.10547967571690588,0.009037640509635791,Banks—Regional,Financial Services,FIBK
2022Q4,2022,Q4,2023-02-24,2022-12-31,85800000.0,300000000.0,165600000.0,0.82,279900000.0,0.933,32287800000.0,3073800000.0,7934800000.0,460400000.0,29214000000.0,0.0,1072700000.0,4036799250.0,5777299250.0,29.42984345827948,17.234578627280627,0.08086336015460949,0.8494046457154011,0.02271804703026892,29.42984345827948,0.027913332032012492,13.4559975,11.762235576923077,1.3132927483896153,0.5710955710955711,0.0,0.012138329643219193,0.009291435155074053,17.234578627280627,0.0026573504543511792,42.13777922755741,0.933,0.024999999999999883,0.34297981287172147,0.16580258640863965,0.1548754638640454,-0.03382809803244736,0.0011668611435239206,0.20174165457184326,0.016979607587762097,0.14031659913890013,-0.05203140913720161,Banks—Regional,Financial Services,FIBK
2022Q3,2022,Q3,2022-11-07,2022-09-30,85700000.0,289700000.0,137800000.0,0.8,289700000.0,1.0,31344700000.0,3005500000.0,7481600000.0,460300000.0,28339200000.0,0.0,1035800000.0,4298323050.900001,4615323050.900001,28.21377629459647,16.25374755594178,0.028993737378248955,0.3023789718848777,0.027909383140633588,28.21377629459647,0.028514390284478455,14.837152402140147,12.538865376021004,1.4301524042255864,0.5087514585764294,0.0,0.01014349072503307,0.009242391855720424,16.25374755594178,0.002734114539300105,27.25632879454661,1.0,0.35593220338983067,0.655509962809618,0.096961919353216,0.11498690827110877,0.06546524457521148,0.3369734789391576,0.40899795501022496,0.06226588785102777,0.06020574088544896,-0.07739556908540379,Banks—Regional,Financial Services,FIBK
2022Q2,2022,Q2,2022-08-05,2022-06-30,64100000.0,288900000.0,97800000.0,0.59,271900000.0,0.9411561094,32038700000.0,3271900000.0,12020900000.0,397500000.0,28766800000.0,0.0,993800000.0,4158063616.0099998,3382363616.0099998,29.988023396249098,30.24125786163522,0.008848673635322282,0.08664690241144289,0.021958004560582462,29.988023396249098,0.01959106329655552,14.392743565282103,16.217096786310453,1.2708406785079005,0.6989079563182528,0.0,0.010774245932049795,0.009017219799804611,22.367044025157234,0.0020007053969106113,20.968550761522945,0.9411561093804085,2.638888888888889,0.279152517577136,0.08214086762242696,0.01596848532253126,0.19674295774647887,2.9191616766467066,4.8203125,-9.205682802194696e-05,0.03703912481658353,-0.007298856011983961,Banks—Regional,Financial Services,FIBK
2022Q1,2022,Q1,2022-05-09,2022-03-31,-33400000.0,227200000.0,-25600000.0,-0.36,227200000.0,1.0,33162200000.0,3441100000.0,10176100000.0,272100000.0,29721100000.0,0.0,973700000.0,3414284711.2100005,-113415288.78999949,37.058786159388234,37.39838294744579,0.008548890001266502,0.08238644619453082,-0.005558488884647444,37.058786159388234,-0.009706198599285112,15.027661581029932,-25.556023287500004,0.9922073497457209,-1.3383233532934131,0.0,0.013092054055491645,0.006851173926940915,37.39838294744579,-0.0010071708149640252,61.629687927978345,1.0,-1.4337349397590362,-1.6949491154439182,0.115550698087919,0.653148141168162,0.4271356783919598,-1.6536203522504893,-1.3849624060150376,-1.5214870908534253,-0.019466912896538954,0.286805487972171,Banks—Regional,Financial Services,FIBK
2021Q4,2021,Q4,2022-02-25,2021-12-31,51100000.0,159200000.0,66500000.0,0.83,159200000.0,1.0,19671900000.0,1986600000.0,2392100000.0,0.0,17685300000.0,0.0,1052600000.0,2508403590.0,363103590.0,32.20973782771536,0.0,0.010136285768024441,0.10037249572133293,0.023376029277218664,32.20973782771536,0.025722339675828047,15.756303957286432,12.272033219178082,1.2626616279069767,0.48532289628180036,0.0,0.00988676626794335,0.008092761756617307,0.0,0.002597613855296133,-38.354794954128444,1.0,0.09210526315789468,0.489745292275594,-0.008989674901872243,0.4597087761343353,-0.04441776710684274,0.08492569002123142,0.0,0.23527942681908645,0.014868964233824842,0.14537667988218578,Banks—Regional,Financial Services,FIBK
2021Q3,2021,Q3,2021-11-04,2021-09-30,47100000.0,166600000.0,0.0,0.76,166600000.0,1.0,19372200000.0,1984800000.0,12360900000.0,0.0,17387400000.0,0.0,1026900000.0,2482995240.0,448995240.0,32.18211888315984,0.0,0.010293100422254571,0.10046352277307537,0.0,32.18211888315984,0.023730350665054415,14.903933013205283,13.179380254777069,1.2510052599758164,0.5392781316348195,0.0,0.010229580625374055,0.008599952509265854,0.0,0.002431319106761235,26.38677194473964,1.0,0.10144927536231894,0.34638284823688603,0.17106797953920805,0.4548223826015408,0.08111615833874107,0.10823529411764705,0.0,0.07461192629031667,0.0763628863242662,0.13320196780613902,Banks—Regional,Financial Services,FIBK
2021Q2,2021,Q2,2021-08-06,2021-06-30,42500000.0,154100000.0,0.0,0.69,154100000.0,1.0,18940500000.0,1970900000.0,12303000000.0,0.0,16969600000.0,0.0,1005200000.0,2579154140.0,830254140.0,31.965032923546012,0.0,0.01052770518201737,0.10117205337662996,0.0,31.965032923546012,0.021563752600334874,16.736886048020764,15.17149494117647,1.308617453955046,0.6,0.0,0.009886962397679729,0.008136004857316333,0.0,0.0022438689580528497,72.04341173184358,1.0,-0.16867469879518074,0.1940989540160728,0.09662005960708332,0.46619354227945436,-0.02959697732997481,-0.17315175097276264,0.0,-0.0688026308655628,-0.0042688479679141595,0.2348283136172012,Banks—Regional,Financial Services,FIBK
2021Q1,2021,Q1,2021-05-07,2021-03-31,51400000.0,158800000.0,0.0,0.83,158800000.0,1.0,18443400000.0,1933400000.0,12553300000.0,0.0,16510000000.0,0.0,988200000.0,2835695680.0,839195680.0,31.390440316924277,0.0,0.010811455588448985,0.10313437467673528,0.0,31.390440316924277,0.026585290162408192,17.857025692695213,13.792294163424124,1.4666885693596772,0.49221789883268485,0.0,0.008921972896612094,0.008610126115575219,0.0,0.002786904800633289,40.509938285714284,1.0,0.09210526315789468,0.8544562290239017,0.21119274577109734,0.4901573655301692,-0.021565003080714726,0.09594882729211088,0.0,0.27886818168465916,0.0741018314066761,0.2324977337783708,Banks—Regional,Financial Services,FIBK
2020Q4,2020,Q4,2021-03-01,2020-12-31,46900000.0,162300000.0,0.0,0.76,162300000.0,1.0,17648700000.0,1959800000.0,12579300000.0,0.0,15688900000.0,0.0,962100000.0,2523907620.0,446607620.0,31.657674538816917,0.0,0.01129828259305218,0.10174507602816614,0.0,31.657674538816917,0.023931013368711094,15.550878743068392,13.453665351812369,1.287839381569548,0.5053304904051172,0.0,0.009390201056566403,0.009196144758537457,0.0,0.002657419526650688,27.138791612903226,1.0,0.0,0.45713548856109604,0.18965652179061968,0.5010001906680737,-0.03220035778175313,-0.028985507246376812,0.0,0.238539752285469,0.06408712992861194,0.24229921982774177,Banks—Regional,Financial Services,FIBK
2020Q3,2020,Q3,2020-11-04,2020-09-30,48300000.0,167700000.0,0.0,0.76,167700000.0,1.0,17069500000.0,1977600000.0,12553700000.0,0.0,15091900000.0,0.0,938900000.0,2030883400.0,369783400.0,31.01436547268051,0.0,0.011681654412841618,0.10082928802588997,0.0,31.01436547268051,0.024423543689320388,12.110217054263567,10.51181884057971,1.026943466828479,0.453416149068323,0.0,0.010783484664850773,0.00982454084771083,0.0,0.0028296083657986465,13.685198113207548,1.0,0.310344827586207,0.6962767999130512,0.22655512762229052,0.49194451864319233,0.03390875462392109,0.31607629427792916,0.0,0.5587557486844942,0.060855126772585276,0.2256640553642292,Banks—Regional,Financial Services,FIBK
2020Q2,2020,Q2,2020-08-07,2020-06-30,36700000.0,162200000.0,0.0,0.58,162200000.0,1.0,16471400000.0,1998900000.0,12073700000.0,0.0,14472500000.0,0.0,912500000.0,1959798960.0,734098960.0,31.577700194309728,0.0,0.01209368966815207,0.09965481014558007,0.0,31.577700194309728,0.01836009805392966,12.082607644882861,13.350129155313352,0.9804387212967132,0.5940054495912807,0.0,0.011123589942103041,0.009847371808103744,0.0,0.0022281044719938805,-49.36521309823677,1.0,0.28888888888888875,0.1777793641350894,0.19179218084750224,0.5413399639415344,-0.027577937649880094,0.2525597269624573,0.0,0.26232729959146855,0.047197789049466955,0.06982537036417896,Banks—Regional,Financial Services,FIBK
2020Q1,2020,Q1,2020-05-11,2020-03-31,29300000.0,166800000.0,0.0,0.45,166800000.0,1.0,14411400000.0,1956100000.0,10323800000.0,0.0,12455300000.0,0.0,897600000.0,1868543600.0,1100243600.0,30.19138755980861,0.0,0.006994462717015696,0.051531107816573794,0.0,30.19138755980861,0.014978784315730279,11.202299760191847,15.943204778156998,0.9552393026941364,2.0887372013651877,0.0,0.03275278136405273,0.01157417044839502,0.0,0.002033112674688094,51.333615384615385,1.0,-0.4375,-0.021858447567862878,0.26836129623851435,0.49820299492387093,0.0208078335373317,-0.44083969465648853,0.0,-0.12627998703145907,0.17374878335344004,0.34680170065799865,Banks—Regional,Financial Services,FIBK
2019Q4,2019,Q4,2020-02-27,2019-12-31,52400000.0,163400000.0,0.0,0.8,163400000.0,1.0,14644200000.0,2013900000.0,10572000000.0,0.0,12630300000.0,0.0,953600000.0,2719350400.0,1743450400.0,31.04516725759211,0.0,0.006883271192690622,0.05005213764337852,0.0,31.04516725759211,0.026019166790803912,16.642291309669524,12.974,1.3502906797755598,0.38549618320610685,0.0,0.007428244627834648,0.011158001119897298,0.0,0.0035782084374701246,42.35748286604361,1.0,0.05263157894736847,0.6131819955601133,0.18266271175240237,0.5536023313976023,-0.017438364401683705,0.06720977596741344,0.0,0.4524518760610569,-0.0329108487206324,0.4069317591114293,Banks—Regional,Financial Services,FIBK
2019Q3,2019,Q3,2019-11-06,2019-09-30,49100000.0,166300000.0,0.0,0.76,166300000.0,1.0,14701600000.0,1982600000.0,10854300000.0,0.0,12719000000.0,0.0,921400000.0,2608839680.0,1440139680.0,30.580577492596248,0.0,0.006856396582684878,0.050842328255825686,0.0,30.580577492596248,0.024765459497629375,15.687550691521347,13.283297759674134,1.3158678906486432,0.41140529531568226,0.0,0.00774290584233984,0.01131169396528269,0.0,0.0033397725417641617,427.67863606557376,1.0,0.28813559322033905,0.7757054949388051,0.2197894732747144,0.5503853344367519,0.009714632665452338,0.2955145118733509,0.0,0.3351862540241653,0.1120186103138024,0.38242322609746365,Banks—Regional,Financial Services,FIBK
2019Q2,2019,Q2,2019-08-07,2019-06-30,37900000.0,164700000.0,0.0,0.59,164700000.0,1.0,14414600000.0,1948600000.0,10665000000.0,0.0,12466000000.0,0.0,892500000.0,2560203450.0,1536103450.0,30.208510968142004,0.0,0.007124720769220097,0.052704505799035205,0.0,30.208510968142004,0.019449861438981832,15.544647540983606,16.88788555408971,1.3138681360977111,0.5303430079155673,0.0,0.007850938565058179,0.011425915391339336,0.0,0.0026292786480374064,-512.04069,1.0,-0.14492753623188404,0.22779639121472417,0.3031331909134495,0.5867266027454106,0.09435215946843854,-0.0889423076923077,0.0,0.017856728051104897,0.12032286606984795,0.38562421660269747,Banks—Regional,Financial Services,FIBK
2019Q1,2019,Q1,2019-05-08,2019-03-31,41600000.0,150500000.0,0.0,0.69,150500000.0,1.0,13498200000.0,1736900000.0,9882200000.0,0.0,11761300000.0,0.0,874700000.0,2446817270.0,1594417270.0,28.799058214919334,0.0,0.007608421863655895,0.05912833208590017,0.0,28.799058214919334,0.023950716794288677,16.257922059800663,14.704430709134614,1.4087266221428982,0.4495192307692308,0.0,0.007642581335875564,0.011149634766116964,0.0,0.0030818924004682104,53.89465352422908,1.0,0.029850746268656577,0.4185877958902938,0.3349881681211275,0.5346866732323986,-0.01762402088772846,0.0297029702970297,0.0,0.532761474042578,0.17226835105258373,0.3671400683142477,Banks—Regional,Financial Services,FIBK
2018Q4,2018,Q4,2019-02-27,2018-12-31,40400000.0,153200000.0,0.0,0.67,153200000.0,1.0,13300200000.0,1693900000.0,9746200000.0,0.0,11606300000.0,0.0,851800000.0,2202191600.0,1482991600.0,28.12152403087906,0.0,0.0077216883956632235,0.060629316960859554,0.0,28.12152403087906,0.023850286321506584,14.374618798955614,13.627423267326735,1.3000717870004133,0.4183168316831683,0.0,0.007674173309897286,0.011518623780093532,0.0,0.0030375483075442476,51.573573770491805,1.0,-0.05633802816901398,0.4169019270592504,0.30328980369262043,0.5397131249181207,0.047879616963064295,-0.024154589371980676,0.0,0.29000765269095247,0.15410590722760364,0.33333902591203196,Banks—Regional,Financial Services,FIBK
2018Q3,2018,Q3,2018-11-07,2018-09-30,41400000.0,146200000.0,0.0,0.71,146200000.0,1.0,13355800000.0,1654400000.0,9902300000.0,0.0,11701400000.0,0.0,828300000.0,2590599850.0,1784799850.0,28.39927903184276,0.0,0.008296021204270804,0.06697292069632495,0.0,28.39927903184276,0.025024177949709864,17.71956121751026,15.643718900966183,1.5658848222920696,0.37922705314009664,0.0,0.0060603724654735855,0.010946555054732776,0.0,0.003099776875964001,35.15060854816825,1.0,-0.04054054054054058,0.3042125785393298,0.26694858424301965,0.5652652024372888,0.033946251768033946,-0.007194244604316547,0.0,0.5914473637282753,0.17042537533349744,0.36614591461813917,Banks—Regional,Financial Services,FIBK
2018Q2,2018,Q2,2018-08-07,2018-06-30,41700000.0,141400000.0,0.0,0.74,141400000.0,1.0,12235700000.0,1458300000.0,8865900000.0,0.0,10777400000.0,0.0,802600000.0,2377337000.0,1765937000.0,25.88621638413065,0.0,0.008025695301453943,0.06733868202701776,0.0,25.88621638413065,0.028594939312898582,16.812850070721357,14.25261990407674,1.630211204827539,0.37889688249400477,0.0,0.006646091824591969,0.0115563474096292,0.0,0.003408060021085839,64.77757493188011,1.0,0.1384615384615384,0.4966245294949891,0.2354158862185845,0.4618349710016772,0.047407407407407405,0.1362397820163488,0.0,0.5037173258570254,0.16743138212755163,0.2635327963272175,Banks—Regional,Financial Services,FIBK
2018Q1,2018,Q1,2018-05-09,2018-03-31,36700000.0,135000000.0,0.0,0.65,135000000.0,1.0,12273400000.0,1432400000.0,8772100000.0,0.0,10841000000.0,0.0,776700000.0,2224331550.0,1578431550.0,25.468963923116586,0.0,0.008001042905796275,0.06855626919854789,0.0,25.468963923116586,0.02562133482267523,16.47653,15.15212227520436,1.5528703923485059,0.42779291553133514,0.0,0.0070583002790209045,0.010999397070086528,0.0,0.0029902064627568563,36.46445163934426,1.0,0.06557377049180334,0.40447138191038484,0.1754625654743335,0.4243971728975398,-0.021937577882748426,0.07097000116726976,0.0,0.4114162013406521,0.1825939399698679,0.26385970010923143,Banks—Regional,Financial Services,FIBK
2017Q4,2017,Q4,2018-02-28,2017-12-31,34268000.0,138028000.0,0.0,0.61,138028000.0,1.0,12213255000.0,1427616000.0,8759604000.0,0.0,10785639000.0,0.0,752588000.0,2243681100.0,1600453100.0,25.483131626860875,0.0,0.009466108748241152,0.08098256113688836,0.0,25.483131626860875,0.024003653643556812,16.255260526849625,16.3686318139372,1.5716278747226144,0.3956752655538695,0.0,0.006043193928049757,0.011301491698977872,0.0,0.0028058040219417347,36.632126238795735,1.0,0.27083333333333337,0.5626355464623207,0.15737407478110604,0.4598353562364328,-0.007456944594254485,0.25712608679702115,0.0,0.22159184902734722,0.15680813983129313,0.2752597651771748,Banks—Regional,Financial Services,FIBK
2017Q3,2017,Q3,2017-11-08,2017-09-30,27259000.0,139065000.0,0.0,0.48,139065000.0,1.0,12206473000.0,1419410000.0,8825480000.0,0.0,10787063000.0,0.0,731879000.0,2145595500.0,1383431500.0,25.304132349270866,0.0,0.009873777626018588,0.08491133640033535,0.0,25.304132349270866,0.019204458190374873,15.428723977995901,19.677863274514838,1.5116108101253338,0.49425877691771525,0.0,0.006279375585938729,0.011392725810313921,0.0,0.002233159406488672,1474.636082474227,1.0,0.0666666666666666,0.2931520351836354,0.16877669300279025,0.36339706605518485,0.19366024909229806,0.24652460215840497,0.0,0.1393899260756293,0.1789176811169482,0.28287818320155184,Banks—Regional,Financial Services,FIBK
2017Q2,2017,Q2,2017-08-09,2017-06-30,21868000.0,116503000.0,0.0,0.45,116503000.0,1.0,12236342000.0,1405378000.0,8862675000.0,0.0,10830964000.0,0.0,718093000.0,1771203600.0000002,977360600.0000002,29.516686619200637,0.0,0.010257395551709816,0.0893090684499117,0.0,29.516686619200637,0.015560226501339853,15.203072882243378,20.248806475214927,1.2603040605445655,0.49346076458752514,0.0,0.006092467291733146,0.009521064383457083,0.0,0.001787135403701531,142.5515975855131,1.0,-0.11764705882352941,0.5168425616131648,0.1834689030917572,0.6128511254521088,0.1888061224489796,-0.05439764766928998,0.0,-0.0402369167838816,0.2488208737495409,0.5503879662581647,Banks—Regional,Financial Services,FIBK
2017Q1,2017,Q1,2017-05-09,2017-03-31,23126000.0,98000000.0,0.0,0.51,98000000.0,1.0,9061234000.0,1001596000.0,6475911000.0,0.0,8059638000.0,0.0,707016000.0,1771562000.0,1074177000.0,22.417099373321395,0.0,0.012191716933918713,0.1102959676356535,0.0,22.417099373321395,0.023089149717051585,18.077163265306122,19.15119346190435,1.768739092408516,0.465277177203148,0.0,0.006073736058912982,0.010815303964117912,0.0,0.0025521910150427636,43.67325707523913,1.0,-0.07272727272727278,0.8168584993569616,0.08070076627568838,0.2333329571484087,-0.1550485847063794,-0.06618211185140319,0.0,0.06450271877308575,0.17341154640310064,0.19459544142107155,Banks—Regional,Financial Services,FIBK
2016Q4,2016,Q4,2017-03-02,2016-12-31,24765000.0,115983000.0,0.0,0.55,115983000.0,1.0,9063895000.0,982593000.0,6504045000.0,0.0,8081302000.0,0.0,694650000.0,1894751499.9999998,1223276499.9999998,22.065865708511115,0.0,0.012186041431415523,0.11240971592510836,0.0,22.065865708511115,0.02520372117448425,16.336458791374596,19.127311730264484,1.9283177266681117,0.39721380981223503,0.0,0.005191709836355849,0.012796154412644895,0.0,0.002732269074167342,58.751984496124024,1.0,-0.01785714285714287,0.7975047493742281,0.2403276025417277,0.2270068599669617,0.13207160426345996,-0.016988846108045887,0.0,0.174878557691606,0.33466659193391024,0.20815297943200461,Banks—Regional,Financial Services,FIBK
2016Q3,2016,Q3,2016-11-08,2016-09-30,25193000.0,102452000.0,0.0,0.56,102452000.0,1.0,8973847000.0,982504000.0,6469822000.0,0.0,7991343000.0,0.0,679722000.0,1399516650.0,810729650.0,22.12099515929303,0.0,0.012306204908552597,0.11240056020128163,0.0,22.12099515929303,0.025641625886510387,13.660217955725608,13.88795151430953,1.4244386282396815,0.3893144921208272,0.0,0.0070081338439239,0.011416731308211516,0.0,0.0028073801570274153,34.36336214305007,1.0,-0.01754385964912263,1.0352606080521298,0.13912171639588378,0.2321153925442851,0.015462078261903819,-0.014126946857634812,0.0,0.040953836534333765,0.16448955892111983,0.2192289785702474,Banks—Regional,Financial Services,FIBK
2016Q2,2016,Q2,2016-08-05,2016-06-30,25554000.0,100892000.0,0.0,0.57,100892000.0,1.0,8605376000.0,965125000.0,6126556000.0,0.0,7640251000.0,0.0,664337000.0,1243958900.0,878473900.0,21.801373421581694,0.0,0.012831513695624689,0.11441005051159177,0.0,21.801373421581694,0.02647739930060873,12.329608888712682,12.169903928934804,1.2889096231058155,0.3853799796509353,0.0,0.007916660269081237,0.011724298856900616,0.0,0.002969539041640946,86.1169193492558,1.0,0.26666666666666655,1.5061475010955658,0.1591191702339924,0.22830076813111996,0.0598678474257561,0.26982707215265356,0.0,0.1671166947769053,0.12175778005002823,0.23115752455319363,Banks—Regional,Financial Services,FIBK
2016Q1,2016,Q1,2016-05-06,2016-03-31,20124000.0,95193000.0,0.0,0.45,95193000.0,1.0,8690680000.0,942014000.0,6127409000.0,0.0,7748666000.0,0.0,648631000.0,1257945470.0,713030470.0,21.065184820769694,0.0,0.012705219844707204,0.11721375690807143,0.0,21.065184820769694,0.021362739831892096,13.21468458815249,15.627428319419598,1.3353787417172145,0.48996223414828066,0.0,0.007838177596044764,0.010953458187391551,0.0,0.002315584050960339,67.02250892429005,1.0,-0.11764705882352941,1.020897862020382,0.10878368425975588,0.2124356580057862,-0.04150430448572723,-0.1411378088856643,0.0,-0.03144990197084652,0.042415832438104185,0.17810798255655336,Banks—Regional,Financial Services,FIBK
2015Q4,2015,Q4,2016-03-01,2015-12-31,23431000.0,99315000.0,0.0,0.51,99315000.0,1.0,8728196000.0,950493000.0,6249146000.0,0.0,7777703000.0,0.0,638367000.0,1310073590.97,640543590.97,21.091052976300116,0.0,0.012644537313323394,0.11611237536730938,0.0,21.091052976300116,0.02465141773795283,13.191094909832351,13.977994867589945,1.3783095624796817,0.3854295591310657,0.0,0.006893505878027279,0.011378639984711617,0.0,0.0026845180836910626,26.342668522681574,1.0,0.15909090909090912,1.0479104692536185,0.06469082991468178,0.22198933501257653,0.025854232946328968,0.16213669278841386,0.0,0.32821296154078444,0.03521212629838622,0.20822924301048076,Banks—Regional,Financial Services,FIBK
2015Q3,2015,Q3,2015-11-09,2015-09-30,20162000.0,96812000.0,0.0,0.44,96812000.0,1.0,8604530000.0,938575000.0,6115338000.0,0.0,7665955000.0,0.0,623967000.0,1256978895.36,676522895.3599999,20.78788124164675,0.0,0.014594173069301868,0.13379431585115734,0.0,20.78788124164675,0.021481501211943636,12.983709616163285,15.585989675627419,1.3392418244253257,0.4498561650629898,0.0,0.007215713830582926,0.011251282754549057,0.0,0.002343184345920114,39.84337819703309,1.0,-0.10204081632653059,1.1810686006156008,0.03181201480071381,0.19010721297854175,-0.0025345669599620845,-0.09270092700927009,0.0,0.1883132333525209,0.010882200808945466,0.1200595975060756,Banks—Regional,Financial Services,FIBK
2015Q2,2015,Q2,2015-08-06,2015-06-30,22222000.0,97058000.0,0.0,0.49,97058000.0,1.0,8386218000.0,924855000.0,5826695000.0,0.0,7461363000.0,0.0,612875000.0,1252270204.28,874147204.28,20.487174103731682,0.0,0.014970753204841562,0.13574884711657503,0.0,20.487174103731682,0.02402755026463608,12.902287336231943,14.0881806799568,1.3540178776997476,0.40833408334083343,0.0,0.007246040007170137,0.011573512637043301,0.0,0.0026498237942300094,41.89736037605808,1.0,0.06521739130434775,2.1506613109086667,0.088127510878016,0.1796663747319124,0.05375270066335892,0.05919923736892278,0.0,0.6257304491938213,0.03988433440231309,0.1194604000383495,Banks—Regional,Financial Services,FIBK
2015Q1,2015,Q1,2015-05-07,2015-03-31,20980000.0,92107000.0,0.0,0.46,92107000.0,1.0,8528542000.0,914450000.0,5763994000.0,0.0,7614092000.0,0.0,599727000.0,1262422358.6,751111358.5999999,20.151733551529006,0.0,0.014718694004203767,0.1372726775657499,0.0,20.151733551529006,0.022942752474164798,13.706041436590052,15.04316442564347,1.3805263913827983,0.43446139180171595,0.0,0.007220246011888086,0.010799853011218096,0.0,0.0024599749875183824,-728.040575893887,1.0,-0.06122448979591831,0.29477810878491756,-0.2206282346542877,-0.14257203938220947,-0.04923769315730256,-0.07885493501931858,0.0,0.6228996996120385,8.665775834633593e-05,0.10869817360726844,Banks—Regional,Financial Services,FIBK
2014Q4,2014,Q4,2015-03-02,2014-12-31,22776000.0,96877000.0,0.0,0.49,96877000.0,1.0,8609936000.0,908924000.0,5894720000.0,0.0,7701012000.0,0.0,587862000.0,1265407945.36,587833945.3599999,19.982698680468793,0.0,0.014001613949279065,0.13263265135478874,0.0,19.982698680468793,0.025058200685645883,13.062005897787916,13.889707865296804,1.3922043486144058,0.3194590797330523,0.0,0.005749924383420895,0.011251767725102719,0.0,0.0026453158304544887,19.8259008140883,1.0,0.16666666666666669,0.35471028090128354,-0.2262103540898371,0.08429282234775816,0.025750436762136692,0.18903680501174627,0.0,0.6184095487321409,0.014242992977338718,0.11116911003997794,Banks—Regional,Financial Services,FIBK
2014Q3,2014,Q3,2014-11-07,2014-09-30,19155000.0,94445000.0,0.0,0.42,94445000.0,1.0,8481352000.0,885864000.0,5871720000.0,0.0,7595488000.0,0.0,572362000.0,1193308067.06,515814067.05999994,19.724501266458404,0.0,0.016711014941957366,0.15999295602936794,0.0,19.724501266458404,0.02162295792582157,12.634952269151357,15.574367881232055,1.3470556056685903,0.3791177238318977,0.0,0.006085603709938604,0.01113560668157624,0.0,0.002258484260528274,35.578654354800236,1.0,-0.10638297872340424,0.08520059701085254,-0.23626749464120309,0.08327675439920704,0.09440543233910403,-0.09118944821369265,0.0,0.5303506099257286,0.03847801263943122,0.09863328686878771,Banks—Regional,Financial Services,FIBK
2014Q2,2014,Q2,2014-08-01,2014-06-30,21077000.0,86298000.0,0.0,0.47,86298000.0,1.0,7651379000.0,838526000.0,5176126000.0,0.0,6812853000.0,0.0,560469000.0,1197122986.8,816376986.8,19.03825833377607,0.0,0.015603723198131997,0.14238079677911,0.0,19.03825833377607,0.025135773965267623,13.871966752416046,14.199399663139916,1.4276516015007286,0.33458272050102006,0.0,0.005890789900251207,0.011278751189818201,0.0,0.0027546668384875457,233.08469369158877,1.0,-0.020833333333333353,0.12466448386945171,-0.28433014725781247,0.07733316833188242,0.049317866783395344,-0.01477118683681578,0.0,1.0776238745537,-0.0034881162049236933,0.07262542056670475,Banks—Regional,Financial Services,FIBK
2014Q1,2014,Q1,2014-05-02,2014-03-31,21393000.0,82242000.0,0.0,0.48,82242000.0,1.0,7617825000.0,825638000.0,5141483000.0,0.0,6792187000.0,0.0,546444000.0,1241618339.3,751040339.3,18.765431874287394,0.0,0.015672583709917202,0.14460453612842433,0.0,18.765431874287394,0.025910871350398115,15.097132113761825,14.50963328308325,1.503828965357699,0.3288926284298602,0.0,0.005666797740734693,0.010795994919809789,0.0,0.002808281891484774,65.74279038970666,1.0,0.02127659574468087,-0.08680109847135366,-0.31080508771989657,0.07309886871233091,-0.039767420138240236,0.029747292418772563,0.0,1.183547888155809,-0.026364388644335487,0.08007021708310207,Banks—Regional,Financial Services,FIBK
2013Q4,2013,Q4,2014-02-28,2013-12-31,20775000.0,85648000.0,0.0,0.47,85648000.0,1.0,7564651000.0,801581000.0,5031680000.0,0.0,6763070000.0,0.0,532087000.0,1245109964.57,830351964.5699999,18.26413217876188,0.0,0.015783543748416153,0.14895188383956207,0.0,18.26413217876188,0.025917530480388133,14.537525272861012,14.983272738507821,1.55331771158498,0.2957400722021661,0.0,0.004934503919195471,0.011322135019844273,0.0,0.0027463263011076123,34.276943277907776,1.0,-0.12962962962962973,-0.17805162188202386,-0.27857836419888066,0.06191416233659495,-0.010570336055820617,-0.1275407357634806,0.0,0.8645046117243476,-0.057181317083796285,0.058201065673974324,Banks—Regional,Financial Services,FIBK
2013Q3,2013,Q3,2013-10-31,2013-09-30,23812000.0,86563000.0,0.0,0.54,86563000.0,1.0,7500100000.0,792860000.0,4973168000.0,0.0,6707240000.0,0.0,517456000.0,1055344518.9,633427518.9,18.14342961666942,0.0,0.015948454020613057,0.1508652221073077,0.0,18.14342961666942,0.03003304492596423,12.191635212504188,11.079965132076262,1.3310603623590544,0.25688728372249287,0.0,0.0057962114650255,0.011541579445607393,0.0,0.003174891001453314,19.478488720930233,1.0,0.10204081632653071,0.07438512185734646,-0.2703048318128141,0.08315553909833374,-0.02010437066301407,0.1072773773541037,0.0,1.6614187991099363,-0.04679717889396951,0.038712228724290795,Banks—Regional,Financial Services,FIBK
2013Q2,2013,Q2,2013-07-31,2013-06-30,21505000.0,88339000.0,0.0,0.49,88339000.0,1.0,7291508000.0,769954000.0,4768824000.0,0.0,6521554000.0,0.0,499761000.0,900916001.4399999,653103001.4399999,17.708029221925727,0.0,0.016405111260935322,0.15535733303548005,0.0,17.708029221925727,0.027930239988362943,10.198394836255787,10.4733318000465,1.170090682612208,0.26263659614043244,0.0,0.006269174918607715,0.012115326486647206,0.0,0.002949321320089068,60.18947096739711,1.0,0.06521739130434775,-0.16774887990022674,-0.23826919093014828,0.10539784312068651,0.002758354522339266,0.07288964278587108,0.0,2.1655929110819994,0.028248234562992778,0.019641192587459562,Banks—Regional,Financial Services,FIBK
2013Q1,2013,Q1,2013-05-01,2013-03-31,20044000.0,88096000.0,0.0,0.46,88096000.0,1.0,7439317000.0,771373000.0,4830224000.0,0.0,6667944000.0,0.0,483904000.0,809314072.84,435262072.84000003,17.880521253287146,0.0,0.01608144941262753,0.15509357988936612,0.0,17.880521253287146,0.025984834833472262,9.186728941609154,10.094218629515067,1.049186415443631,0.0,0.0,0.0,0.011841947318550884,0.0,0.002694333364205343,20.69909902657357,1.0,0.2432432432432433,-0.19438620770412984,-0.23047297530650612,0.11093696242691324,-0.038337263121124794,0.18990798456515287,0.0,0.30118051775073296,-0.2158998901768239,-0.2392089328798314,Banks—Regional,Financial Services,FIBK
2012Q4,2012,Q4,2013-03-01,2012-12-31,16845000.0,91608000.0,0.0,0.37,91608000.0,1.0,7721761000.0,751186000.0,5128452000.0,0.0,6970575000.0,0.0,463860000.0,663994514.71,-16938485.28999996,17.4561682713031,0.0,0.015497630657048308,0.1593067495933098,0.0,17.4561682713031,0.022424539328475237,7.248215381953542,9.85447483986346,0.8839282344319516,0.6821608785989908,0.0,0.017305865854959208,0.011863615048432604,0.0,0.002181497199926286,13.708132348775756,1.0,0.0571428571428572,-0.19659586586500793,-0.1043291068982996,0.2310110147310778,0.004616886178950947,0.04271123491179202,0.0,0.05904607167622754,-0.2265887232048588,-0.05280071200950606,Banks—Regional,Financial Services,FIBK
2012Q3,2012,Q3,2012-11-07,2012-09-30,16155000.0,91187000.0,0.0,0.35,91187000.0,1.0,7461152000.0,797870000.0,4903276000.0,6712000.0,6663282000.0,0.0,458506000.0,650861998.96,160394998.96000004,18.55962065584103,730.5238379022646,0.01603679967919163,0.1499655332322308,0.0,18.55962065584103,0.02024765939313422,7.137662155351092,10.07214483070257,0.8157494315615327,0.37270194986072425,0.0,0.009250808942019724,0.012221571146117919,95.87842669845054,0.0021652152375397256,14.724385199194625,1.0,0.2499999999999998,-0.3881219993528807,-0.1279207240195567,0.3187010708094769,0.02646449637534333,0.24173712528823982,0.0,-0.04383506783110905,-0.22964090608446058,0.01930108930708119,Banks—Regional,Financial Services,FIBK
2012Q2,2012,Q2,2012-08-09,2012-06-30,13010000.0,88836000.0,0.0,0.28,88836000.0,1.0,7305176000.0,786335000.0,4834595000.0,8222000.0,6518841000.0,0.0,448372000.0,611849026.24,197715026.24,18.30093686478758,588.0071758696181,0.016380851056839698,0.1521806863486936,0.0,18.30093686478758,0.01654511118034934,6.887399547931019,11.757283363566486,0.7781022417163169,0.4617986164488855,0.0,0.009819415807394519,0.012160692637658559,68.68584286061785,0.001780929028951527,155.92482829765547,1.0,0.07692307692307698,-0.4615529813798727,-0.09348508288855638,0.3444917666823239,0.020915693665532777,0.06517111511380383,0.0,-0.2883826707273737,-0.24481036343004797,0.03560976799041128,Banks—Regional,Financial Services,FIBK
2012Q1,2012,Q1,2012-05-09,2012-03-31,12214000.0,87016000.0,0.0,0.26,87016000.0,1.0,7394306000.0,779275000.0,4893062000.0,8261000.0,6615031000.0,0.0,441370000.0,626814502.78,165106502.77999997,18.176032062868092,592.3086793366421,0.021761609541179387,0.20648936511501076,0.0,18.176032062868092,0.015673542715986012,7.203439629263583,12.829836719747831,0.8043559754643739,0.4902570820370067,0.0,0.009553065497754884,0.011767973897753217,79.04938869386272,0.0016518115425572055,25.237126173853525,1.0,-0.15965473501696187,-0.45872658912254416,-0.08919356067661297,0.3511701928336063,-0.03349920028434335,-0.07923105917828872,0.0,-0.46495408761777846,-0.25168067514311127,0.039394114401829224,Banks—Regional,Financial Services,FIBK
2011Q4,2011,Q4,2012-02-28,2011-12-31,13265000.0,90032000.0,0.0,0.3093966383034811,90032000.0,1.0,7325527000.0,771020000.0,4768526000.0,8130000.0,6554507000.0,0.0,435144000.0,558645210.0699999,247429210.06999993,17.983490091575575,586.5345633456335,0.021967293274599904,0.2087131332520557,0.0,17.983490091575575,0.01720448237399808,6.204962791785142,10.528556541085564,0.724553461738995,0.42796833773087073,0.0,0.010162084803857272,0.012290173799100051,62.006396063960636,0.0018107912236211812,13.422195768241991,1.0,0.18998707039800408,-0.6353353394280425,-0.04988407567659546,0.3734794751397075,0.039426440537077015,0.11274221961244862,0.0,-0.46276107180446024,-0.22370722539033905,0.045597054903624055,Banks—Regional,Financial Services,FIBK
2011Q3,2011,Q3,2011-11-09,2011-09-30,11921000.0,86617000.0,0.0,0.26,86617000.0,1.0,7307154000.0,767955000.0,4872315000.0,13908000.0,6539199000.0,0.0,427556000.0,458112313.89000005,122310313.89000005,17.9536716229263,350.3246333045729,0.022759339682727364,0.2165569597176918,0.0,17.9536716229263,0.015523044970082882,5.288942284886339,9.607254296829126,0.5965353619548022,0.47596678131029274,0.0,0.012385609004525506,0.01185372581445526,38.61820534943917,0.001631414912016361,62.04961585940675,1.0,0.2380952380952382,-0.47838725307333496,-0.08257794822108715,0.4484765421236384,0.029708266958320455,0.20976253298153033,0.0,-0.4504952780552382,-0.2540547754302835,0.071827062269333,Banks—Regional,Financial Services,FIBK
2011Q2,2011,Q2,2011-08-05,2011-06-30,9854000.0,84118000.0,0.0,0.21,84118000.0,1.0,7202791000.0,759345000.0,4788562000.0,17152000.0,6443446000.0,0.0,421309000.0,630605117.5600001,383513117.56000006,17.74921418860044,279.183885261194,0.023134782058788043,0.2194457064970468,0.0,17.74921418860044,0.012976973575910818,7.496672740198294,15.998709091739396,0.8304593005287452,0.5745889993911102,0.0,0.00897867753104823,0.011678528503742508,26.079465951492537,0.0013680807897938452,33.936342565924015,1.0,0.049999999999999906,-0.5526382576322817,-0.06661081102224263,0.5221716064070756,0.02636748538867943,0.03660845781611614,0.0,-0.6124193902830521,-0.26282173281163607,0.1079687544717281,Banks—Regional,Financial Services,FIBK
2011Q1,2011,Q1,2011-05-06,2011-03-31,9506000.0,81957000.0,0.0,0.2,81957000.0,1.0,7429126000.0,741697000.0,5050648000.0,17684000.0,6687429000.0,0.0,417117000.0,580575704.0,70090704.0,17.37427028121039,285.60551911332277,0.02244247842882191,0.22479260398788184,0.0,17.37427028121039,0.012816554469008234,7.0839062435179425,15.268664632863455,0.7827666877444563,0.593519882179676,0.0,0.009717940246428225,0.011031849506927194,40.12627233657543,0.0012795583222037154,8.751122258565335,1.0,-0.21222753275512082,-0.5674215323614714,-0.07048577378918376,0.5141162515694122,-0.07247541336109822,-0.12290090422587194,0.0,-0.6138957182518244,-0.2765341288684029,0.07948301826176592,Banks—Regional,Financial Services,FIBK
2010Q4,2010,Q4,2011-02-28,2010-12-31,10838000.0,88361000.0,0.0,0.2538804138452201,88361000.0,1.0,7500970000.0,736802000.0,5173762000.0,18169000.0,6764168000.0,0.0,413253000.0,650586303.6,133290303.60000002,17.259604787044275,284.757664153228,0.022158200872687134,0.22558027801227468,0.0,17.259604787044275,0.014709514903596895,7.362821873903646,15.007065501014948,0.8829866145857368,0.5186381251153349,0.0,0.008639899070878625,0.011779943127355528,39.4700864109197,0.0014448797955464426,23.899283799867757,1.0,0.4104467435845561,-0.45506344348938027,0.021233585325741867,0.5462573693287781,-0.0026862605672750258,0.2416084316645664,0.0,-0.47893631077414256,-0.12912805890731013,0.21714933498236005,Banks—Regional,Financial Services,FIBK
2010Q3,2010,Q3,2010-11-04,2010-09-30,8729000.0,88599000.0,0.0,0.18,88599000.0,1.0,7329201000.0,744703000.0,5100343000.0,20915000.0,6584498000.0,0.0,408036000.0,573857449.1800001,199178449.18000007,17.46723405668626,243.86053071957926,0.022772195768679285,0.22411887692140356,0.0,17.46723405668626,0.011721451370546379,6.477019483064144,16.43537201225799,0.7705856551940842,0.650475426738458,0.0,0.009894443311859841,0.012088493684372962,27.675448242887878,0.00119098930429115,16.723711872122166,1.0,0.28571428571428553,-0.5798718002023677,0.049190219826415464,0.5999867145447487,0.05208222008478501,0.31085748610902536,0.0,-0.666630052277571,-0.1456104356826565,0.24108464724373124,Banks—Regional,Financial Services,FIBK
2010Q2,2010,Q2,2010-07-30,2010-06-30,6659000.0,84213000.0,0.0,0.14,84213000.0,1.0,7225376000.0,740188000.0,5186789000.0,27638000.0,6485188000.0,0.0,404985000.0,670421455.99,342035455.99,17.36692215914651,187.66875316593095,0.023380651747396952,0.22823120612601122,0.0,17.36692215914651,0.008996363086134874,7.9610209348912875,25.169749811908694,0.9057448323804224,0.8507283375882264,0.0,0.008449908560331785,0.011655171993817347,19.384506838410882,0.0009216129375135633,130.83947228532398,1.0,-0.5625,-0.6198079255795403,0.05478069256489156,0.669069855950513,0.037399756088547245,-0.401707097933513,0.0,-0.7221631819270627,-0.13367629089208902,0.2758736904071776,Banks—Regional,Financial Services,FIBK
2010Q1,2010,Q1,2010-05-03,2010-03-31,11130000.0,81177000.0,0.0,0.32,81177000.0,1.0,7215640000.0,732567000.0,5284969000.0,24615000.0,6483073000.0,0.0,403991000.0,506507576.25,5835576.25,23.50253837886201,214.70522039406865,0.0233650791890948,0.23014140686107892,0.0,23.50253837886201,0.015193149568571885,6.239545391551794,11.377079430592993,0.6914146777700879,0.39200359389038636,0.0,0.008613888922061313,0.011250145517237556,28.67137924030063,0.001542482718095692,11.919227585598305,1.0,-0.13425023522263688,-0.06417033566737579,0.45030713853133053,1.3689282244047913,-0.05381495209455207,-0.03393802621300234,0.0,-0.3215575317801981,0.1687430931805149,0.7471321135222116,Banks—Regional,Financial Services,FIBK
2009Q4,2009,Q4,2010-02-19,2009-12-31,11521000.0,85794000.0,0.0,0.3696218157013204,85794000.0,1.0,7137653000.0,574434000.0,5283517000.0,23008000.0,6563219000.0,0.0,397224000.0,489364242.9,79847242.89999998,18.42924555859494,229.63825625869262,0.028369409384289206,0.3525052486447529,0.0,18.42924555859494,0.0200562640790761,5.70394483180642,10.618961958597344,0.8519068211491659,0.3812169082544918,0.0,0.008974909923889742,0.012019917471471365,28.21327364394993,0.0016141160126444925,-46.802242052410094,1.0,0.019691395210051862,-0.03821083248957372,0.5143633009863736,0.8733826668127848,-0.005851747992444872,-0.06470206202305569,0.0,-0.564352041115257,0.24536225556199837,0.4075238114595643,Banks—Regional,Financial Services,FIBK
2009Q3,2009,Q3,2009-11-10,2009-09-30,12318000.0,86299000.0,0.0,0.362484,86299000.0,1.0,6923218000.0,570684000.0,5213133000.0,24911000.0,6352534000.0,0.0,390095000.0,492072100.4,480881100.4,18.208182891728118,209.2703223475573,0.029895346354830946,0.36267356365344044,0.0,18.208182891728118,0.02158462476607019,5.70194440723531,9.986850552037668,0.8622496870422159,0.35525247605130705,0.0,0.008893005712867682,0.012465157098909784,10.312913973746538,0.001779230409904758,12.708145461119289,1.0,-0.08227019664336598,0.11113115641349447,0.5067218381171869,0.8878130592559025,0.0057220771955994775,-0.07633473305338932,0.0,-0.2644213543532784,0.2474559121133275,0.46901014718828693,Banks—Regional,Financial Services,FIBK
2009Q2,2009,Q2,2009-08-07,2009-06-30,13336000.0,85808000.0,0.0,0.394979,85808000.0,1.0,6776918000.0,553868000.0,5316128000.0,81077000.0,6223050000.0,0.0,382153000.0,492072100.4,528926100.4,17.671653387646522,65.568878966908,0.038622571499315764,0.47257108191843544,0.0,17.671653387646522,0.02407793914795583,5.734571373298527,9.22450698110378,0.8884284710436422,0.3281343731253749,0.0,0.008893005712867682,0.012661802902145193,3.2458033721030626,0.0019678561847730784,11.230676718018943,1.0,-0.21213142745439098,0.06076996500159089,0.5796178343949044,0.9660578953907317,0.009434628143895726,-0.20086289549376798,0.0,-0.1735762533308546,0.2996682974115079,0.515519996497603,Banks—Regional,Financial Services,FIBK
2009Q1,2009,Q1,2009-05-11,2009-03-31,16688000.0,85006000.0,0.0,0.501326,85006000.0,1.0,6722837000.0,548085000.0,5280082000.0,79447000.0,6174752000.0,0.0,373193000.0,492072100.4,487976100.4,17.487141605884876,66.46043274132441,0.039251286324508534,0.4814581679848929,0.0,17.487141605884876,0.0304478319968618,5.788674921770228,7.371645799376798,0.897802531359187,0.35786193672099714,0.0,0.012136432842149407,0.01264436427656955,3.8396918700517326,0.0024822853804130607,50.66640242998352,1.0,-0.12949331190736826,0.7172257666186458,0.6005648653737524,0.9300738455687377,0.002630244270667469,-0.07545706371191135,0.0,0.03433742407338526,0.3131381787286628,0.5239526535741991,Banks—Regional,Financial Services,FIBK
2008Q4,2008,Q4,2009-03-23,2008-12-31,18050000.0,84783000.0,0.0,0.5759013765861536,84783000.0,1.0,6628347000.0,539062000.0,5170915000.0,99747000.0,6089285000.0,0.0,362477000.0,492072100.4,572623100.4,17.19925472937868,51.84030597411451,0.04331079830310634,0.5325528417881431,0.0,17.19925472937868,0.03348408902872026,5.80390055081797,6.815403052631579,0.9128302503237103,0.33340720221606646,0.0,0.012229915077705145,0.012790971866741437,2.458439852827654,0.002723152544669131,26.49537477923756,1.0,0.2107289302054042,0.8324873096446699,0.5893037903497917,0.9657581702683189,-0.003525968759916787,0.13550578761952692,0.0,0.2361320367073002,0.33463990554899653,0.5408507147410155,Banks—Regional,Financial Services,FIBK
2008Q3,2008,Q3,2008-11-04,2008-09-30,15896000.0,85083000.0,0.0,0.475665,85083000.0,1.0,403733000.0,524998000.0,203114000.0,39423000.0,5985015000.0,0.0,350445000.0,492072100.4,373653100.4,16.750530244043073,5.152170053014737,0.20977973066358213,0.16132442409304418,0.0,16.750530244043073,0.030278210583659367,5.783436178790122,7.738929611222948,0.9372837618429023,0.37449672873678913,0.0,0.012097820614419863,0.21074076184012702,5.152170053014737,0.03937255562463311,15.940655686935113,1.0,-0.15416582201500104,0.3437024513947592,0.6127338552230037,0.9708463785090582,0.017787932436958705,-0.14656931171480725,0.0,0.04072279690978134,0.3705600927849998,0.5343371346071789,Banks—Regional,Financial Services,FIBK
2008Q2,2008,Q2,2008-08-05,2008-06-30,18626000.0,83596000.0,0.0,0.562362,83596000.0,1.0,6363964000.0,502089000.0,4937625000.0,152186000.0,5861875000.0,0.0,340502000.0,492072100.4,619555100.4,16.019598131233533,32.44467296597585,0.053873340578293655,0.6828430816050541,0.0,16.019598131233533,0.03709700869766117,5.886311550791904,6.604640024696661,0.9800495537643725,0.36223558466659506,0.0,0.013711405289012399,0.013135837977713262,1.6926392703665252,0.0029267921691574625,76.93434965603502,1.0,0.026925752852815028,0.8198339032730825,0.5448984494834692,0.940905646956952,0.005097869475304189,0.03042708563841558,0.0,0.4461180124223602,0.4238315846845621,0.539583588862995,Banks—Regional,Financial Services,FIBK
2008Q1,2008,Q1,2008-05-08,2008-03-31,18076000.0,83172000.0,0.0,0.547617,83172000.0,1.0,6284356000.0,504452000.0,4762249000.0,37585000.0,5779904000.0,0.0,327854000.0,492072100.4,483283100.4,16.09499175743149,126.70610615937208,0.03711438371728145,0.46236311879029124,0.0,16.09499175743149,0.035832943471331265,5.916319198768816,6.805599972339014,0.9754587163892698,0.2880615180349635,0.0,0.010581782620407227,0.013234769004174812,7.54995343887189,0.0028763488255598504,17.8016098835106,1.0,0.12392811237797136,1.0454905510919992,0.6443003439958879,1.0214061028630965,0.11650759131730498,0.18368148778730928,0.0,0.5114976168575966,0.47777264489534843,0.6222877559486866,Banks—Regional,Financial Services,FIBK
2007Q4,2007,Q4,2008-03-17,2007-12-31,15271000.0,74493000.0,0.0,0.48723489871729375,74493000.0,1.0,5216797000.0,444443000.0,3904747000.0,29834000.0,4772354000.0,0.0,416425000.0,492072100.4,420431100.4,14.180350998009965,130.8824495541999,0.02242180403032742,0.26318335534590487,0.0,14.180350998009965,0.03435986166955043,6.605615298081698,8.055662700543513,1.1071658241889286,0.3447711348307249,0.0,0.010699651526107943,0.014279451548526808,7.40182342294027,0.0029272751076953926,14.515401191740413,1.0,-0.20002807792716085,-0.889515905975817,-0.6947421216038001,-0.6526033411061202,-0.022824760930305773,-0.20666008623824614,0.0,0.2678289746782897,0.30765179840960544,0.441471040392312,Banks—Regional,Financial Services,FIBK
2007Q3,2007,Q3,2007-10-29,2007-09-30,19249000.0,76233000.0,0.0,0.609065,76233000.0,1.0,5011607000.0,441115000.0,3835650000.0,28157000.0,4570492000.0,0.0,406419000.0,492072100.4,377689100.4,14.074168184642723,136.22367439713037,0.010956764965808373,0.12448227786404906,0.0,14.074168184642723,0.04363714677578409,6.454843708105414,6.390878752142968,1.1155188565340104,0.2753389786482415,0.0,0.010770779314030787,0.015211288514841647,7.388109528713996,0.003840883772410726,12.457206156806157,1.0,0.09214261250647761,-0.8144542393121117,-0.6288667779488928,-0.538062661875787,0.06643444686922947,0.09214184397163121,0.0,0.7363341151001261,0.33097632516237163,0.45920098974856016,Banks—Regional,Financial Services,FIBK
2007Q2,2007,Q2,2007-07-31,2007-06-30,17625000.0,71484000.0,0.0,0.557679,71484000.0,1.0,4934826000.0,426623000.0,3782982000.0,23985000.0,4508203000.0,0.0,392470000.0,492072100.4,369086100.4,13.611787976914938,157.7228267667292,0.010498242491224614,0.12143508437191619,0.0,13.611787976914938,0.04131282185911214,6.883667679480722,6.979746104964538,1.1534120298249273,0.3017872340425532,0.0,0.01080939154176033,0.014485617122062663,8.732082551594747,0.0035715544985780653,-6474.6329,1.0,0.0684406348427838,0.0,0.0,0.0,0.023524863618791254,0.06844083414161009,0.0,0.4019249125039773,0.3159309303781158,0.5143780061409582,Banks—Regional,Financial Services,FIBK
2007Q1,2007,Q1,2007-04-26,2007-03-31,16496000.0,69841000.0,0.0,0.521956,69841000.0,1.0,4959855000.0,421617000.0,3797948000.0,20545000.0,4538238000.0,0.0,380164000.0,492072100.4,373676100.4,13.452067074355918,184.85996592844975,0.010624302524973008,0.12498310077629697,0.0,13.452067074355918,0.03912555708142698,7.045605022837588,7.457445750484966,1.1671068775689786,0.5074563530552861,0.0,0.0170117346486324,0.014081258423885376,9.874762715989291,0.0033259036806519543,30.810350034437416,1.0,-0.3848061549175692,0.8666968428199615,0.3807480922067139,0.6894752659734327,0.008213996997343804,-0.3796630565583634,0.0,0.6974686149413462,0.3150254189418189,0.4847185099886961,Banks—Regional,Financial Services,FIBK
