Quarters,Year,Quarter,FillingDate,Date,NetIncome,Revenue,OperatingIncome,EPSDiluted,GrossProfit,GrossProfitRatio,TotalAssets,CommonStockEquity,CurrentAssets,CurrentLiability,TotalLiability,Inventory,RetainedEarnings,MarketCap,EnterpriseValue,bookValuePerShare,currentRatio,debtToAssets,debtToEquity,roic,shareholdersEquityPerShare,roe,priceToSalesRatio,peRatio,pbRatio,payoutRatio,inventoryTurnover,dividendYield,assetTurnover,quickRatio,returnOnAssets,priceToFreeCashFlowsRatio,grossProfitMargin,epsdilutedGrowth,fiveYNetIncomeGrowthPerShare,fiveYRevenueGrowthPerShare,fiveYShareholdersEquityGrowthPerShare,grossProfitGrowth,netIncomeGrowth,operatingIncomeGrowth,threeYNetIncomeGrowthPerShare,threeYRevenueGrowthPerShare,threeYShareholdersEquityGrowthPerShare,Industry,Sector,Symbol
2023Q1,2023,Q1,2023-05-15,2023-03-31,4774230.0,0.0,-420692.0,0.11,0.0,0.0,361199740.0,356996172.0,435546.0,794165.0,4203568.0,0.0,-3767997.0,90045000.0,89956537.0,41.39086052173913,0.5484326304987,0.0,0.0,-0.0025845901667402673,41.39086052173913,0.013373336675441999,0.0,4.71515825588629,0.252229595335829,0.0,0.0,0.0,0.0,0.11139120963527731,0.013217700544302718,-427.38957500735694,0.0,-0.8035714285714286,-0.7765200445403022,0.0,0.03749261258105629,0.0,-0.8028938121134289,-1.2480909299802814,-0.7765200445403022,0.0,0.03749261258105629,Shell Companies,Financial Services,BFAC
2022Q4,2022,Q4,2023-03-30,2022-12-31,24221614.0,0.0,-187133.0,0.56,0.0,0.0,357665227.0,354819403.0,688732.0,626659.0,2845824.0,0.0,-2157067.0,442026962.0,441727813.0,8.243830313703805,1.0990538714037459,0.0,0.0,-0.002909403956077535,8.243830313703805,0.06826462644152524,0.0,4.562319443287305,1.245780130011661,0.0,0.0,0.0,0.0,0.47737126571229327,0.06772146737093902,-7870.710314987269,0.0,2.1111111111111116,0.8719142618383153,0.0,19354.50939082051,0.0,2.142925728738428,0.20420070507886423,0.8719142618383153,0.0,19354.50939082051,Shell Companies,Financial Services,BFAC
2022Q3,2022,Q3,2022-11-10,2022-09-30,7706709.0,0.0,-235151.0,0.18,0.0,0.0,354878190.0,350428619.0,807660.0,629287.0,4449571.0,0.0,-3571053.0,87015037.5,86659727.5,40.62940510144927,1.283452542321707,0.0,0.0,-0.0013843153894581555,40.62940510144927,0.021992236313324625,0.0,2.8227041367463075,0.24831030567169515,0.0,0.0,0.0,0.0,0.5646231369788348,0.02171649094580876,-1017.1368163274848,0.0,0.28571428571428553,0.0,0.0,82009.69142285033,0.0,0.2772313113966746,0.71956757659237,0.0,0.0,82009.69142285033,Shell Companies,Financial Services,BFAC
2022Q2,2022,Q2,2022-08-12,2022-06-30,6033918.0,0.0,-838530.0,0.14,0.0,0.0,353509004.0,346692840.0,920559.0,613285.0,6816164.0,0.0,-5719385.0,85732500.0,85291641.0,40.196271304347825,1.5010297007101103,0.0,0.0,-0.005618044113178722,40.196271304347825,0.017404218673797822,0.0,3.5521074366605574,0.24728661832185517,0.0,0.0,0.0,0.0,0.7188484962130168,0.017068640209232124,-356.04972008571855,0.0,-0.9435483870967741,0.0,0.0,0.0,0.0,-0.7175545112222351,-1.7435038378233358,0.0,0.0,0.0,Shell Companies,Financial Services,BFAC
2022Q1,2022,Q1,2022-05-16,2022-03-31,21363124.0,0.0,-305642.0,2.48,0.0,0.0,353359519.0,344095146.0,1124095.0,100455.0,9264373.0,0.0,-7805717.0,85430625.0,84748978.0,39.895089391304346,11.19003533920661,0.0,0.0,-0.0018022822497441619,39.895089391304346,0.062084932752872954,0.0,0.999744056627673,0.24827617010325395,0.0,0.0,0.0,0.0,6.785595540291673,0.06045719119285987,-349.96630631147303,0.0,7.2666666666666675,0.0,0.0,0.0,0.0,0.651002137719658,-0.6151110500478231,0.0,0.0,0.0,Shell Companies,Financial Services,BFAC
2021Q4,2021,Q4,2022-04-01,2021-12-31,12939489.0,0.0,-189239.0,0.3,0.0,0.0,353679.152,-18333.595,1363.743,149.736,353679.152,0.0,-18334.458,426962752.0,426961826.242,-0.00042596048846902697,9.107649463054978,0.0,0.0,20.95035721185752,-0.00042596048846902697,-705.7802356820906,0.0,8.249219733484066,-23288.544990766946,0.0,0.0,0.0,0.0,6.18260137842603,36.58538799029918,-478.6529642638135,0.0,0.0,0.0,0.0,0.0,0.0,0.0,0.0,0.0,0.0,0.0,Shell Companies,Financial Services,BFAC
2021Q3,2021,Q3,2022-01-28,2021-09-30,0.0,0.0,0.0,0.0,0.0,0.0,146558.0,21323.0,0.0,125235.0,125235.0,0.0,-3677.0,426962752.0,426962752.0,0.0004954159560972663,0.0,0.0,0.0,,0.0004954159560972663,0.0,0.0,0.0,20023.57792055527,0.0,0.0,,0.0,0.0,0.0,0.0,0.0,0.0,0.0,0.0,0.0,0.0,0.0,0.0,0.0,0.0,0.0,Shell Companies,Financial Services,BFAC
2021Q2,2021,Q2,2021-07-31,2021-07-31,,,,,,,71323.0,21323.0,0.0,50000.0,50000.0,0.0,-3677.0,0.0,0.0,0.0,0.0,0.0,0.0,,0.0,,0.0,0.0,0.0,0.0,0.0,,,0.0,,0.0,0.0,0.0,0.0,0.0,0.0,0.0,0.0,0.0,0.0,0.0,0.0,Shell Companies,Financial Services,BFAC
