Quarters,Year,Quarter,FillingDate,Date,NetIncome,Revenue,OperatingIncome,EPSDiluted,GrossProfit,GrossProfitRatio,TotalAssets,CommonStockEquity,CurrentAssets,CurrentLiability,TotalLiability,Inventory,RetainedEarnings,MarketCap,EnterpriseValue,bookValuePerShare,currentRatio,debtToAssets,debtToEquity,roic,shareholdersEquityPerShare,roe,priceToSalesRatio,peRatio,pbRatio,payoutRatio,inventoryTurnover,dividendYield,assetTurnover,quickRatio,returnOnAssets,priceToFreeCashFlowsRatio,grossProfitMargin,epsdilutedGrowth,fiveYNetIncomeGrowthPerShare,fiveYRevenueGrowthPerShare,fiveYShareholdersEquityGrowthPerShare,grossProfitGrowth,netIncomeGrowth,operatingIncomeGrowth,threeYNetIncomeGrowthPerShare,threeYRevenueGrowthPerShare,threeYShareholdersEquityGrowthPerShare,Industry,Sector,Symbol
2023Q1,2023,Q1,2023-05-08,2023-03-31,61092000.0,568360000.0,87842000.0,0.67,137230000.0,0.2414490816,2718908000.0,788129000.0,851729000.0,348857000.0,1930900000.0,30000000.0,1972831000.0,5768411403.5199995,7094184403.5199995,8.61305629651901,2.4414846197725715,0.5030784417861877,1.7355331424170408,0.03119078464504604,8.61305629651901,0.0775152291058951,10.149221274403546,23.60542871210633,7.319120859047186,0.354661821515092,14.371,0.0037561467940338588,0.2090398056866948,2.248107390707367,0.02246931488671187,-134.76337266423698,0.24144908156802028,0.4255319148936172,0.0001048338327737109,0.35134075719494784,1.4836940601344912,-0.14437669123240182,0.4219015477714419,0.5987841945288754,-0.1562617872558368,0.09300502712152277,0.9133154616081318,Aerospace & Defense,Industrials,BWXT
2022Q4,2022,Q4,2023-02-23,2022-12-31,42965000.0,624177000.0,54943000.0,0.47,160386000.0,0.2569559596,2618939000.0,748310000.0,771619000.0,367860000.0,1870584000.0,2928000.0,1932970000.0,5309807358.24,6563437358.24,8.185201810109728,2.097588756592182,0.492135937492244,1.7223797623979367,0.020427902334460433,8.185201810109728,0.057416044152824364,8.506893650743299,30.896121018503433,7.095732194197591,0.46968462702199465,158.3985655737705,0.0038005145268940428,0.2383320115512427,1.9400179416082206,0.01640549856258584,120.82022750159278,0.2569559596076113,-0.29850746268656725,3.977266978987415,0.5777052045538795,1.8507728799507368,0.28896568351683677,-0.3025502004772495,-0.3121635494128546,-0.2697949542631673,0.3005025426268727,0.933886952916167,Aerospace & Defense,Industrials,BWXT
2022Q3,2022,Q3,2022-11-07,2022-09-30,61603000.0,523711000.0,79878000.0,0.67,124430000.0,0.2375928709,2672058000.0,712714000.0,849704000.0,406797000.0,1959122000.0,31800000.0,1910197000.0,4604200761.63,5893522761.63,7.79709791961607,2.0887666329889356,0.5017563241516464,1.881150082641845,0.02932675883018728,7.79709791961607,0.08643439023226708,8.791491417270212,18.684969732115317,6.460095861215017,0.32686719802607017,12.556006289308176,0.0043733974781914944,0.19599537135795705,1.9259704471763557,0.023054514535238383,181.6109483129536,0.23759287087725864,-0.1829268292682926,0.43795911641112456,0.3570537258884785,1.5153472581842047,-0.11881763072913716,-0.174366397276614,-0.16127135462057815,-0.14038859778614476,0.08044120585983512,1.0988838862802082,Aerospace & Defense,Industrials,BWXT
2022Q2,2022,Q2,2022-08-08,2022-06-30,74613000.0,554208000.0,95237000.0,0.82,141208000.0,0.2547924245,2705523000.0,704286000.0,852660000.0,409367000.0,2001173000.0,26200000.0,1868822000.0,5034942451.77,6347787451.77,7.7059700506329385,2.08287429128386,0.5101597731750941,1.959784803332737,0.03478099959997386,7.7059700506329385,0.10594133633211508,9.084932826249352,16.87019169504644,7.1490026094086785,0.269282832750325,15.763358778625955,0.003990512342983542,0.20484320406812287,1.9351535419318118,0.027578032047777822,144.32145073437098,0.25479242450487904,0.2812499999999999,0.3214727044066041,0.46662551780465894,1.895127526567152,0.12149057667717673,0.26304296306327657,0.3306274712531262,0.322189518885176,0.2270752452846105,1.4982850531223977,Aerospace & Defense,Industrials,BWXT
2022Q1,2022,Q1,2022-05-09,2022-03-31,59074000.0,530738000.0,71573000.0,0.64,125911000.0,0.2372375824,2569107000.0,659889000.0,792405000.0,408644000.0,1909153000.0,2896000.0,1814482000.0,4931615388.28,6207757388.28,7.206892415914019,1.9391083681639765,0.5059255998290456,1.9696903570145887,0.027858218154902928,7.206892415914019,0.0895211164301875,9.291996028699659,20.87049881623049,7.473401417935441,0.34983241358296374,139.78832872928177,0.004190513325332064,0.20658462259454355,1.8109209972494396,0.022993981955597802,-85.32944698122675,0.2372375823852824,-0.49206349206349204,0.15147038919778621,0.34605813756592035,2.480659950075531,-0.1511484450317196,-0.49468803996373156,-0.5355659667246346,0.2547602732580258,0.3258017077285852,1.8268319928398435,Aerospace & Defense,Industrials,BWXT
2021Q4,2021,Q4,2022-02-22,2021-12-31,116906000.0,591975000.0,154108000.0,1.26,148331000.0,0.2505697031,2501380000.0,637175000.0,773732000.0,459615000.0,1864145000.0,0.0,1775751000.0,4413562168.68,5568975168.68,6.912316590098981,1.6834350488996226,0.4754591465511038,1.8665264644720838,0.06704641886052522,6.912316590098981,0.18347549731235532,7.4556563515013305,9.438271279232888,6.926766066904697,0.16586830444972883,0.0,0.004393503310682814,0.23665936403105486,1.573312446286566,0.04673660139602939,51.28947809092177,0.2505697031124625,1.0,2.4692398559031776,0.578371198274612,3.573534700351198,0.08115337798931463,0.9512300964716093,0.7618786298989345,4.644179963315282,0.3115322585105727,1.863326408460763,Aerospace & Defense,Industrials,BWXT
2021Q3,2021,Q3,2021-11-01,2021-09-30,59914000.0,498727000.0,87468000.0,0.63,137197000.0,0.275094390317749,2489713000.0,578315000.0,813823000.0,397793000.0,1911139000.0,0.0,1678478000.0,5077772846.58,6262223846.58,6.134194427578411,2.0458454522829714,0.503605033993878,2.1680779505978576,0.036929697925974295,6.134194427578411,0.10360097870537682,10.181467709949532,21.1877559776513,8.780289023421492,0.33299395800647597,0.0,0.003929084778464926,0.20031505639405023,1.9243375323346565,0.024064621102914272,6603.085626241873,0.275094390317749,0.01612903225806453,0.6119694595118758,0.4320595069748219,4.327155800807751,0.06122275336087003,0.009553979139636376,0.18599069843120772,-0.18912056264715896,0.23602573803432558,0.5539936969216628,Aerospace & Defense,Industrials,BWXT
2021Q2,2021,Q2,2021-08-02,2021-06-30,59347000.0,505099000.0,73751000.0,0.62,129282000.0,0.25595378331772584,2566402000.0,708997000.0,922652000.0,801643000.0,1857315000.0,0.0,1638709000.0,5542028647.84,6535387647.84,7.435346920492797,1.150951233903371,0.4613895251016793,1.670121312219939,0.029322241056716283,7.435346920492797,0.08370557280214162,10.972163175615078,23.345866883919996,7.816716640324288,0.33706842805870557,0.0,0.0036095085881226075,0.1968121128334532,1.0912413630506348,0.023124592328092015,-665.3894402497299,0.25595378331772584,-0.1506849315068493,0.12103113864695994,0.36285911076367033,1.6350308056155396,-0.045656875844301566,-0.14913475462013792,-0.10511563569296478,0.02269619150484172,0.20298967823000363,0.9089306188919787,Aerospace & Defense,Industrials,BWXT
2021Q1,2021,Q1,2021-05-03,2021-03-31,69749000.0,528273000.0,82414000.0,0.73,135467000.0,0.2564336999998107,2351914000.0,656238000.0,759239000.0,403977000.0,1695608000.0,0.0,1599526000.0,6284327824.32,7244915824.32,6.885753724135534,1.879411451642049,0.4329516300340914,1.5516702781612768,0.037392230801070916,6.885753724135534,0.10628613399406922,11.89598526580007,22.524795424737274,9.576293698810492,0.2913590158998695,0.0,0.00323375873571633,0.22461408027674482,1.7741653608992591,0.029656271445299445,-1786.335367913587,0.2564336999998107,0.05797101449275368,0.5654517258014825,0.5856745159483874,1.6855880821752853,-0.04969449530343526,0.06095038179550363,-0.07484199773240084,0.0962997162511143,0.20595170923502737,0.9856024430138974,Aerospace & Defense,Industrials,BWXT
2020Q4,2020,Q4,2021-02-22,2020-12-31,65742000.0,556910000.0,89081000.0,0.69,142551000.0,0.25596775062397875,2293503000.0,617766000.0,773598000.0,529727000.0,1675735000.0,0.0,1549950000.0,5755280500.64,6664095500.64,6.470394357991578,1.4603710968102437,0.41483486178130136,1.5401058005782124,0.04268231674021344,6.470394357991578,0.10641893532502598,10.33430985372861,21.88585873809741,9.316279142328971,0.27428432356788657,0.0,0.003133122703227897,0.24282069829426864,1.3710307384747238,0.028664449098169918,-215.49707944134497,0.25596775062397875,-0.09210526315789481,142.66455794940663,0.6981823910735966,1.5800719905217673,-0.02425818816523495,-0.10152929439258723,0.0035034358454432805,5.362192054928369,0.3479134868676131,1.253533289254523,Aerospace & Defense,Industrials,BWXT
2020Q3,2020,Q3,2020-11-02,2020-09-30,73171000.0,519878000.0,88770000.0,0.76,146095000.0,0.2810178541888674,2124314000.0,550186000.0,709600000.0,382551000.0,1574234000.0,0.0,1502571000.0,5376647898.93,6234182898.93,5.762135487087686,1.8549160765492705,0.42470039739887794,1.639803630045112,0.048689581106011626,5.762135487087686,0.13299320593399322,10.342133921670085,18.37014629747441,9.77241859831039,0.24796709078733378,0.0,0.003374593304428734,0.24472747437525713,1.7405757663684058,0.03444453126985935,-74.64352707764712,0.2810178541888674,0.13432835820895517,-0.21086194624990637,0.6223606799440375,0.9403550708940208,0.06649584629086185,0.13870646456472346,0.07686148919135308,0.6350833594763668,0.2896237348289545,0.8588674719947076,Aerospace & Defense,Industrials,BWXT
2020Q2,2020,Q2,2020-08-03,2020-06-30,64258000.0,504520000.0,82434000.0,0.67,136986000.0,0.271517481963054,1971363000.0,481517000.0,623973000.0,375335000.0,1489831000.0,0.0,1447642000.0,5406720106.56,6171967106.56,5.044300859389667,1.6624428843566414,0.4194209792919924,1.717137712687195,0.04825577420593735,5.044300859389667,0.13344907864104485,10.716562488226433,21.03520225715086,11.228513440979238,0.2827352236297426,0.0,0.0033602627178641402,0.2559244542988785,1.551238227183716,0.03259572184321203,48.548237434092385,0.271517481963054,-0.15189873417721517,5.205325158837203,0.5852818888394233,1.2259280483237933,-0.08532701231930023,-0.14888938926343395,-0.16112224856767784,0.08963738332591588,0.2783092429400667,0.8951402840069251,Aerospace & Defense,Industrials,BWXT
2020Q1,2020,Q1,2020-05-04,2020-03-31,75499000.0,542208000.0,98267000.0,0.79,149765000.0,0.2762131875590179,1966603000.0,429512000.0,687040000.0,343158000.0,1537091000.0,0.0,1401628000.0,4647535617.21,5495144617.21,4.501639415634984,2.0021098153037378,0.4704742136567472,2.154156344875114,0.055715874875074616,4.501639415634984,0.17577855799139488,8.571499530088085,15.38939461850488,10.820502377605283,0.24630789811785586,0.0,0.004001260352075261,0.27570790851025856,1.8239499006288649,0.03839056484709929,-65.26062791841606,0.2762131875590179,0.23437500000000003,0.8669132840740261,-0.16943090434317093,-0.5341140262956151,0.07305347175948813,0.22864489251249004,0.18565395752895753,0.41226386701636103,0.3196774879610589,1.1741237581239674,Aerospace & Defense,Industrials,BWXT
2019Q4,2019,Q4,2020-02-24,2019-12-31,61449000.0,501235000.0,82880000.0,0.64,139569000.0,0.27845022793699564,1908913000.0,404106000.0,629755000.0,404709000.0,1504801000.0,0.0,1344383000.0,5927187948.8,6664800948.8,4.23251307309717,1.5560686814476574,0.43173942447874786,2.039447570686899,0.05283980773742729,4.23251307309717,0.15206158780122048,11.825167733298752,24.114257143322103,14.667408919441929,0.263747172451952,0.0,0.0027343489256623317,0.2625761362618412,1.4460686567385455,0.032190571283238156,45.99282969768453,0.27845022793699564,-0.1794871794871795,1.665214006585913,-0.33035678114127054,-0.5474830777067827,-0.05867078533466426,-0.17859911776500467,-0.1582539456846296,0.7605585054341298,0.29028392433595157,1.8004425371990669,Aerospace & Defense,Industrials,BWXT
2019Q3,2019,Q3,2019-11-04,2019-09-30,74810000.0,506000000.0,98462000.0,0.78,148268000.0,0.2930197628458498,1826420000.0,354476000.0,621450000.0,333740000.0,1471887000.0,0.0,1299279000.0,5459014013.46,6309497013.46,3.714878164811034,1.8620782645172889,0.4731244730127791,2.4377503695595752,0.06412062981114657,3.714878164811034,0.21104390706281947,10.788565243992094,18.242928797821147,15.400235879043997,0.2164282849886379,0.0,0.0029659202119794365,0.2770447104171001,1.7286240786240785,0.040959910644868106,-1823.927167878383,0.2930197628458498,0.2580645161290323,0.3717670844929594,-0.23029676546734099,-0.6460246050555124,0.11305627289652273,0.2705934304833724,0.22259887005649717,0.98862459977538,0.4355335913431101,2.226134254238094,Aerospace & Defense,Industrials,BWXT
2019Q2,2019,Q2,2019-08-05,2019-06-30,58878000.0,471231000.0,80535000.0,0.62,133208000.0,0.2826808932349527,1756480000.0,294130000.0,587380000.0,315392000.0,1462331000.0,0.0,1240775000.0,4928065832.48,5764005832.48,3.084503924402818,1.8623807832792207,0.4955274184733103,2.959181314384796,0.05249052839252023,3.084503924402818,0.20017679257471185,10.457855770269783,20.92490332755868,16.75472013218645,0.27478854580658313,0.0,0.003283032441118604,0.2682814492621607,1.7216765168425325,0.03352044999089087,146.63807636742345,0.2826808932349527,0.2156862745098039,1.5636318491739698,-0.20928365025957857,-0.6977443480850221,0.18072310515072815,0.20213156927600148,0.2653981522217334,0.11214424813084321,0.2714446857139995,0.0931249002574803,Aerospace & Defense,Industrials,BWXT
2019Q1,2019,Q1,2019-05-01,2019-03-31,48978000.0,416454000.0,63644000.0,0.51,112819000.0,0.27090386933490856,1716786000.0,242849000.0,577564000.0,325760000.0,1473912000.0,0.0,1198198000.0,4842769741.56,5690181741.56,2.5494590531621775,1.7729739685658152,0.5069868929499658,3.5840707600196007,0.04465272387080003,2.5494590531621775,0.20168087988832567,11.628582608307282,24.71910726019846,19.941485209162895,0.34294989587161584,0.0,0.0034684696767328,0.2425777004239317,1.6202818025540275,0.02852889061304088,-77.80549695639601,0.27090386933490856,1.3181818181818183,0.26066564046524243,-0.27065381587293685,-0.761130473175452,-0.267451902161562,1.2328698427171187,-0.3829657278588395,0.09982693669347863,0.2506744587636804,-0.005657605039337005,Aerospace & Defense,Industrials,BWXT
2018Q4,2018,Q4,2019-02-25,2018-12-31,21935000.0,477998000.0,103145000.0,0.22,154009000.0,0.3221959087694928,1655096000.0,235662000.0,542448000.0,377348000.0,1419395000.0,0.0,1166762000.0,3731995358.2699995,4469968358.2699995,2.4140861376034426,1.4375271632551385,0.4639271679709213,3.25824273747995,0.07241130622391467,2.4140861376034426,0.09307822219959094,7.80755433761229,42.53470889297925,15.836220342142559,0.7206291315249601,0.0,0.004235535814633885,0.28880379144170487,1.3111371996141492,0.013253007680521251,28.956908762889793,0.3221959087694928,-0.717948717948718,-0.8501364283939015,-0.3264064782188601,-0.7710884891850482,0.5526196404988255,-0.7184897136770235,1.0467308264708801,47.22877571187645,0.42554801940916914,-0.03738231679114204,Aerospace & Defense,Industrials,BWXT
2018Q3,2018,Q3,2018-11-06,2018-09-30,77919000.0,425507000.0,50395000.0,0.78,99193000.0,0.23311719901200215,1735704000.0,392452000.0,684857000.0,359727000.0,1343203000.0,0.0,1159552000.0,6269490214.860001,6974602214.860001,3.9473740721920296,1.9038242889746948,0.444336707180487,1.965175359024798,0.0399865375411671,3.9473740721920296,0.19854402576620836,14.734164690263617,20.11540899799792,15.975177129585274,0.20471258614715282,0.0,0.002544225998182883,0.2451495185815093,1.7679240090401889,0.044891870964173616,-119.92368283364259,0.23311719901200215,0.3000000000000001,0.4383081488539343,-0.3872628995038581,-0.5715951049372292,-0.1782672808005832,0.28445675288066863,-0.29565752141888774,-0.19294120779793472,0.27526514093211224,0.3292480391787129,Aerospace & Defense,Industrials,BWXT
2018Q2,2018,Q2,2018-08-06,2018-06-30,60663000.0,438921000.0,71549000.0,0.6,120712000.0,0.275019878292449,1742465000.0,388263000.0,890697000.0,309368000.0,1354148000.0,0.0,1097665000.0,6212156065.6,6575288065.6,3.8950325626861053,2.8790857490108865,0.3906856091800983,1.7533372997169445,0.05130702320515972,3.8950325626861053,0.1562420318186384,14.153244127303092,25.601091545093386,15.999866239121419,0.26566440828841303,0.0,0.0025942683715309135,0.25189659476660936,2.755566186548059,0.03481447260059743,317.1247161978662,0.275019878292449,-0.09090909090909098,-0.06548623192292485,-0.44397211866169944,-0.5503451531612377,-0.0721527452171039,-0.08696437440736894,-0.1043836370919287,4.801823851597017,0.3207183162845959,0.7187837268426801,Aerospace & Defense,Industrials,BWXT
2018Q1,2018,Q1,2018-05-04,2018-03-31,66441000.0,457463000.0,79888000.0,0.66,130099000.0,0.28439239894811164,1539539000.0,345141000.0,702850000.0,327055000.0,1194289000.0,0.0,1053090000.0,6322898660.11,6678623660.11,3.467841081865218,2.1490269220773266,0.32416197316209594,1.4459597671676214,0.07392445262305093,3.467841081865218,0.19250393317513712,13.821661336785706,23.791403877537963,18.319755288737067,0.24001745909905028,0.0,0.002522102734400391,0.29714284600779844,2.0300927978474568,0.04315642539747288,-174.47773559176576,0.28439239894811164,5.125,0.6146243904468959,-0.3488665637077144,-0.5914794539120616,0.06460508657654414,5.234608030592734,0.33923422517266816,0.575020962168792,-0.3282107476658256,-0.641104413324284,Aerospace & Defense,Industrials,BWXT
2017Q4,2017,Q4,2018-02-27,2017-12-31,-15690000.0,430138000.0,59652000.0,-0.16,122204000.0,0.2841041712194691,1712339000.0,285394000.0,873090000.0,528126000.0,1426582000.0,0.0,990652000.0,6012590827.04,6318115827.04,2.871222000067285,1.653185035389282,0.2972127598565471,1.7832505238372216,-0.020709723599578227,2.871222000067285,-0.054976628800885795,13.97828331149538,-95.80291311408541,21.06768476926635,-0.6992351816443595,0.0,0.0018246709805465053,0.2511990908342332,1.5820997262017018,-0.00916290524247827,200.7475819518547,0.2841041712194691,-1.3478260869565217,-1.2436321891661768,-0.4102305077721189,-0.6567460422427746,-0.014833446196510915,-1.3370352071832106,-0.1904018675099415,0.8368494906462666,-0.4480130342063024,-0.6930248010456188,Aerospace & Defense,Industrials,BWXT
2017Q3,2017,Q3,2017-11-06,2017-09-30,46553000.0,419360000.0,73681000.0,0.46,124044000.0,0.2957935902327356,1723512000.0,307900000.0,830876000.0,459867000.0,1415271000.0,0.0,1017544000.0,5564392485.54,5878334485.54,3.0998097357120744,1.8067745674292786,0.30001647798216663,1.6793829165313414,0.05907381600162437,3.0998097357120744,0.15119519324455993,13.268772619086226,29.88202954449767,18.072076926079898,0.23485060039095224,0.0,0.001964814672654961,0.24331713385227374,1.728375813006804,0.027010545908586654,92.66728538544807,0.2957935902327356,-0.24590163934426224,0.37457836326901056,-0.37870164055248284,-0.6470233500018195,-0.10520886683161532,-0.24011230269493822,-0.20212892676535243,-0.17995816880049212,-0.3871877914574008,-0.7046319349460377,Aerospace & Defense,Industrials,BWXT
2017Q2,2017,Q2,2017-08-07,2017-06-30,61263000.0,410011000.0,92347000.0,0.61,138629000.0,0.3381104409393894,1624738000.0,263951000.0,745544000.0,392774000.0,1360437000.0,0.0,982024000.0,4834352493.75,5203353493.75,2.6617031477608726,1.8981500812171885,0.318162682229381,1.9584354671889859,0.08209037901598423,2.6617031477608726,0.23209989732942857,11.790787305096693,19.727863856446795,18.315340702440984,0.18206747955535968,0.0,0.00230723763201385,0.2523551489532466,1.805926563367229,0.037706387122108304,46.5988634884909,0.3381104409393894,0.10909090909090897,0.14486390869931867,-0.42461805593384994,-0.674483182039788,0.05022765323979727,0.09949927313842676,0.10987320473529236,1.565022455594434,-0.33843476263754035,-0.7391752969526951,Aerospace & Defense,Industrials,BWXT
2017Q1,2017,Q1,2017-05-01,2017-03-31,55719000.0,428229000.0,83205000.0,0.55,131999000.0,0.30824395358558154,1617926000.0,205906000.0,743509000.0,382437000.0,1411707000.0,0.0,931778000.0,4733577716.0,5208108716.0,2.0705534350626893,1.9441345894879418,0.3525841107689721,2.770463221081464,0.07438300868846501,2.0705534350626893,0.2706040620477305,11.053846694175313,21.238615714567743,22.989022738531176,0.16125558606579443,0.0,0.0018981414353100693,0.26467774175085884,1.8501792452090149,0.034438534271653956,-69.13562125372437,0.30824395358558154,0.6176470588235294,0.41747583631301255,-0.33511464736929775,-0.727669167811516,0.15392819365159846,0.5355509011740065,0.8157911965606791,0.3737506221234342,-0.2816295303637045,-0.8060011520150097,Aerospace & Defense,Industrials,BWXT
2016Q4,2016,Q4,2017-02-27,2016-12-31,36286000.0,403860000.0,45823000.0,0.34,114391000.0,0.2832441935324122,1579815000.0,150018000.0,693571000.0,439876000.0,1429405000.0,0.0,885117000.0,3940598934.3,4340051934.3,1.5113729408389949,1.576742081859433,0.3323768922310524,3.5002066418696423,0.056899757206134285,1.5113729408389949,0.24187764134970471,9.757339014262369,27.14958203094858,26.267507461104667,0.24662404233037535,0.0,0.0022709745775205824,0.2556375271788152,1.4961534614300394,0.022968512135914648,28.77546814587091,0.2832441935324122,-0.12820512820512817,-0.3273853285292955,-0.39915590629198466,-0.7835683838173287,0.05593966639281461,-0.10411574451275214,-0.26533916919179773,-0.7561837741917107,-0.44028398775558225,-0.8566866948518458,Aerospace & Defense,Industrials,BWXT
2016Q3,2016,Q3,2016-10-31,2016-09-30,40503000.0,379505000.0,62373000.0,0.39,108331000.0,0.2854534195860397,1365144000.0,118300000.0,617350000.0,381349000.0,1246505000.0,0.0,857841000.0,3941979897.93,4340589897.93,1.1514952175133097,1.6188583161356134,0.32512028035137686,3.7517836010143704,0.0743273833316014,1.1514952175133097,0.3423753169907016,10.387161955521007,24.33140692004296,33.32189262831783,0.2320075056168679,0.0,0.0023838274784035614,0.27799631394197244,1.539136066962284,0.029669397514108402,645.1685593993453,0.2854534195860397,-0.29090909090909095,0.016826147331830608,-0.3851911229110069,-0.8458042651052944,-0.21102500983205394,-0.29531812725090034,-0.2948857084718171,-0.27647853648799714,-0.47114011451824944,-0.8750292779954011,Aerospace & Defense,Industrials,BWXT
2016Q2,2016,Q2,2016-08-08,2016-06-30,57477000.0,402382000.0,88458000.0,0.55,137306000.0,0.34123295773667806,1401343000.0,292127000.0,664771000.0,387503000.0,1108897000.0,0.0,826737000.0,3703182359.3100004,3891889359.3100004,2.8217305485185435,1.7155247830339377,0.20445315672180187,0.9807686382977266,0.10010923287757886,2.8217305485185435,0.19675346681409114,9.203151133276341,16.107235760869564,12.676617906971968,0.1654574873427632,0.0,0.0025680614880040534,0.2871402647317609,1.6185319855588214,0.04101565426879786,51.071333047993384,0.34123295773667806,0.19565217391304351,0.4117535113139969,-0.3929718661960337,-0.6009778114870146,0.18350917114880705,0.1780246356910086,1.0760402731817222,-0.1474601921630971,-0.509196661066997,-0.6742505236620243,Aerospace & Defense,Industrials,BWXT
2016Q1,2016,Q1,2016-05-02,2016-03-31,48791000.0,364826000.0,42609000.0,0.46,116016000.0,0.3180036510555717,1365712000.0,267586000.0,634239000.0,372792000.0,1097818000.0,0.0,778689000.0,3502460571.96,3724653571.96,2.563964954207787,1.7013213802871305,0.2122585142401912,1.083330219069757,0.05738446556945859,2.563964954207787,0.1823376409827121,9.600358998426648,17.94624301592507,13.089102464104998,0.19499497858211556,0.0,0.0027163760460766307,0.2671324554518083,1.5697117963904805,0.03572568740700821,-123.55665756376337,0.3180036510555717,96.95500765048544,3.047633229001111,-0.4085058462665011,-0.6050951926390334,0.8075251226922178,95.73980582524271,3.4361270171785527,0.13073576905911635,-0.5047940339968751,-0.6979583727983499,Aerospace & Defense,Industrials,BWXT
2015Q4,2015,Q4,2016-02-24,2015-12-31,-515000.0,363937000.0,9605000.0,-0.004793913431548487,64185000.0,0.17636294193775295,1382139000.0,265716000.0,647294000.0,353780000.0,1102504000.0,7311000.0,739350000.0,3366169604.19,3511440604.19,2.5078348130445276,1.8296511956583188,0.21705486930041046,1.1290249740324256,0.0023477019795405006,2.5078348130445276,-0.0019381595387556638,9.24931953659562,-1634.0629146553397,12.668298499864516,-12.376699029126213,41.000136780194225,0.0018935468943888146,0.2633143265619449,1.6952484594946011,-0.0003726108589657046,44.78433298108137,0.17636294193775295,-1.0049936598245297,-1.0107489624484467,-0.4302470062611928,-0.5885061252410844,-0.40795299413349073,-1.0049581207278329,-0.9266603545958493,-1.0075020203732614,-0.5318769898359095,-0.7001889004198515,Aerospace & Defense,Industrials,BWXT
2015Q3,2015,Q3,2015-11-04,2015-09-30,103870000.0,358970000.0,130966000.0,0.96,108412000.0,0.3020085243892247,1410722000.0,317638000.0,705230000.0,377969000.0,1079238000.0,10970000.0,746278000.0,2819522748.48,2983601748.48,2.969629411400861,1.8658408493818277,0.2126570649638979,0.9444713793689672,0.14285095760041705,2.969629411400861,0.32700747391684876,7.854480175167842,6.786181641667469,8.87652846473029,0.06311735823625686,22.840291704649044,0.0023252162102732916,0.25445835536696815,1.620005873497562,0.07362896445933359,19.580970939420666,0.3020085243892247,6.999999999999999,2.146811049148411,-0.3832155792687412,-0.5034278514947139,0.007115916987161622,7.057619408642911,10.304790677600344,1.8481077517384301,-0.5061263992286551,-0.6618470387726703,Aerospace & Defense,Industrials,BWXT
2015Q2,2015,Q2,2015-08-05,2015-06-30,-17147000.0,357135000.0,11585000.0,-0.16,107646000.0,0.30141543113948505,1337225000.0,242751000.0,627726000.0,344450000.0,1080692000.0,11384000.0,648923000.0,2513262576.65141,2796352576.65141,2.26615629520829,1.822400929017274,0.24677971171642768,1.3594176749014422,-0.0009600425073416709,2.26615629520829,-0.07063616627737888,7.037290035004719,-36.64289054428486,10.3532532374796,-0.6279232518807955,21.91575895994378,0.004284072862114393,0.26707173437529214,1.5246973435912323,-0.012822823384247228,42.61428313836598,0.30141543113948505,-1.380952380952381,-1.390523809414015,-0.43718959923583517,-0.5498488745832089,-0.4353559514068106,-1.378880615153457,-0.8363954752792645,-1.2966444844622533,-0.5360345295693427,-0.722857153759891,Aerospace & Defense,Industrials,BWXT
2015Q1,2015,Q1,2015-05-06,2015-03-31,45257000.0,730565000.0,70811000.0,0.42,190644000.0,0.2609541929876192,2792134000.0,1031726000.0,1420835000.0,733740000.0,1745210000.0,109659000.0,676913000.0,2450957866.56552,2476032866.56552,9.66253476111598,1.936428435140513,0.10725452288464665,0.2902602047442829,0.035809274046054655,9.66253476111598,0.04386532858530269,3.3548799443793773,13.539109234844997,2.375589901355127,0.23823938838190778,4.923635998869222,0.004399096429637368,0.26165112419389613,1.5493144710660451,0.016208749293551098,-150.31940303989694,0.2609541929876192,1.4341030590376258,1.920813106334994,0.19890248793480503,6.299621785969355,63.44480838519489,1.438082608148528,1.4523508368468123,0.07227792692394215,0.056425331173557684,0.2708709120879069,Aerospace & Defense,Industrials,BWXT
2014Q4,2014,Q4,2015-02-25,2014-12-31,-103307000.0,837094000.0,-156540000.0,-0.9675121869242499,-3053000.0,-0.0036471411812771326,2856936000.0,998704000.0,1473802000.0,819636000.0,1842735000.0,108637000.0,642489000.0,2314241983.71912,2304487983.71912,9.353270263680061,1.7981177010282614,0.10613293402442336,0.303608476585655,-0.07546292503322152,9.353270263680061,-0.10344105961325878,2.7646142293686493,-5.600399739899329,2.3172451334120217,-0.10328438537562798,7.733525410311404,0.004610580948346939,0.29300411349781724,1.4531792161398474,-0.0361600679889224,16.534079101788407,-0.0036471411812771326,-2.6973898016214912,-6.735864471281895,0.3215985080846517,7.993844744206126,-1.0166568460564793,-2.687636815107655,-3.4023941068139965,-2.7801451397800574,0.15772019085764546,0.3394069359464913,Aerospace & Defense,Industrials,BWXT
2014Q3,2014,Q3,2014-11-05,2014-09-30,61214000.0,737902000.0,65160000.0,0.57,183288000.0,0.24839070770915378,2656770000.0,1124049000.0,1371859000.0,711120000.0,1516803000.0,116533000.0,756572000.0,2121434126.7118483,2232179126.7118483,10.494735560344871,1.9291526043424456,0.11580452956033077,0.2737122669919194,0.033907940231294134,10.494735560344871,0.054458480012882,2.8749537563414225,8.664007117292808,1.8873146337142315,0.17473127062436697,4.759287068898939,0.00504187231897624,0.27774402752214156,1.4864706378670267,0.02304076002062655,476.51260707813304,0.24839070770915378,1.3749999999999998,1.5237120153232526,0.23212002424944966,0.0,0.05521076811477392,1.3154669591859893,0.8554587391081496,0.4740734875019386,0.14664815700438458,0.40534101891245894,Aerospace & Defense,Industrials,BWXT
2014Q2,2014,Q2,2014-08-06,2014-06-30,26437000.0,686006000.0,35118000.0,0.24,173698000.0,0.2532018670390638,2626053000.0,1120159000.0,1329671000.0,695688000.0,1489058000.0,112971000.0,706162000.0,2548649524.019508,2600228524.019508,10.20495036192231,1.9113036303630364,0.101862757530027,0.2388027056873176,0.017002374399625726,10.20495036192231,0.0236011137704558,3.7152000478414298,24.10116053277138,2.275256926935826,0.4162348224079888,4.534862929424365,0.00431758070158091,0.2612308281668344,1.447878934234887,0.010067199709983005,-221.3330025201483,0.2532018670390638,-0.4146341463414634,-0.42262725393163464,-0.009127255544059307,0.0,0.08758374553878906,-0.4130849835716189,-0.3453020134228188,-0.3875588853008369,-0.023919645701889043,0.4430866296636624,Aerospace & Defense,Industrials,BWXT
2014Q1,2014,Q1,2014-05-12,2014-03-31,45044000.0,662017000.0,53640000.0,0.41,159710000.0,0.24124758125546625,2499630000.0,1178722000.0,1339044000.0,808453000.0,1302490000.0,109544000.0,690840000.0,2622738751.015395,2434766751.015395,10.673019229592985,1.6563040770459136,0.008034389089585259,0.017037944485637835,0.03379864074321552,10.673019229592985,0.03821426935273966,3.9617392771113056,14.556537779811935,2.225069822244257,0.24640351656158424,4.5854359891915575,0.004231835898906445,0.2648459972075867,1.2798616617168839,0.01802026699951593,-19.46648322223835,0.24124758125546625,-0.7265492659492234,-0.1148849336941316,-0.11374881686343781,0.0,-0.5854929003558257,-0.7279754571587314,-0.8183677477465275,2.5312266093554743,0.01428738050907023,0.6438705981161138,Aerospace & Defense,Industrials,BWXT
2013Q4,2013,Q4,2014-02-26,2013-12-31,165588000.0,802815000.0,295322000.0,1.4993560043757928,385301000.0,0.4799374700273413,2609153000.0,1164687000.0,1437424000.0,927228000.0,1426212000.0,113058000.0,656916000.0,2700946754.06589,2359726754.06589,10.545935977657976,1.5502379134366089,0.0018764710233550887,0.004203704514603494,0.14762888879374847,10.545935977657976,0.14217382009071966,3.3643451530749795,4.077811728606376,2.3190322842668376,0.0660011595043119,3.692918678908171,0.004046358923421186,0.3076918064981241,1.2224469062625374,0.06346427365509037,21.73782709246517,0.4799374700273413,1.7765851932885048,7.888883211530671,0.22543420180963938,9.140678948805995,0.9614182447566687,1.7394368527280548,2.596181244748603,2.3157582515830173,0.20578691081993514,0.73041224080371,Aerospace & Defense,Industrials,BWXT
2013Q3,2013,Q3,2013-11-12,2013-09-30,60446000.0,774834000.0,82121000.0,0.54,196440000.0,0.2535252712193838,2739664000.0,1022135000.0,1430161000.0,991764000.0,1699110000.0,113895000.0,502468000.0,2675683980.2480483,2460924980.2480483,9.214119907788758,1.4420376218535862,0.00185022688913677,0.00495922749930293,0.05597712511523739,9.214119907788758,0.05913700245075259,3.4532351190681467,11.066422841246931,2.6177402987355367,0.14790060549912318,5.078308968787041,0.003341201751027123,0.2828208130632078,1.133853416740273,0.022063289512874572,-90.21795064562843,0.2535252712193838,-0.1692307692307692,1.4061125955833778,0.2491722884496315,0.0,-0.01825651072251403,-0.17049540277205982,-0.1680242335825583,0.7657283848648644,0.2836886661370566,0.5407563319618415,Aerospace & Defense,Industrials,BWXT
2013Q2,2013,Q2,2013-08-07,2013-06-30,72870000.0,886136000.0,98706000.0,0.65,200093000.0,0.22580393980156546,2725309000.0,969298000.0,1417102000.0,1014623000.0,1737958000.0,111583000.0,450960000.0,2418871339.402486,2181749339.402486,8.662271940510829,1.396678372163848,0.0018651096077545702,0.005244001328796717,0.07114512042472448,8.662271940510829,0.07517811859717033,2.7296840884497255,8.298584257590525,2.495487806023004,0.12346644709757101,6.148275274907468,0.003719503329276891,0.3251506526415904,1.1091370883569562,0.02673825243302686,103.11938182216336,0.22580393980156546,0.5853658536585368,0.5611195103663406,0.25554887134099274,0.0,0.07735588985925503,0.5447068300334931,0.6392805540331822,0.5887435626569366,0.33682865523870464,0.7206807275086208,Aerospace & Defense,Industrials,BWXT
2013Q1,2013,Q1,2013-05-07,2013-03-31,47174000.0,805423000.0,60213000.0,0.41,185726000.0,0.23059435849236984,2749392000.0,968547000.0,1440088000.0,1009466000.0,1763745000.0,117115000.0,387087000.0,2307246768.671185,2050564768.671185,8.48878009949279,1.4265839562699487,0.0016127201941374674,0.004577991568813904,0.045428075280811116,8.48878009949279,0.048705948188368764,2.864639783903843,12.227322087755887,2.382173264354941,0.19385678551744606,5.291354651411006,0.0039635985730589575,0.2929458585752777,1.12338305599198,0.01715797529053696,-48.76456796447531,0.23059435849236984,0.2424242424242423,-0.10274855411502434,0.043663257058112116,0.0,-0.2398683768939239,-0.38258775488835955,-0.5152400734228577,1.849171544957076,0.23693510592468775,5.4129015504213305,Aerospace & Defense,Industrials,BWXT
2012Q4,2012,Q4,2013-02-28,2012-12-31,76406000.0,865296000.0,124212000.0,0.33,244334000.0,0.28237042584271743,2840355000.0,986435000.0,1521086000.0,1079288000.0,1837439000.0,124218000.0,349063000.0,2210097118.296046,1831042118.2960458,8.36471637159687,1.4093420847818192,0.0015814924542882844,0.004553771916041098,0.07578744413549782,8.36471637159687,0.07745670013736333,2.554151548482884,7.2314252751617865,2.2404893564158264,0.0,4.998969553526864,0.0,0.3046436096896339,1.1261831874346793,0.026900158606934697,9.352572768265473,0.28237042584271743,-0.029411764705882377,2.841073764827224,0.2369326662174158,7.043278794967879,0.29632537855073693,0.8855901878038548,0.8454544103882211,2.841073764827224,0.2369326662174158,7.043278794967879,Aerospace & Defense,Industrials,BWXT
2012Q3,2012,Q3,2012-11-07,2012-09-30,40521000.0,807586000.0,67307000.0,0.34,188482000.0,0.2333893851552652,2803772000.0,1043676000.0,1488825000.0,1016056000.0,1745794000.0,131799000.0,417614000.0,2158401096.552311,1961325096.552311,8.781911595931497,1.465298172541671,0.0011495228570654104,0.0030881231339994404,0.06257613526862432,8.781911595931497,0.03882526761178757,2.6726578922273427,13.31655867668808,2.068075817161946,0.0,4.6973345776523345,0.0,0.2880355463996359,0.7631675813144158,0.014452316379505893,-99.06830204031353,0.2333893851552652,-0.37037037037037035,0.5055885337406997,0.21529082085665494,0.0,-0.12000373508882509,-0.36709671373235037,-0.2467798431047796,0.5055885337406997,0.21529082085665494,0.0,Aerospace & Defense,Industrials,BWXT
2012Q2,2012,Q2,2012-08-07,2012-06-30,64024000.0,852585000.0,89359000.0,0.54,214185000.0,0.2512183535952427,2781161000.0,970171000.0,1459041000.0,1084533000.0,1799146000.0,115507000.0,377093000.0,2079318515.319524,1877659515.319524,8.17685293325217,1.3453172932497213,0.0018377217284436247,0.005268143450999875,0.06020013332398935,8.17685293325217,0.06599248998372452,2.4388401336166177,8.119293215511073,2.143249504798148,0.0,5.5269377613477975,0.0,0.30655722556155507,0.7162917126542023,0.023020601827797815,246.21888872936933,0.2512183535952427,0.38461538461538464,0.2935808768713101,0.1392901170124694,0.0,0.16943211413408463,0.36967311312681844,0.3598788635083928,0.2935808768713101,0.1392901170124694,0.0,Aerospace & Defense,Industrials,BWXT
2012Q1,2012,Q1,2012-05-09,2012-03-31,46744000.0,765892000.0,65711000.0,0.39,183153000.0,0.23913684958192538,2736497000.0,899105000.0,1409239000.0,1075018000.0,1827536000.0,114025000.0,313069000.0,2178165321.38282,1933792321.3828201,7.603081217148525,1.3108980500791614,0.0019174148555616908,0.005835803382252351,0.04962785046924076,7.603081217148525,0.05198947842576785,2.8439588367326203,11.649438010134029,2.422592824400732,0.0,5.110624862968647,0.0,0.2798804456938926,0.7130745717746122,0.01708169239725094,-17.470746511993745,0.23913684958192538,-0.2824311529126213,-0.14218828861925967,-0.042456453392268736,0.0,-0.13111153280516152,-0.2727159571819766,-0.5612920024301823,-0.14218828861925967,-0.042456453392268736,0.0,Aerospace & Defense,Industrials,BWXT
2011Q4,2011,Q4,2012-02-29,2011-12-31,64272000.0,800789000.0,149783000.0,0.5435018557216009,210790000.0,0.263227891492016,2789111000.0,825794000.0,1487076000.0,1154807000.0,1954138000.0,107298000.0,266325000.0,2041977143.43865,1632054143.43865,6.983143070758087,1.287726866913692,0.001895227547415646,0.006401112141769013,0.12479384542416234,6.983143070758087,0.07783054853873969,2.549956534665998,7.942716670706723,2.4727439814755856,0.0,5.498695222650935,0.0,0.28711263194616493,0.7510787516875114,0.02304390180240227,10.241532051231555,0.263227891492016,0.39359450185025874,2.2221330402253483,0.14155261221245893,5.7147963048665495,0.22580832751802746,0.40752907167728797,3.30794673415974,2.2221330402253483,0.14155261221245893,5.7147963048665495,Aerospace & Defense,Industrials,BWXT
2011Q3,2011,Q3,2011-11-07,2011-09-30,45663000.0,707622000.0,34769000.0,0.39,171960000.0,0.2430110991461543,2545217000.0,879501000.0,1329456000.0,1028699000.0,1660178000.0,108271000.0,202053000.0,1646971724.789649,1390727724.789649,7.467750118377927,1.2923663773368108,0.002097660042346095,0.006070487697000913,0.026249354599624755,7.467750118377927,0.05191921328116739,2.3274738840647253,9.016992558469926,1.8726206391915974,0.0,4.947418976457223,0.0,0.2780203023946485,0.6982353438663788,0.017940709966969417,-282.74192700251484,0.2430110991461543,0.0,0.7120666213189276,0.0745406223547772,0.0,0.044644647077048315,-0.01181588002337207,-0.45035332058112143,0.7120666213189276,0.0745406223547772,0.0,Aerospace & Defense,Industrials,BWXT
2011Q2,2011,Q2,2011-08-08,2011-06-30,46209000.0,752352000.0,63257000.0,0.39,164611000.0,0.21879519161243674,2578415000.0,830933000.0,1289900000.0,1043862000.0,1746650000.0,105072000.0,156390000.0,2329039560.7615304,2074854560.7615304,7.0716131326784994,1.2356997380879848,0.0016234779893849517,0.005037710621674672,0.05263382239920913,7.0716131326784994,0.05561098187218464,3.095678034698559,12.60057326906842,2.802921006581193,0.0,5.593697654941374,0.0,0.29178856002621767,0.6848558525935421,0.017921475014689256,125.98937362120147,0.21879519161243674,2.545454545454546,-0.057259984330123984,0.015154889751332808,0.0,0.3015711111638241,2.420355292376018,1.8883156020273046,-0.057259984330123984,0.015154889751332808,0.0,Aerospace & Defense,Industrials,BWXT
2011Q1,2011,Q1,2011-05-09,2011-03-31,13510000.0,691277000.0,21901000.0,0.11,126471000.0,0.18295270926126575,2512110000.0,759430000.0,1225886000.0,967807000.0,1751821000.0,100194000.0,110181000.0,2792847525.2536497,2505586525.2536497,6.492615198437354,1.2666637046435911,0.001958512963206229,0.006478543117864714,0.020707628978365217,6.492615198437354,0.017789658032998434,4.040127944736552,51.681116307432454,3.677557543491368,0.0,5.637123979479809,0.0,0.2751778385500635,0.6944101458245291,0.005377949214007348,-27.29362552287444,0.18295270926126575,-0.7567399559479695,-0.7493462855199142,-0.12623266327955962,0.0,-0.45101877816072994,-0.7445738485971414,-0.7060031680403791,-0.7493462855199142,-0.12623266327955962,0.0,Aerospace & Defense,Industrials,BWXT
2010Q4,2010,Q4,2011-03-01,2010-12-31,52892000.0,705162000.0,74494000.0,0.45219098939434643,230374000.0,0.32669656050666374,2500510000.0,712859000.0,1209116000.0,981827000.0,1786985000.0,100932000.0,96671000.0,2141071756.6945503,1755574756.6945503,6.094464503302285,1.2314959763787308,0.002257539461949762,0.007918817045166015,0.07825416073261146,6.094464503302285,0.07419700108997712,3.036283515978669,10.120017000182212,3.003499649572426,0.8192921424790138,4.704038362461856,0.020239396397858385,0.28200727051681457,0.758770129564577,0.021152484893081813,9.909891771013498,0.32669656050666374,0.45868061094950463,1.6807995448060546,0.01629416509119682,4.860267692105575,0.5688883743419664,0.4738484688048597,0.14470550271217172,1.6807995448060546,0.01629416509119682,4.860267692105575,Aerospace & Defense,Industrials,BWXT
2010Q3,2010,Q3,2010-11-08,2010-09-30,35887000.0,632765000.0,65077000.0,0.31,146839000.0,0.23205929531500635,2389886000.0,695453000.0,1103665000.0,974905000.0,1693875000.0,101173000.0,43779000.0,1770159208.567365,1600707208.567365,5.980257693347553,1.1320744072499371,0.0034327997235014556,0.01179662752191737,0.05713686630437292,5.980257693347553,0.05160233689408199,2.7974986109651527,12.331479425469983,2.5453326228621704,0.0,4.802921728129046,0.0,0.26476785922006324,0.5905826721578,0.015016197425316522,1845.8385907897446,0.23205929531500635,-0.24370321938461836,0.3626742460548504,-0.026888433775218747,0.0,-0.13688597341985692,-0.24670445004198152,-0.24024283462728388,0.3626742460548504,-0.026888433775218747,0.0,Aerospace & Defense,Industrials,BWXT
2010Q2,2010,Q2,2010-06-30,2010-06-30,47640000.0,688496000.0,85655000.0,0.409892,170127000.0,0.2470994747972392,2405822000.0,585105000.0,1152203000.0,1043533000.0,1820717000.0,97863000.0,0.0,1924625132.160304,1692756132.160304,5.034212217308298,1.104136620499783,0.0035239514810322626,0.014489706975671033,0.08907328827799472,5.034212217308298,0.08142128335939704,2.7954049582863285,10.099838015114944,3.2893670916507363,0.0,5.296884420056609,0.0,0.2861791105077599,0.5886886183762277,0.019801963736303017,-80.32323910355595,0.2470994747972392,1.8576248971681142,-0.017387357494244644,-0.060800450064558594,0.0,0.4486660933096043,1.828474737279582,1.2106798121096372,-0.017387357494244644,-0.060800450064558594,0.0,Aerospace & Defense,Industrials,BWXT
2010Q1,2010,Q1,2010-03-31,2010-03-31,16843000.0,662388000.0,38746000.0,0.143438,117437000.0,0.17729336884122296,2588769000.0,153639000.0,1282504000.0,1333944000.0,2435130000.0,95009000.0,0.0,1922005489.18802,1851805489.18802,1.3237034800471983,0.9614376615510096,0.12783064074083086,2.1539062347450844,0.04476015126510025,1.3237034800471983,0.10962711290753,2.901630900904032,28.52825341667191,12.50988023345648,0.0,5.7357829258280795,0.0,0.25586987483240103,0.5593488182412455,0.0065061811231515825,-29.893545208616843,0.17729336884122296,-0.14963249129992842,-0.6850833894248747,-0.15625059709344463,0.0,-0.10586864826178984,-0.13969761977730105,0.03127412099757792,-0.6850833894248747,-0.15625059709344463,0.0,Aerospace & Defense,Industrials,BWXT
2009Q4,2009,Q4,2009-12-31,2009-12-31,19578000.0,688513000.0,37571000.0,0.1686776582271692,131342000.0,0.19076183020509416,2603859000.0,120706000.0,1306715000.0,1235176000.0,2483153000.0,98644000.0,0.0,1922005489.18802,1783759489.18802,1.0399635005602557,1.0579180618794406,0.1272042764220336,2.744039235829205,0.05819711881076111,1.0399635005602557,0.16219574834722383,2.7915311536427345,24.542924317959187,15.923031905522675,0.0,5.648300961031588,0.0,0.2644202316638497,0.6708614804691801,0.007518840305869096,24.2069231248255,0.19076183020509416,-0.2332833716946854,0.0,0.0,0.0,-0.02849238871547554,-0.25516454251474224,-0.18532893880914178,0.0,0.0,0.0,Aerospace & Defense,Industrials,BWXT
2009Q3,2009,Q3,2009-09-30,2009-09-30,26285000.0,648997000.0,46118000.0,0.22,135194000.0,0.20831221099635283,,,,,,,,1922005489.18802,,,0.0,0.0,0.0,0.0,,0.0,2.9615013462127253,18.28044026239319,0.0,0.0,0.0,0.0,0.0,0.0,0.0,-43.44595242180022,0.20831221099635283,-0.46644289605094985,0.0,0.0,0.0,-0.24294993840295664,-0.4571121713447756,-0.4907858270672541,0.0,0.0,0.0,Aerospace & Defense,Industrials,BWXT
2009Q2,2009,Q2,2009-06-30,2009-06-30,48417000.0,732069000.0,90567000.0,0.412327,178580000.0,0.24393875440702995,,,,,,,,1922005489.18802,,,0.0,0.0,0.0,0.0,,0.0,2.625443078709821,9.924228520912179,0.0,0.0,0.0,0.0,0.0,0.0,0.0,18.575126499806903,0.24393875440702995,-0.09473783585595791,0.0,0.0,0.0,0.02550261572651732,-0.0947386134170967,-0.049743987912871955,0.0,0.0,0.0,Aerospace & Defense,Industrials,BWXT
2009Q1,2009,Q1,2009-03-31,2009-03-31,53484000.0,785053000.0,95308000.0,0.455478,174139000.0,0.22181814476220077,,,,,,,,1922005489.18802,,,0.0,0.0,0.0,0.0,,0.0,2.4482493400929872,8.984020871606555,0.0,0.0,0.0,0.0,0.0,0.0,0.0,93.91212201641845,0.22181814476220077,0.0,0.0,0.0,0.0,0.0,0.0,0.0,0.0,0.0,0.0,Aerospace & Defense,Industrials,BWXT
