Quarters,Year,Quarter,FillingDate,Date,NetIncome,Revenue,OperatingIncome,EPSDiluted,GrossProfit,GrossProfitRatio,TotalAssets,CommonStockEquity,CurrentAssets,CurrentLiability,TotalLiability,Inventory,RetainedEarnings,MarketCap,EnterpriseValue,bookValuePerShare,currentRatio,debtToAssets,debtToEquity,roic,shareholdersEquityPerShare,roe,priceToSalesRatio,peRatio,pbRatio,payoutRatio,inventoryTurnover,dividendYield,assetTurnover,quickRatio,returnOnAssets,priceToFreeCashFlowsRatio,grossProfitMargin,epsdilutedGrowth,fiveYNetIncomeGrowthPerShare,fiveYRevenueGrowthPerShare,fiveYShareholdersEquityGrowthPerShare,grossProfitGrowth,netIncomeGrowth,operatingIncomeGrowth,threeYNetIncomeGrowthPerShare,threeYRevenueGrowthPerShare,threeYShareholdersEquityGrowthPerShare,Industry,Sector,Symbol
2023Q1,2023,Q1,2023-05-02,2023-03-31,277000000.0,1590000000.0,447000000.0,0.61,646000000.0,0.4062893082,22526000000.0,2575000000.0,1893000000.0,1882000000.0,18215000000.0,145000000.0,1134000000.0,20746260000.0,33991260000.0,8.333333333333334,1.0058448459086078,0.6338453342803871,5.544854368932039,0.02232779311551147,8.333333333333334,0.10757281553398058,13.047962264150943,18.724061371841156,8.056799999999999,0.8772563176895307,6.510344827586207,0.011712954527707644,0.07058510166030364,0.8740701381509033,0.012296901358430258,269.43194805194804,0.40628930817610065,-0.17567567567567569,0.4914386186178296,0.009180634560257231,-0.013875521334616534,-0.004622496147919877,-0.17559523809523808,-0.05894736842105263,0.8613583243437613,0.2559540320982763,0.14035087719298256,Restaurants,Consumer Cyclical,QSR
2022Q4,2022,Q4,2023-02-22,2022-12-31,336000000.0,1689000000.0,475000000.0,0.74,649000000.0,0.3842510361,22746000000.0,2499000000.0,2048000000.0,2116000000.0,18478000000.0,133000000.0,1121000000.0,19789020000.0,32915020000.0,8.166666666666666,0.9678638941398866,0.6288578211553679,5.723889555822329,0.04355322252913236,8.166666666666666,0.13445378151260504,11.716412078152754,14.723973214285714,7.918775510204083,0.7232142857142857,7.819548872180451,0.012279536834062525,0.07425481403323661,0.8468809073724007,0.014771828013716697,52.77072,0.384251036116045,-0.3675213675213675,0.23019170493476218,0.07825105410824193,-0.11562013414780214,-0.07020057306590258,-0.3660377358490566,-0.1532976827094474,0.9831253713606656,0.11213193864428801,-0.022623828647925004,Restaurants,Consumer Cyclical,QSR
2022Q3,2022,Q3,2022-11-03,2022-09-30,530000000.0,1726000000.0,561000000.0,1.17,698000000.0,0.4044032445,22557000000.0,2313000000.0,1924000000.0,1920000000.0,18518000000.0,129000000.0,1062000000.0,16273080000.0,29744080000.0,7.5588235294117645,1.0020833333333334,0.6391364099835971,6.233030696065716,0.03815335356339208,7.5588235294117645,0.22913964548205792,9.428203939745075,7.675981132075472,7.035486381322958,0.45849056603773586,7.9689922480620154,0.01493263721434418,0.07651726736711442,0.8041666666666667,0.023496032273795275,43.51090909090909,0.4044032444959444,0.5394736842105262,1.5789640378912213,0.10420959160872138,-0.6707989457978089,0.040238450074515646,0.5317919075144508,0.036968576709796676,1.3007511462296364,0.032935259151671795,-0.14410267923963488,Restaurants,Consumer Cyclical,QSR
2022Q2,2022,Q2,2022-08-04,2022-06-30,346000000.0,1639000000.0,541000000.0,0.76,671000000.0,0.4093959732,22754000000.0,2214000000.0,1568000000.0,1763000000.0,18845000000.0,114000000.0,871000000.0,15446200000.0,29121200000.0,7.188311688311688,0.8893930799773114,0.6378219214204096,6.555103884372177,0.024899158845635483,7.188311688311688,0.15627822944896116,9.424161073825504,11.160549132947978,6.976603432700993,0.7052023121387283,8.491228070175438,0.015796765547513306,0.07203129120154698,0.787861599546228,0.015206117605695702,37.04124700239808,0.40939597315436244,0.28813559322033905,0.6872115146000496,0.10778922675276516,-0.6752555041471604,0.15689655172413794,0.2814814814814815,0.20222222222222222,1.0173312602890068,-0.0307397959183674,-0.012913580764953947,Restaurants,Consumer Cyclical,QSR
2022Q1,2022,Q1,2022-05-03,2022-03-31,270000000.0,1451000000.0,450000000.0,0.59,580000000.0,0.399724328,23172000000.0,2290000000.0,1686000000.0,1828000000.0,19211000000.0,108000000.0,804000000.0,18042510000.0,31566510000.0,7.411003236245954,0.9223194748358862,0.6222596236837562,6.296506550218341,0.020759436573514034,7.411003236245954,0.11790393013100436,12.434534803583736,16.70602777777778,7.878825327510917,0.8925925925925926,8.064814814814815,0.01335734329647039,0.062618677714483,0.8140043763676149,0.011651993785603314,80.54691964285715,0.39972432804962094,0.03508771929824565,0.7423761249185439,0.10144172396238622,-0.6569778414130346,-0.08227848101265822,0.030534351145038167,0.3761467889908257,0.6310679611650485,-0.06529241246031382,0.0801462206674266,Restaurants,Consumer Cyclical,QSR
2021Q4,2021,Q4,2022-02-23,2021-12-31,262000000.0,1546000000.0,327000000.0,0.57,632000000.0,0.4087968952,23246000000.0,2237000000.0,1816000000.0,1878000000.0,19393000000.0,96000000.0,791000000.0,18992840000.0,32460840000.0,7.146964856230032,0.966986155484558,0.6261292265335971,6.506481895395619,0.016138593662671858,7.146964856230032,0.11712114438980778,12.285148771021992,18.12293893129771,8.49031738936075,0.9312977099236641,9.520833333333334,0.012846946533535797,0.06650606555966618,0.8700745473908413,0.011270756259141358,43.66170114942529,0.4087968952134541,-0.18571428571428572,0.05454339221849669,0.0408344309712701,-0.6652026864028256,-0.023183925811437404,0.18552036199095023,-0.38649155722326456,0.2889707755934064,-0.10454057184921604,0.11352462998990578,Restaurants,Consumer Cyclical,QSR
2021Q3,2021,Q3,2021-10-25,2021-09-30,221000000.0,1495000000.0,533000000.0,0.7,647000000.0,0.43277591973244145,22928000000.0,2516000000.0,2584000000.0,1752000000.0,18820000000.0,96000000.0,779000000.0,19030090000.0,31270090000.0,8.090032154340836,1.4748858447488584,0.6111741102581996,5.569554848966614,0.024657536172785693,8.090032154340836,0.08783783783783784,12.729157190635451,21.527251131221718,7.563628775834658,1.1131221719457014,8.833333333333334,0.012926896299492015,0.06520411723656665,1.3184931506849316,0.009638869504535939,39.15656378600823,0.43277591973244145,-0.16666666666666669,0.08070154165220622,0.04524923126405093,-0.6219490298482965,0.05718954248366013,-0.14671814671814673,0.09221311475409837,0.332395498392283,-0.1244295602970459,-0.0726855245436169,Restaurants,Consumer Cyclical,QSR
2021Q2,2021,Q2,2021-07-30,2021-06-30,259000000.0,1438000000.0,488000000.0,0.84,612000000.0,0.42559109874826145,23241000000.0,2561000000.0,2528000000.0,1649000000.0,18982000000.0,99000000.0,728000000.0,19783080000.0,32052080000.0,8.342019543973942,1.5330503335354762,0.6037175680908738,5.478719250292855,0.029065008141821544,8.342019543973942,0.10113237016790316,13.757357440890125,19.095637065637064,7.7247481452557585,0.9459459459459459,8.343434343434344,0.012384320338390181,0.06187341336431307,1.3929654335961188,0.011144098790929821,44.158660714285716,0.42559109874826145,0.4482758620689656,0.24363545882275528,0.05145465010174074,-0.6103185764978363,0.20710059171597633,0.44692737430167595,0.10407239819004525,0.25490154159508066,-0.13076451940940356,0.0013797536174419995,Restaurants,Consumer Cyclical,QSR
2021Q1,2021,Q1,2021-04-30,2021-03-31,179000000.0,1260000000.0,442000000.0,0.58,507000000.0,0.4023809523809524,22857000000.0,2370000000.0,2291000000.0,1552000000.0,18855000000.0,98000000.0,635000000.0,19890000000.0,32354000000.0,7.745098039215686,1.476159793814433,0.6136850855317846,5.918565400843882,0.02101266071487464,7.745098039215686,0.07552742616033756,15.785714285714286,27.779329608938546,8.39240506329114,1.335195530726257,7.683673469387755,0.012016088486676723,0.055125344533403335,1.3414948453608246,0.00783129894561841,79.24302788844622,0.4023809523809524,0.9333333333333332,0.14504241412877203,0.03109289442505355,-0.6364100606156656,-0.33638743455497383,0.967032967032967,0.18498659517426275,-0.026769526033236873,-0.1924314788924025,-0.08348430806393778,Restaurants,Consumer Cyclical,QSR
2020Q4,2020,Q4,2021-02-23,2020-12-31,91000000.0,1358000000.0,373000000.0,0.3,764000000.0,0.5625920471281296,22777000000.0,2167000000.0,2264000000.0,1601000000.0,19056000000.0,96000000.0,622000000.0,18577440000.0,31059440000.0,7.128289473684211,1.4141161773891318,0.6164990999692672,6.479926165205353,0.02043433655900544,7.128289473684211,0.04199353945546839,13.68,51.036923076923074,8.572884171665898,2.67032967032967,6.1875,0.013080381365785598,0.059621548052860344,1.3091817613991255,0.003995258374676208,69.57842696629214,0.5625920471281296,-0.36170212765957444,-0.4804204565524549,-0.1255968978738236,-0.6817068603018682,-0.03413400758533502,-0.3724137931034483,-0.10551558752997602,-0.6646311264918802,-0.12735449769294405,-0.22806746671520695,Restaurants,Consumer Cyclical,QSR
2020Q3,2020,Q3,2020-10-28,2020-09-30,145000000.0,1337000000.0,417000000.0,0.47,791000000.0,0.5916230366492147,22533000000.0,2343000000.0,2680000000.0,1621000000.0,18618000000.0,87000000.0,692000000.0,17425530000.0,29399530000.0,7.732673267326732,1.6533004318322024,0.6165623751830649,5.929577464788732,0.0182194682691946,7.732673267326732,0.061886470337174565,13.033305908750934,30.044017241379308,7.4372727272727275,0.0,6.275862068965517,0.0,0.05933519726623175,1.5471930906847624,0.006435006435006435,45.85665789473684,0.5916230366492147,0.34285714285714286,-0.17286006995234113,-0.12415578127392025,-0.670576074656508,0.37565217391304345,0.36792452830188677,0.7160493827160493,-0.28744856864541074,-0.13618462624021802,-0.6632274610592526,Restaurants,Consumer Cyclical,QSR
2020Q2,2020,Q2,2020-08-06,2020-06-30,106000000.0,1048000000.0,243000000.0,0.35,575000000.0,0.5486641221374046,22016000000.0,2285000000.0,2227000000.0,1284000000.0,18164000000.0,96000000.0,708000000.0,16443630000.0,28787630000.0,7.591362126245847,1.7344236760124612,0.6306322674418605,6.076148796498906,0.01964841698898807,7.591362126245847,0.04638949671772429,15.690486641221375,38.7821462264151,7.196336980306347,4.566037735849057,4.927083333333333,0.029433890205508153,0.04760174418604651,1.604361370716511,0.004814680232558139,411.09075,0.5486641221374046,-0.27083333333333337,-0.07552430075278697,-0.32331317348802757,-0.6826413932970857,-0.17857142857142858,-0.2638888888888889,-0.37532133676092544,-0.4710878811604631,-0.2751908165213685,-0.6570469988756067,Restaurants,Consumer Cyclical,QSR
2020Q1,2020,Q1,2020-05-01,2020-03-31,144000000.0,1225000000.0,389000000.0,0.48,700000000.0,0.5714285714285714,22629000000.0,2185000000.0,3059000000.0,1472000000.0,18877000000.0,85000000.0,761000000.0,11968970000.0,23837970000.0,7.3076923076923075,2.078125,0.6348932785363913,6.575286041189932,0.017908325061091277,7.3076923076923075,0.06590389016018307,9.77058775510204,20.779461805555556,5.4777894736842105,1.6111111111111112,6.176470588235294,0.019383455719247353,0.05413407574351496,1.9782608695652173,0.006363515842502983,102.29888888888888,0.5714285714285714,-0.1111111111111112,0.6069406271730852,-0.11114659738470148,-0.6937394274016241,-0.18699186991869918,-0.12727272727272726,-0.23874755381604695,-0.0396535605800132,-0.03901304702128558,-0.6617596417426815,Restaurants,Consumer Cyclical,QSR
2019Q4,2019,Q4,2020-02-21,2019-12-31,165000000.0,1479000000.0,511000000.0,0.54,861000000.0,0.5821501014198783,22360000000.0,2490000000.0,2196000000.0,1703000000.0,18101000000.0,84000000.0,775000000.0,19003460000.0,30833460000.0,8.355704697986576,1.289489136817381,0.5976296958855098,5.366666666666666,0.020673942146272783,8.355704697986576,0.06626506024096386,12.848857336037863,28.79312121212121,7.631911646586347,1.406060606060606,7.357142857142857,0.012208303119537179,0.06614490161001789,1.2096300645918967,0.0073792486583184255,35.52048598130841,0.5821501014198783,-0.27999999999999997,2.8409323023052235,2.8042785033379705,-0.48406405520085205,0.012941176470588235,-0.1791044776119403,-0.10507880910683012,-0.30245026011675463,0.04584760982278828,-0.6085796499112999,Restaurants,Consumer Cyclical,QSR
2019Q3,2019,Q3,2019-10-28,2019-09-30,201000000.0,1458000000.0,571000000.0,0.75,850000000.0,0.5829903978052127,22249000000.0,2358000000.0,2373000000.0,2177000000.0,18186000000.0,83000000.0,762000000.0,18994380000.0,31062380000.0,8.831460674157304,1.090032154340836,0.6202525956222752,5.852417302798982,0.02642114102586074,8.831460674157304,0.08524173027989822,13.027695473251029,23.62485074626866,8.055292620865139,1.154228855721393,7.325301204819277,0.012214139129574116,0.06553103510270125,1.0124023886081763,0.009034113892759226,45.4411004784689,0.5829903978052127,0.36363636363636354,7.472643388477168,2.9560565836895343,0.0,0.046798029556650245,0.4154929577464789,0.1629327902240326,0.14487660905013064,0.1873679328746475,-0.5873017298293023,Restaurants,Consumer Cyclical,QSR
2019Q2,2019,Q2,2019-08-02,2019-06-30,142000000.0,1400000000.0,491000000.0,0.55,812000000.0,0.58,21725000000.0,1857000000.0,1654000000.0,1383000000.0,17765000000.0,81000000.0,704000000.0,17646000000.0,29908000000.0,7.2823529411764705,1.1959508315256688,0.6117376294591484,7.156704361873991,0.021463177503456235,7.2823529411764705,0.07646742057081314,12.604285714285714,31.066901408450704,9.502423263327948,1.619718309859155,7.2592592592592595,0.013034115380256148,0.06444188722669736,1.0874909616775126,0.006536248561565017,56.55769230769231,0.58,0.03773584905660381,0.49821097214171955,3.2469723057982764,0.0,0.11691884456671252,0.05185185185185185,0.1313364055299539,-0.1791196276490394,0.23241759691763655,-0.6598188669297992,Restaurants,Consumer Cyclical,QSR
2019Q1,2019,Q1,2019-04-29,2019-03-31,135000000.0,1266000000.0,434000000.0,0.53,727000000.0,0.5742496050552922,21293000000.0,1729000000.0,1480000000.0,1346000000.0,17520000000.0,74000000.0,692000000.0,16543800000.000002,28934800000.0,6.861111111111111,1.099554234769688,0.6242896726623773,7.6882591093117405,0.021459462110473896,6.861111111111111,0.07807981492192019,13.067772511848343,30.63666666666667,9.56842105263158,1.5333333333333334,7.283783783783784,0.01251224023501251,0.05945615930117879,0.9977711738484398,0.006340111773822383,111.03221476510069,0.5742496050552922,-0.17187499999999997,0.792095030156102,3.2136757349423792,0.0,-0.09890927119484383,-0.17177914110429449,-0.15972894482090996,0.04863221884498467,0.25800347357233583,-0.6779084060179704,Restaurants,Consumer Cyclical,QSR
2018Q4,2018,Q4,2019-02-22,2018-12-31,163000000.0,1384500000.0,516500000.0,0.64,806800000.0,0.5827374503430841,20141000000.0,1611000000.0,1500000000.0,1408000000.0,16523000000.0,75000000.0,674000000.0,13127300000.0,24354300000.0,6.418326693227091,1.0653409090909092,0.6027506082121047,7.535692116697703,0.028812876655411348,6.418326693227091,0.10117939168218498,9.481617912603829,20.13389570552147,8.148541278708876,1.2938650306748467,7.7026666666666666,0.016065756096074593,0.06874038031875279,0.9694602272727273,0.00809294473958592,28.587325783972126,0.5827374503430841,0.2075471698113207,3.5048761475835786,3.228045301379157,-0.6036904646357777,0.011281022812735022,0.22005988023952097,0.08235540653813915,0.12719257199390357,0.07970407867112443,-0.7134081938819309,Restaurants,Consumer Cyclical,QSR
2018Q3,2018,Q3,2018-10-24,2018-09-30,133600000.0,1375300000.0,477200000.0,0.53,797800000.0,0.5800916163746092,20985300000.0,2185400000.0,1765400000.0,1320300000.0,16590900000.0,91800000.0,626000000.0,14739420000.0,25682920000.0,8.724151696606786,1.3371203514352799,0.5759746107989878,5.530795277752357,0.023995443133689825,8.724151696606786,0.06113297336871969,10.717239874936377,27.58125,6.744495286904001,1.5726047904191616,6.290849673202614,0.014254292231308965,0.06553635163662183,1.2307051427705824,0.0063663612147550905,41.63677966101695,0.5800916163746092,-0.19696969696969696,5.585594121985816,2.977461136490733,0.0,0.007196061103396036,-0.20286396181384247,-0.05072607917246867,-0.07816680899516092,0.0897523184483245,-0.6283375492752655,Restaurants,Consumer Cyclical,QSR
2018Q2,2018,Q2,2018-08-01,2018-06-30,167600000.0,1343400000.0,502700000.0,0.66,792100000.0,0.5896233437546524,20614800000.0,2076800000.0,1630900000.0,1318400000.0,16390500000.0,85500000.0,607800000.0,15032790000.0,26131190000.0,8.330525471319696,1.2370297330097086,0.58627296893494,5.81948189522342,0.029427083301311597,8.330525471319696,0.08070107858243451,11.190107190710139,22.42361276849642,7.238438944530046,1.253579952267303,6.447953216374269,0.013976114879539994,0.06516677338611095,1.0841171116504855,0.008130081300813009,39.168290776446064,0.5896233437546524,0.11864406779661028,0.8087416746437294,3.1684504093759616,0.0,0.0996806886019714,0.13396481732070364,0.19519733713742274,0.7648502707711292,0.04731180857389735,-0.6517405028616945,Restaurants,Consumer Cyclical,QSR
2018Q1,2018,Q1,2018-04-24,2018-03-31,147800000.0,1253800000.0,420600000.0,0.59,720300000.0,0.5744935396394959,20759500000.0,2078000000.0,1482400000.0,1239100000.0,16517100000.0,74600000.0,553900000.0,13996628000.0,25247728000.0,8.450589670597804,1.1963521911064483,0.5830342734651606,5.8245909528392685,0.028994868192820763,8.450589670597804,0.07112608277189605,11.163365768065082,23.674945872801082,6.735624639076035,0.6556156968876861,7.151474530831099,0.006923096048562553,0.06039644500108384,1.0652893228956501,0.0071196319757219585,-118.61549152542374,0.5744935396394959,-0.6289308176100629,1.0106834954040973,3.2765906599371246,0.0,0.14990421455938696,-0.3131970260223048,-0.16877470355731225,1.005508155532918,0.10620336610541643,-0.6458413515047825,Restaurants,Consumer Cyclical,QSR
2017Q4,2017,Q4,2018-02-23,2017-12-31,215200000.0,1234200000.0,506000000.0,1.59,626400000.0,0.50753524550316,21223500000.0,2226400000.0,1749600000.0,1655000000.0,16662900000.0,78000000.0,650600000.0,14822828000.0,25872328000.0,9.234342596433015,1.0571601208459214,0.5712017339270149,5.4450682716492995,0.061557385031723595,9.234342596433015,0.09665828242903342,12.010069680764868,17.2198280669145,6.657756018684872,0.983271375464684,7.792307692307692,0.014275278644533958,0.05815251961269348,0.92404833836858,0.010139703630409688,27.01444869691999,0.50753524550316,3.297297297297298,5.1917587867202855,2.9238168244214173,-0.42981119554910596,0.049597855227882036,0.35431088735053495,0.0557062382641352,5.1917587867202855,2.9238168244214173,-0.42981119554910596,Restaurants,Consumer Cyclical,QSR
2017Q3,2017,Q3,2017-10-26,2017-09-30,158900000.0,1208600000.0,479300000.0,0.37,596800000.0,0.49379447294390205,23927500000.0,5432600000.0,4339800000.0,1257700000.0,16354300000.0,91900000.0,541100000.0,15114008000.0,23152708000.0,22.961115807269653,3.4505844000954125,0.4867119423257758,2.1436881051430254,0.023923716031675087,22.961115807269653,0.029249346537569488,12.505384742677478,23.77911894273128,2.7820947612561207,0.9773442416614223,6.657236126224157,0.010275236059157835,0.05051091839933131,3.203466645463942,0.006640894368404556,46.17784295753132,0.49379447294390205,0.0,6.774389047840867,2.700701717813036,0.0,0.06800286327845383,0.012101910828025478,0.15661196911196912,6.774389047840867,2.700701717813036,0.0,Restaurants,Consumer Cyclical,QSR
2017Q2,2017,Q2,2017-08-02,2017-06-30,157000000.0,1132700000.0,414400000.0,0.37,558800000.0,0.4933345104617286,23236900000.0,5219500000.0,4113500000.0,1204700000.0,16065700000.0,89500000.0,497600000.0,14746932000.0,22898932000.0,22.135284139100932,3.4145430397609364,0.4986680667386786,2.220040233738864,0.020645802631214107,22.135284139100932,0.030079509531564325,13.01927430034431,23.482375796178342,2.8253533863396876,0.9598726114649682,6.412290502793296,0.01021907472008415,0.048745744914338834,3.1744832738441104,0.006756495057430208,74.55476238624874,0.4933345104617286,0.761904761904762,0.7913508783312948,2.7158884961478114,0.0,0.19862719862719863,0.3338997451146984,0.23259964306960143,0.7913508783312948,2.7158884961478114,0.0,Restaurants,Consumer Cyclical,QSR
2017Q1,2017,Q1,2017-04-26,2017-03-31,117700000.0,1000600000.0,336200000.0,0.21,466200000.0,0.4659204477313612,20822400000.0,5070700000.0,1577100000.0,1274900000.0,13928100000.0,83300000.0,453300000.0,13082178000.0,22052678000.0,21.605027694929696,1.2370381990744372,0.475180574765637,1.9512887766974973,0.018006822715174915,21.605027694929696,0.02321178535507918,13.074333399960024,27.78712404418012,2.579955035793875,1.239592183517417,6.415366146458584,0.011152577193186027,0.048054018749039494,1.0086281276962898,0.005652566466881819,48.18481767955801,0.4659204477313612,-0.5800000000000001,0.6776106750127682,2.575817580900908,0.0,-0.13538575667655786,-0.3668639053254438,-0.3161106590724166,0.6776106750127682,2.575817580900908,0.0,Restaurants,Consumer Cyclical,QSR
2016Q4,2016,Q4,2017-02-17,2016-12-31,185900000.0,1111400000.0,491600000.0,0.5,539200000.0,0.4851538599964009,19124900000.0,4999500000.0,2097000000.0,1210700000.0,12339300000.0,71800000.0,445700000.0,11161972000.0,18451272000.0,21.347139197267293,1.7320558354670852,0.45750304576755957,1.7501150115011501,0.02828580862686137,21.347139197267293,0.037183718371837184,10.043163577469858,15.010720817643893,2.2326176617661764,0.7595481441635288,7.969359331476323,0.012650094445676805,0.058112722158024356,1.5395225902370528,0.009720312263070657,33.3691240657698,0.4851538599964009,0.38888888888888895,4.506320313370215,2.637507479682035,0.31811221537723133,0.059748427672955975,0.20871261378413525,0.1690844233055886,4.506320313370215,2.637507479682035,0.31811221537723133,Restaurants,Consumer Cyclical,QSR
2016Q3,2016,Q3,2016-10-24,2016-09-30,153800000.0,1075700000.0,420500000.0,0.36,508800000.0,0.4729943292739611,19193400000.0,5005300000.0,1877200000.0,1189900000.0,12377300000.0,85200000.0,367400000.0,10427262000.0,17910662000.0,21.39931594698589,1.5776115639969746,0.4562922671334938,1.749705312368889,0.023627002358383706,21.39931594698589,0.03072742892533914,9.69346657990146,16.9493855656697,2.0832441611891395,0.888816644993498,6.653755868544601,0.013109865274316498,0.056045307241030774,1.3855786200521052,0.008013171194264696,25.538236590742102,0.4729943292739611,-0.05263157894736847,6.653572915466693,2.3317866131956437,0.0,0.037732000815827046,-0.02904040404040404,-0.008254716981132075,6.653572915466693,2.3317866131956437,0.0,Restaurants,Consumer Cyclical,QSR
2016Q2,2016,Q2,2016-08-04,2016-06-30,158400000.0,1040200000.0,424000000.0,0.38,490300000.0,0.4713516631417035,19121800000.0,4998600000.0,1640500000.0,1146700000.0,12306400000.0,86700000.0,318800000.0,9713600000.0,17475200000.0,21.40728051391863,1.4306270166564925,0.4581001788534552,1.7524306805905654,0.024445462311989748,21.40728051391863,0.03168887288440764,9.338204191501635,15.330808080808081,1.9432641139519067,0.8327020202020202,6.342560553633218,0.013578899687036733,0.05439864447907624,1.20197087293974,0.008283738978548045,30.856416772554002,0.4713516631417035,0.8095238095238096,0.8251270496953385,2.4460497127112224,0.0,0.1506688570758038,0.34808510638297874,0.2825166364186328,0.8251270496953385,2.4460497127112224,0.0,Restaurants,Consumer Cyclical,QSR
2016Q1,2016,Q1,2016-04-29,2016-03-31,117500000.0,918500000.0,330600000.0,0.21,426100000.0,0.46390854654327707,18956500000.0,4899400000.0,1473000000.0,1109700000.0,12320800000.0,88800000.0,263300000.0,8930900000.0,16870700000.0,21.301739130434783,1.3273857799405244,0.4624113101047134,1.7891374454014777,0.01856468135501402,21.301739130434783,0.02398252847287423,9.723353293413174,19.00191489361702,1.8228558599012123,1.0919148936170213,5.545045045045045,0.014365853385437078,0.0484530372167858,1.0744345318554565,0.006198401603671564,50.258300506471585,0.46390854654327707,-0.16000000000000003,0.7089833765836454,2.349494515286877,0.0,-0.08187890540831717,-0.014261744966442953,0.02670807453416149,0.7089833765836454,2.349494515286877,0.0,Restaurants,Consumer Cyclical,QSR
2015Q4,2015,Q4,2016-02-26,2015-12-31,119200000.0,1057000000.0,322000000.0,0.25,464100000.0,0.4390728476821192,18411100000.0,4633600000.0,1369500000.0,1121000000.0,12201400000.0,81300000.0,245800000.0,7729784000.0,15723284000.0,22.395360077332043,1.2216770740410348,0.4753273840237683,1.8886610842541436,0.02117766481248771,22.395360077332043,0.02572513812154696,7.312946073793756,16.211795302013424,1.668202693370166,1.0369127516778522,7.292742927429274,0.015990097524070532,0.05741101835305875,1.0524531668153434,0.006474355144450902,34.818846846846846,0.4390728476821192,0.041666666666666706,2.996545274970055,2.9159297301006224,0.382836239222248,0.011772400261608895,0.017933390264730998,-0.06395348837209303,2.996545274970055,2.9159297301006224,0.382836239222248,Restaurants,Consumer Cyclical,QSR
2015Q3,2015,Q3,2015-10-30,2015-09-30,117100000.0,1019700000.0,344000000.0,0.24,458700000.0,0.44983818770226536,19034700000.0,4751000000.0,1641600000.0,1215700000.0,12432900000.0,98800000.0,220500000.0,7270208000.0,15061608000.0,23.473320158102766,1.3503331414000164,0.4605746347460165,1.8452746790149441,0.020095035641878957,23.473320158102766,0.02464744264365397,7.12975188781014,15.521366353543979,1.5302479478004631,0.9760888129803587,5.678137651821863,0.01572169599549284,0.05357058424876673,1.1080036193139755,0.006151922541463748,17.463867403314918,0.44983818770226536,3.8,5.974429394310824,2.649876278450278,0.0,0.04273698567856331,0.5188067444876784,0.15320147502514248,5.974429394310824,2.649876278450278,0.0,Restaurants,Consumer Cyclical,QSR
2015Q2,2015,Q2,2015-07-31,2015-06-30,77100000.0,1041400000.0,298300000.0,0.05,439900000.0,0.42241213750720186,19027700000.0,4841500000.0,1404300000.0,1002600000.0,12186400000.0,91700000.0,190400000.0,7733704000.0,15939304000.0,23.920454545454547,1.4006582884500298,0.46745008592735854,1.8371372508520087,0.014443355718503735,23.920454545454547,0.01592481668904265,7.426256961782216,25.076861219195848,1.597377672209026,1.6147859922178989,6.559432933478735,0.016098366319683297,0.054730734665776735,1.0463794135248354,0.004051987365787772,35.329849246231156,0.42241213750720186,2.25,0.024869760681410332,2.980142661670218,0.0,0.20355677154582763,0.2722772277227723,0.34490532010820557,0.024869760681410332,2.980142661670218,0.0,Restaurants,Consumer Cyclical,QSR
2015Q1,2015,Q1,2015-05-05,2015-03-31,60600000.0,932000000.0,221800000.0,-0.04,365500000.0,0.39216738197424894,19375400000.0,4824700000.0,1723300000.0,939800000.0,12561700000.0,98300000.0,201300000.0,7766501999.999999,15939502000.0,23.86102868447082,1.8336880187273887,0.47456568638582947,1.9057972516425892,0.008087965756420613,23.86102868447082,0.012560366447654776,8.333156652360515,32.04002475247524,1.6097378075320745,0.0,5.762970498474059,0.0,0.048102232728098514,1.472015322409023,0.0031276773640802253,33.43306930693069,0.39216738197424894,0.9841269841269841,0.0025805628647788876,2.8660076356426347,0.0,0.49122807017543857,0.3173913043478261,3.1895360315893386,0.0025805628647788876,2.8660076356426347,0.0,Restaurants,Consumer Cyclical,QSR
2014Q4,2014,Q4,2014-12-31,2014-12-31,46000000.0,416300000.0,-101300000.0,-2.52,245100000.0,0.5887581071342781,21164000000.0,5167900000.0,2661100000.0,1925200000.0,13543800000.0,100100000.0,227600000.0,12457664000.0,20926964000.0,16.195236602945783,1.3822460004155412,0.4853761103761104,1.9877513109773797,-0.00654797579709935,16.195236602945783,0.008901101027496663,29.92472736007687,67.70469565217391,2.410585344143656,0.6130434782608696,1.7102897102897103,0.0022636667677021953,0.01967019467019467,1.1651257012258467,0.0021735021735021735,-91.26493772893772,0.5887581071342781,-20.66698192698571,0.0,0.0,0.0,0.10904977375565611,2.9574468085106385,-113.55555555555556,0.0,0.0,0.0,Restaurants,Consumer Cyclical,QSR
2014Q3,2014,Q3,2014-09-30,2014-09-30,-23500000.0,278900000.0,900000.0,-0.116306,221000000.0,0.7923987092147723,,,,,,,,7417356122.110001,,,0.0,0.0,0.0,0.0,,0.0,26.595038085729655,-78.90804385223404,0.0,-1.195744680851064,0.0,0.003788411873098315,0.0,0.0,0.0,46.650038503836484,0.7923987092147723,-1.5538380952380952,0.0,0.0,0.0,0.05338417540514776,-1.3129161118508654,-0.994059405940594,0.0,0.0,0.0,Restaurants,Consumer Cyclical,QSR
2014Q2,2014,Q2,2014-06-30,2014-06-30,75100000.0,261200000.0,151500000.0,0.21,209800000.0,0.8032159264931087,,,,,,,,7417356122.110001,,,0.0,0.0,0.0,0.0,,0.0,28.39722864513783,24.69159827599867,0.0,0.3288948069241012,0.0,0.003330027518346206,0.0,0.0,0.0,88.30185859654763,0.8032159264931087,0.23529411764705868,0.0,0.0,0.0,0.11595744680851064,0.2433774834437086,0.15384615384615385,0.0,0.0,0.0,Restaurants,Consumer Cyclical,QSR
2014Q1,2014,Q1,2014-03-31,2014-03-31,60400000.0,240900000.0,131300000.0,0.17,188000000.0,0.7804068078040681,,,,,,,,7417356122.110001,,,0.0,0.0,0.0,0.0,,0.0,30.790187306392696,30.70097732661424,0.0,0.40728476821192056,0.0,0.0033165456255593788,0.0,0.0,0.0,60.84787630935193,0.7804068078040681,0.0,0.0,0.0,0.0,0.0,0.0,0.0,0.0,0.0,0.0,Restaurants,Consumer Cyclical,QSR
