Quarters,Year,Quarter,FillingDate,Date,NetIncome,Revenue,OperatingIncome,EPSDiluted,GrossProfit,GrossProfitRatio,TotalAssets,CommonStockEquity,CurrentAssets,CurrentLiability,TotalLiability,Inventory,RetainedEarnings,MarketCap,EnterpriseValue,bookValuePerShare,currentRatio,debtToAssets,debtToEquity,roic,shareholdersEquityPerShare,roe,priceToSalesRatio,peRatio,pbRatio,payoutRatio,inventoryTurnover,dividendYield,assetTurnover,quickRatio,returnOnAssets,priceToFreeCashFlowsRatio,grossProfitMargin,epsdilutedGrowth,fiveYNetIncomeGrowthPerShare,fiveYRevenueGrowthPerShare,fiveYShareholdersEquityGrowthPerShare,grossProfitGrowth,netIncomeGrowth,operatingIncomeGrowth,threeYNetIncomeGrowthPerShare,threeYRevenueGrowthPerShare,threeYShareholdersEquityGrowthPerShare,Industry,Sector,Symbol
2023Q1,2023,Q1,2023-04-25,2023-03-31,-1035000.0,31228000.0,335000.0,-0.0117,3929000.0,0.1258165749,195201000.0,110991000.0,40716000.0,16633000.0,84210000.0,11179000.0,6671000.0,92826231.75,71406231.75,1.2554700088857156,2.447904767630614,0.0,0.0,0.00267228566124463,1.2554700088857156,-0.009325080411925292,2.9725320785833227,-22.421795108695655,0.8363401694732006,0.0,2.441989444494141,0.0,0.15997868863376724,1.5964648590152106,-0.005302226935312832,-43.95181427556818,0.12581657486870756,0.6854838709677419,-1.1225444814761725,-0.3724374084560705,-0.3907175566801805,-0.14288830715532286,0.6847395674687785,1.1551644279759148,0.7523404015499155,-0.16724513797187657,-0.4979230094032751,Gold,Basic Materials,GORO
2022Q4,2022,Q4,2023-03-13,2022-12-31,-3283000.0,32374000.0,-2159000.0,-0.0372,4584000.0,0.1415951072,204171000.0,111764000.0,46099000.0,24682000.0,92407000.0,13500000.0,7706000.0,135203422.5,111528422.5,1.2647528948462825,1.86771736488129,0.0,0.0,-0.01742767822736912,1.2647528948462825,-0.02937439604881715,4.176296487922407,-10.295722091075236,1.2097224732471994,-0.2695705147730734,2.0585185185185186,0.006545692288225914,0.15856316518996333,1.1652216189935987,-0.01607965871744763,63.386508438818566,0.1415951071847779,0.6618181818181819,0.6258000155419778,-0.3717197975367731,-0.3555850468343126,3.1046831955922864,0.662589928057554,0.7667206915180983,-15.096632730894177,-0.3852940028989864,-0.4717017101087827,Gold,Basic Materials,GORO
2022Q3,2022,Q3,2022-11-01,2022-09-30,-9730000.0,23869000.0,-9255000.0,-0.11,-2178000.0,-0.0912480623,199538000.0,115644000.0,48329000.0,19466000.0,83894000.0,13593000.0,11874000.0,145845513.0,123314513.0,1.3083199892478008,2.4827391349018804,0.0,0.0,-0.0782841860449153,1.3083199892478008,-0.08413752550932171,6.110248146130965,-3.7473153391572454,1.2611593597592612,-0.0908530318602261,1.9162068711836975,0.00606120806747068,0.11962132526135373,1.5332888112606595,-0.04876264170233239,-18.46847068507028,-0.091248062340274,-4.666666666666667,-2.366988823730758,-0.5063954646205977,-0.36759403513359123,-1.271604938271605,-4.640104751215862,-4.18698347107438,-3.42099290974785,-0.5585682074383708,-0.458315131288541,Gold,Basic Materials,GORO
2022Q2,2022,Q2,2022-07-28,2022-06-30,2673000.0,37064000.0,2904000.0,0.03,8019000.0,0.2163554932,213606000.0,126002000.0,60426000.0,23373000.0,87604000.0,12506000.0,22488000.0,144000706.95999998,110665706.95999998,1.4262656367169824,2.5852907200616095,0.0,0.0,0.009545290959444733,1.4262656367169824,0.021213948984936747,3.8851906691128852,13.468079588477366,1.142844613260107,0.33071455293677515,2.3224852071005917,0.006138858750502901,0.17351572521371122,1.8676678218457194,0.012513693435577653,42.26613060170237,0.2163554932009497,-0.33920704845814986,0.9904941855723476,0.11479983690380116,-0.281929827437372,-0.5850023288309268,-0.3349091813884051,-0.7957949511286126,0.05643505990865905,-0.10335045796119577,-0.4129877545840765,Gold,Basic Materials,GORO
2022Q1,2022,Q1,2022-05-09,2022-03-31,4019000.0,45417000.0,14221000.0,0.0454,19323000.0,0.4254574278,216583000.0,123715000.0,60683000.0,28319000.0,92868000.0,12783000.0,20699000.0,197878853.76000002,166703853.76000002,1.4004609119886586,2.1428369645820826,0.0,0.0,0.04930445836992975,1.4004609119886586,0.0324859556238128,4.356933609881763,12.308960796217965,1.5994734168047529,0.21970639462552874,2.0413048580145507,0.004462326232549125,0.20969789872704692,1.6505879444895653,0.01855639639306871,-115.11277123909251,0.42545742783539203,0.26462395543175493,-0.409509631446043,0.1998898300571008,-0.2906618834132718,0.4810301218670959,0.49460766084046115,1.5362939183163902,2.1295890728797695,0.17363767482279918,-0.3894768368123558,Gold,Basic Materials,GORO
2021Q4,2021,Q4,2022-03-10,2021-12-31,2689000.0,38063000.0,5607000.0,0.0359,13047000.0,0.3427738223,215762000.0,120750000.0,58915000.0,29659000.0,95012000.0,10361000.0,17563000.0,116301970.2,82589970.2,1.6196630175401792,1.9864122188880273,0.0,0.0,0.022269151138716355,1.6196630175401792,0.022269151138716355,3.055512445156714,10.812752900706583,0.9631633142857143,0.3291186314615099,2.4144387607373807,0.007609501356495506,0.1764119724511267,1.5805657641862503,0.01246280624020912,15.469801835594573,0.3427738223471613,0.795,1.5671580231339532,0.5881336426354097,-0.14087566671207188,0.5824135839902972,0.7586657946370177,0.38273736128236746,1.550529224701428,0.1011453116207717,-0.2278259809261281,Gold,Basic Materials,GORO
2021Q3,2021,Q3,2021-10-27,2021-09-30,1529000.0,29029000.0,4055000.0,0.02,8245000.0,0.2840263185090771,116181000.0,94207000.0,48925000.0,17952000.0,21974000.0,10876000.0,15758000.0,117047495.65,87503495.65,1.2636322475644528,2.725323083778966,0.0,0.0,0.01695787880885866,1.2636322475644528,0.01623021643826892,4.032088451203968,19.13791622792675,1.242450090226841,0.486592544146501,1.9109966899595439,0.006356394007990892,0.24986013203535862,1.9894719251336899,0.013160499565333402,-830.1240826241135,0.2840263185090771,0.0,-0.28229501187262834,0.016518581261093717,-0.36665241202131926,0.19840116279069767,0.19173811379579112,0.2667916276163699,2.5137016948021005,-0.07474608943452546,-0.40280308371093193,Gold,Basic Materials,GORO
2021Q2,2021,Q2,2021-07-27,2021-06-30,1283000.0,30836000.0,3201000.0,0.02,6880000.0,0.22311583863017254,114609000.0,93263000.0,49705000.0,17112000.0,21346000.0,10485000.0,14974000.0,192173033.76,161638033.76,1.2520931542377707,2.9046867695184666,0.0,0.0,0.01451400848816968,1.2520931542377707,0.01375679529931484,6.232099940329484,37.44603151987529,2.060549561562463,0.7739672642244739,2.2847877920839292,0.005167218212520558,0.2690539137415037,2.1290906965871903,0.011194583322426685,44.84784918553092,0.22311583863017254,-0.3333333333333333,-0.8333215812351056,-0.14246743878813561,-0.2860163179535364,-0.197667638483965,-0.49228333992876927,-0.3963794078823308,-0.7370146712413091,-0.22881619085063226,-0.4131868831668783,Gold,Basic Materials,GORO
2021Q1,2021,Q1,2021-04-29,2021-03-31,2527000.0,27268000.0,5303000.0,0.03,8575000.0,0.3144711750036673,107848000.0,92422000.0,44492000.0,12033000.0,15426000.0,11584000.0,14436000.0,196429281.84,169199281.84,1.2421471876007955,3.6974985456660847,0.0,0.0,0.028313706825476348,1.2421471876007955,0.02734197485447188,7.203655634443304,19.43305123070835,2.125351992382766,0.29442026117926395,1.6136912983425415,0.003787622665168728,0.25283732660781844,2.632261281475941,0.023431125287441585,78.22751168458781,0.3144711750036673,-0.5061155581449546,1.3124804996686688,0.14277392865157915,-0.2490448492874578,1.4626651349798967,-0.4110929853181077,3.595320623916811,-0.6445015018101874,-0.3489036178987634,-0.397183152072295,Gold,Basic Materials,GORO
2020Q4,2020,Q4,2021-02-24,2020-12-31,4291000.0,-697000.0,1154000.0,0.06074295413582793,3482000.0,4.995695839311335,105734000.0,90538000.0,42873000.0,12085000.0,15196000.0,9995000.0,12653000.0,205568039.58,180163039.58,1.281646604882216,3.5476210177906498,0.0,0.0,-11.651691633820684,1.281646604882216,0.047394464202876144,-294.9326249354376,11.976697714984853,2.2705166844860725,0.16965742251223492,-0.41810905452726366,0.0035414065410527373,-0.00659201392172811,2.577410012412081,0.040582972364613085,11.545523144060658,-4.995695839311335,-0.13224351234531542,2.412305070120162,-1.0247666936362916,-0.21692968201218918,-0.6806090625573289,-0.14197160567886422,-0.8207517862690277,1.611821939242807,-1.0169208992668402,-0.34697738963426805,Gold,Basic Materials,GORO
2020Q3,2020,Q3,2020-11-02,2020-09-30,5001000.0,42286000.0,6438000.0,0.07,10902000.0,0.25781582556874616,203463000.0,175994000.0,70476000.0,20459000.0,27469000.0,26977000.0,14863000.0,240889008.58,212552008.58,2.491352941081543,3.444743144826238,0.01462673803099335,0.016909667375024147,0.02551094983554611,2.491352941081543,0.028415741445731106,5.696661036276782,12.042042020595881,1.3687342101435276,0.14097180563887224,1.16336138191793,0.002926659062428194,0.20783139932076103,2.027029669094286,0.024579407558130963,19.64035944394619,0.25781582556874616,3.3333333333333335,9.178155223633022,0.6685480135838868,0.4376390489305801,7.895635673624288,3.7599337748344372,2.4871794871794872,-0.12086514039890062,0.0941781687967713,0.20425161541197234,Gold,Basic Materials,GORO
2020Q2,2020,Q2,2020-08-04,2020-06-30,-1812000.0,21098000.0,-4329000.0,-0.03,-1581000.0,-0.07493601289221727,188776000.0,164522000.0,50956000.0,17347000.0,24254000.0,27034000.0,10570000.0,287640400.89000005,279438400.89000005,2.3508012709890087,2.9374531619300166,0.027153875492647372,0.0311569273410243,-0.01821060560831125,2.3508012709890087,-0.011013724608259078,13.633538766233768,-39.68548577400662,1.7483400450395694,-0.38631346578366443,0.8389065621069765,0.0024335941607441136,0.11176208840106794,1.2598143771257277,-0.009598677798025172,-51.99573407266812,-0.07493601289221727,0.4000000000000001,-2.7275397270145696,-0.2981976829973191,0.34629539455607056,-4.003164556962025,0.4194168535725729,-0.15594125500667558,-2.7032919905704724,-0.1989588002046974,0.18353848740624532,Gold,Basic Materials,GORO
2020Q1,2020,Q1,2020-05-05,2020-03-31,-3121000.0,28005000.0,-3745000.0,-0.05,-316000.0,-0.011283699339403678,196073000.0,165092000.0,52709000.0,24494000.0,30981000.0,24805000.0,13090000.0,181561055.5,170727055.5,2.5005527685974487,2.151914754633788,0.03841426407511488,0.045623046543745306,-0.01243859403675829,2.5005527685974487,-0.01890461076248395,6.483165702553116,-14.543500120153796,1.0997568355825842,-0.21050945209868632,1.1417456158032655,0.0036186174297714413,0.1428294563759416,1.0827141340736506,-0.01591754091588337,-93.01283580942624,-0.011283699339403678,-19.971897126436787,-1.5068604538686252,-0.18999152373924202,0.4325723924480574,-1.0401677895004449,-18.936781609195403,-1.9404821697639376,-1.613549975898122,-0.010034936496259448,0.26653830615231566,Gold,Basic Materials,GORO
2019Q4,2019,Q4,2020-03-02,2019-12-31,174000.0,39348000.0,3982000.0,0.0026354770778472367,7867000.0,0.19993392294398699,193012000.0,158058000.0,50652000.0,27972000.0,34954000.0,24131000.0,16876000.0,365762999.08,364675999.08,2.3940128504044744,1.8108108108108107,0.0517532588647338,0.06319831960419593,0.0009189192684048887,2.3940128504044744,0.0011008617089929014,9.295593145267866,525.5215504022989,2.3141062083538957,3.1436781609195403,1.304587460113547,0.001495503922966138,0.20386297225043,0.8561418561418561,0.0009014983524340455,109.5754940323547,0.19993392294398699,-0.9472904584430553,-0.9574400938623764,0.09338658384773374,0.4399629825126097,-0.1557201116119339,-0.941571524513096,-0.27823092260286386,1.0414414549714002,0.8538695114345498,0.2698658126491762,Gold,Basic Materials,GORO
2019Q3,2019,Q3,2019-10-29,2019-09-30,2978000.0,40066000.0,5517000.0,0.05,9318000.0,0.23256626566165825,191835000.0,158191000.0,48813000.0,26319000.0,33644000.0,24065000.0,17359000.0,199762671.89999998,203363671.89999998,2.415278817663832,1.8546677305368744,0.06441994422289989,0.07812075276090295,0.01682212589740354,2.415278817663832,0.01882534404612146,4.985840161233964,16.76986835963734,1.262794165913358,0.10980523841504365,1.277706212341575,0.0016369424622218421,0.20885656944770245,0.796002887647707,0.015523757395678578,-187.57058394366194,0.23256626566165825,0.6666666666666669,2.693094285624555,0.5743528300512839,0.4999287312459736,0.4355261130796487,0.6562847608453838,0.7503172588832487,0.5911500885312346,0.5970084263533325,0.2105666157315785,Gold,Basic Materials,GORO
2019Q2,2019,Q2,2019-08-06,2019-06-30,1798000.0,29374000.0,3152000.0,0.03,6491000.0,0.22097773541226937,191727000.0,152533000.0,51102000.0,30410000.0,39194000.0,26531000.0,14710000.0,197752101.75,204045101.75,2.429703379878237,1.6804340677408747,0.0742305465583877,0.09330439970367069,0.009719845181226636,2.429703379878237,0.011787613172231582,6.732215624361681,27.49612093298109,1.2964545491795219,0.1746384872080089,0.8625004711469602,0.0015878465878302606,0.15320742514095562,0.6097007563301545,0.009377917559863764,-18.147389350279894,0.22097773541226937,1.9999999999999996,-0.8012654978135775,-0.24706712246688975,0.47876652414030746,0.193417907703622,1.038548752834467,0.5935288169868554,-0.7228565691872741,-0.03079006076480462,0.38549480889244686,Gold,Basic Materials,GORO
2019Q1,2019,Q1,2019-05-07,2019-03-31,882000.0,26578000.0,1978000.0,0.01,5439000.0,0.20464293776807888,181163000.0,139174000.0,41720000.0,31194000.0,41989000.0,20464000.0,13231000.0,232374269.39000002,239957269.39000002,2.2938702352857776,1.3374366865422838,0.08892544283324962,0.11575437940994726,0.005282303368107416,2.2938702352857776,0.006337390604566945,8.743105929340055,65.86572261621316,1.6696672466840072,0.3435374149659864,1.032984753713839,0.0013039309420763232,0.14670766105661753,0.5692440854010387,0.00486854379757456,-24.631574029043886,0.20464293776807888,-0.2928655827505827,-0.8899564652037638,-0.2415670742295058,0.5149662535954296,-0.3163650075414781,0.027972027972027972,-0.3209749399244765,-0.010184019894862801,0.36597381482235686,0.38678707760972486,Gold,Basic Materials,GORO
2018Q4,2018,Q4,2019-02-26,2018-12-31,858000.0,28131000.0,2913000.0,0.014141582924074879,7956000.0,0.28281966513810386,150331000.0,127262000.0,31061000.0,17562000.0,23069000.0,14342000.0,12656000.0,242688532.0,238312532.0,2.0975362774867334,1.768648217742854,0.022523631187180287,0.026606528264525153,0.007199904342120585,2.0975362774867334,0.006741996825446716,8.627085137392912,70.71344172494173,1.906999198503874,0.3368298368298368,1.4067075721656672,0.0011908267672079372,0.18712707292574385,0.7790115021068216,0.005707405658180948,-19.328490920675375,0.28281966513810386,2.414158292407488,1.1861213309885943,-0.08762622055554221,0.5028556107579494,1.4160340115396295,2.0985915492957745,20.29139072847682,1.3287991100751464,0.1638413053490615,0.28156887674465747,Gold,Basic Materials,GORO
2018Q3,2018,Q3,2018-10-30,2018-09-30,-781000.0,24258000.0,-151000.0,-0.01,3293000.0,0.13574903124742352,147790000.0,121969000.0,37281000.0,19647000.0,25821000.0,11985000.0,12089000.0,289367689.32,276414689.32,2.115939002861164,1.8975416094060162,0.024683672778943094,0.02990923923291984,-0.0012920115187771734,2.115939002861164,-0.006403266403758332,11.928752960672767,-92.62730131882202,2.3724691464224517,-0.3700384122919334,1.7492699207342512,0.0009987293352590125,0.16413830435076798,1.1949407034152797,-0.005284525340009473,-30.086056281971302,0.13574903124742352,-1.1666666666666665,0.6052253589919433,-0.23689708749440108,0.38618878818918806,-0.6541329692259217,-1.2080447522642515,-1.0249793217535152,-0.5651854955712037,0.17304150989170872,0.2210058581053048,Gold,Basic Materials,GORO
2018Q2,2018,Q2,2018-07-31,2018-06-30,3754000.0,30768000.0,6045000.0,0.06,9521000.0,0.3094448777951118,146149000.0,122295000.0,46239000.0,18523000.0,23854000.0,12542000.0,13157000.0,377708960.48,354407960.48,2.1337170528753564,2.496301894941424,0.022880758677787737,0.027343718058792266,0.03226969499626283,2.1337170528753564,0.030696267222699213,12.276032256890277,25.153766680873733,3.0885069747741114,0.0761854022376132,1.6940679317493224,0.0007571967570918772,0.21052487529849673,1.7355180046428764,0.02568611485538731,-166.24514105633804,0.3094448777951118,-0.3333333333333333,3.541307311291093,0.07268591146960993,0.33190807219349006,-0.26308049535603717,-0.31207623236210374,-0.35561240805884237,3.370189895387128,0.24970919966904792,0.221972047157905,Gold,Basic Materials,GORO
2018Q1,2018,Q1,2018-05-01,2018-03-31,5457000.0,32151000.0,9381000.0,0.09,12920000.0,0.40185375260489564,142372000.0,117700000.0,48658000.0,18874000.0,24672000.0,12920000.0,9691000.0,257611547.26999998,232574547.26999998,2.0605714519607528,2.5780438698739006,0.02514539375719945,0.030416312659303314,0.04580007175811299,2.0605714519607528,0.046363636363636364,8.012551624210754,11.80188506826095,2.1887132308411212,0.05222649807586586,1.4884674922600618,0.001106316867470597,0.22582389795746355,1.8348521775988131,0.03832916584721715,38.87889333987322,0.40185375260489564,1.906508010932816,-0.3187011829991238,-0.29920180316641565,0.21603768407221494,-0.1540073336825563,1.9622641509433962,-0.1875811899194596,0.024353401827720122,0.07485453400056619,0.1805060912197039,Gold,Basic Materials,GORO
2017Q4,2017,Q4,2018-03-08,2017-12-31,-5671000.0,33307000.0,11547000.0,-0.09928207904901809,15272000.0,0.4585222325637253,132923000.0,112106000.0,42489000.0,15008000.0,20817000.0,11636000.0,4520000.0,251328338.8,232751338.8,1.9626374103102138,2.8310900852878467,0.028685780489456303,0.03401245250031221,-0.047747415606875225,1.9626374103102138,-0.05058605248604,7.545811354970427,-11.07954235584553,2.241881244536421,-0.05025568682771998,1.5499312478514953,0.0011339747891573617,0.25057364037826413,1.9380330490405118,-0.04266379783784597,35.498352937853106,0.4585222325637253,-2.2410259881127264,-1.5703508481254518,0.08179613157060472,0.1511624062054485,0.36344969199178645,-2.2379393145601396,0.4815242494226328,-2.603290729026504,0.06976359848029859,0.18049709652295265,Gold,Basic Materials,GORO
2017Q3,2017,Q3,2017-10-31,2017-09-30,4581000.0,31122000.0,7794000.0,0.08,11201000.0,0.35990617569564937,135101000.0,117690000.0,36064000.0,12832000.0,17411000.0,9890000.0,10477000.0,213330431.25,199849431.25,2.0687976741714857,2.8104738154613464,0.017401795693592202,0.0199762086838304,0.03870826738743839,2.0687976741714857,0.03892429263318889,6.854650448235975,11.64213224459725,1.8126470494519498,0.06199519755511897,2.0142568250758344,0.0013312681099265343,0.23036098918586834,1.9031327930174564,0.03390796515199739,-2666.630390625,0.35990617569564937,3.0,-0.41678622389215286,-0.2076711612952343,0.19165366162085404,1.143321852277076,4.302083333333333,2.2273291925465837,3.998538971112306,0.40794774375367876,0.2847581189926836,Gold,Basic Materials,GORO
2017Q2,2017,Q2,2017-08-01,2017-06-30,864000.0,21391000.0,2415000.0,0.02,5226000.0,0.24430835398064607,130736000.0,112898000.0,33884000.0,15016000.0,17838000.0,9995000.0,6179000.0,231906477.84,215496477.84,1.9862482682256066,2.2565263718700055,0.0,0.0,0.010233563368786891,1.9862482682256066,0.007652925649701501,10.841310730681128,67.10256881944444,2.054123880316746,0.3287037037037037,1.6173086543271635,0.0012246315956553012,0.1636198139762575,1.4790889717634523,0.006608738220536042,888.5305664367817,0.24430835398064607,-0.75,-0.7768422355696188,-0.33648898935290333,0.12006044344633636,-0.49827188940092165,-0.8025594149908593,-0.689668465690054,-0.8945236327516014,-0.3944052578074786,0.20887079139301412,Gold,Basic Materials,GORO
2017Q1,2017,Q1,2017-05-02,2017-03-31,4376000.0,24336000.0,7782000.0,0.08,10416000.0,0.4280078895463511,124732000.0,112135000.0,32374000.0,9928000.0,12597000.0,8607000.0,5599000.0,256721314.51999998,240082314.51999998,1.9743206790120793,3.2608783239323125,0.0,0.0,0.04149874349249095,1.9743206790120793,0.03902439024390244,10.549034949046678,14.666437072669101,2.289395055245909,0.06489945155393052,1.6172882537469502,0.0011062579690003685,0.19510630792418945,2.280519742143433,0.035083218420293105,87.32017500680271,0.4280078895463511,2.2579568327796236,-0.7471969936310532,-0.44202886482090836,0.056706207415683905,7.5167620605069505,2.211517165005537,2.648030495552732,-0.4167711068975783,-0.258160680078457,0.3039225830951517,Gold,Basic Materials,GORO
2016Q4,2016,Q4,2017-02-28,2016-12-31,-3612000.0,18259000.0,-4722000.0,-0.06359518698525554,1223000.0,0.06698066706829509,118461000.0,107076000.0,29280000.0,8960000.0,11385000.0,8946000.0,2040000.0,247065866.85,232899866.85,1.8852486826227084,3.267857142857143,0.0,0.0,-0.029873867099521716,1.8852486826227084,-0.033733049422839854,13.531182805739634,-17.100350695598006,2.3073879006500055,-0.23588039867109634,1.9043147775542142,0.0034484731171597694,0.1541351161985801,2.1502232142857145,-0.030491047686580394,-117.87493647423663,0.06698066706829509,-3.1198395661751848,-1.0885784454253677,-0.5201211353957272,0.14461183429069557,-0.7719559947790415,-3.2659974905897116,-2.923421588594705,0.16300594426287604,-0.36739825748302646,0.3507544974375252,Gold,Basic Materials,GORO
2016Q3,2016,Q3,2016-11-02,2016-09-30,1594000.0,21367000.0,2455000.0,0.03,5363000.0,0.2509945242663921,122955000.0,111293000.0,35394000.0,9108000.0,11662000.0,9409000.0,6501000.0,413897854.44,396832854.44,1.9951639061219386,3.886034255599473,0.0,0.0,0.014767690054086206,1.9951639061219386,0.014322553979136154,19.370892237562597,64.91497089711417,3.7189926989118813,0.1725219573400251,1.7009246466149432,0.0006644151378172097,0.17377902484648855,2.6671058410188846,0.012964092554186492,115.58164044680257,0.2509945242663921,-0.7000000000000001,-0.900483671865816,-0.4626791323615855,0.9038186639276586,-0.5672557088679093,-0.7157631954350927,-0.7564725721654598,1.8326137522298156,-0.30540969247825744,0.3070669019883106,Gold,Basic Materials,GORO
2016Q2,2016,Q2,2016-08-02,2016-06-30,5608000.0,26198000.0,10081000.0,0.1,12393000.0,0.4730513779677838,107426000.0,95166000.0,34337000.0,9677000.0,12260000.0,10055000.0,5186000.0,194817474.54,181553474.54,1.7536719475842149,3.548310426785161,0.0,0.0,0.055943055550929446,1.7536719475842149,0.05892860895698043,7.436349131231391,8.684801825071327,2.0471331624739926,0.04850213980028531,1.3729487817006465,0.0013961786571879253,0.24387019902072124,2.344631600702697,0.052203377208497014,60.29634,0.4730513779677838,9.0,0.7447981512509954,0.2381756182677387,0.8163661052721048,2.5880138969310944,6.036386449184442,12.058290155440414,5.009676499747998,-0.03532758446053281,0.09467645666472498,Gold,Basic Materials,GORO
2016Q1,2016,Q1,2016-05-04,2016-03-31,797000.0,17403000.0,772000.0,0.01,3454000.0,0.19847152789748893,106350000.0,89762000.0,31615000.0,13769000.0,16588000.0,9318000.0,-151000.0,126441424.98,116836424.98,1.6540897101806769,2.296099934635776,0.006770098730606488,0.008021211648581805,0.004564537984190041,1.6540897101806769,0.008879035672110692,7.265495890363731,39.66167659347553,1.4086297651567479,0.34002509410288584,1.4969950633183087,0.00214328492456381,0.163638928067701,1.4945892947926502,0.0074941231781852375,-64.60982369954012,0.19847152789748893,1.2325051670951157,-0.6171316683047154,0.5067580613704705,0.6556299014020605,-0.29995946493717063,1.3414738646101114,-0.6097067745197169,-0.8952636762571576,-0.6007196532040112,-0.023845827572834467,Gold,Basic Materials,GORO
2015Q4,2015,Q4,2016-03-09,2015-12-31,-2334000.0,21619000.0,1978000.0,-0.04300979683565094,4934000.0,0.22822517230214162,106535000.0,88818000.0,32618000.0,14902000.0,17717000.0,8753000.0,-948000.0,90082731.96,78102731.96,1.6366941453936783,2.1888337135954905,0.007903505890083071,0.009480060348127631,-0.0320424635386608,1.6366941453936783,-0.026278457069512935,4.166831581479254,-9.6489644344473,1.0142395906235222,-0.6966580976863753,1.9062035873414829,0.018050074244218117,0.2029286150091519,1.4590658971950075,-0.021908293049232648,109.05899753026634,0.22822517230214162,-3.3009796835650937,0.7500892447842006,3.1039895326340248,0.6109276870315383,0.11101103355100203,-3.976545842217484,8.01418439716312,-1.247080584309737,-0.26090403352264585,-0.040015868068082654,Gold,Basic Materials,GORO
2015Q3,2015,Q3,2015-11-03,2015-09-30,-469000.0,19437000.0,-282000.0,-0.01,4441000.0,0.22848176158872255,114862000.0,93890000.0,36156000.0,18435000.0,20972000.0,9347000.0,4503000.0,137073803.57,124188803.57,1.7329474619757939,1.9612693246541903,0.010621441381832112,0.012993929065928214,-0.0010440820705441016,1.7329474619757939,-0.004995207157311748,7.052209886813809,-73.06705947228144,1.4599403937586535,-3.464818763326226,1.6043650369102387,0.011854927474673562,0.16922045585136947,1.1425006780580418,-0.004083160662360049,-28.187086894920828,0.22848176158872255,-2.0,0.6350735611375496,0.8611482191647167,0.28501581255480346,-0.3587003610108303,-1.5775862068965518,-1.1716372489348752,-1.0626942809417879,-0.48041715865477147,-0.0018003141428302623,Gold,Basic Materials,GORO
2015Q2,2015,Q2,2015-08-05,2015-06-30,812000.0,23273000.0,1643000.0,0.01,6925000.0,0.2975551067760925,112745000.0,94604000.0,40508000.0,15268000.0,18141000.0,8489000.0,6597000.0,149535058.44,130107058.44,1.7461259100304398,2.6531307309405294,0.01414696882345115,0.01685975223034967,0.012401913484188471,1.7461259100304398,0.008583146589996194,6.425259246336957,46.03911897783251,1.5806420282440488,2.002463054187192,1.925786311697491,0.010873704246769813,0.20642157080136592,1.7272727272727273,0.007202093219211495,93.98809455688246,0.2975551067760925,-0.888888888888889,1.1263854602655587,0.0,3.548371042736644,-0.5061684375668545,-0.8393033841282407,-0.8284968684759917,-0.7799744765089999,-0.24266471744333992,-0.015346373165629024,Gold,Basic Materials,GORO
2015Q1,2015,Q1,2015-05-08,2015-03-31,5053000.0,28372000.0,9580000.0,0.09,14023000.0,0.4942548991963908,116252000.0,94570000.0,47222000.0,18427000.0,21682000.0,8019000.0,7411000.0,172832187.10999998,153346187.10999998,1.7454983648849804,2.5626526292939706,0.01684272098544541,0.020704240245320926,0.054155905423537654,1.7454983648849804,0.05343132071481442,6.091646239602424,8.55096908321789,1.8275582860315112,0.321591133979814,1.7893752338196782,0.00940218385922386,0.24405601624058082,1.7910674553644108,0.04346591886591199,-42.47534704104202,0.4942548991963908,0.45339588971684053,1.6194128338220877,0.0,3.6218562278321733,0.2662994401300343,0.5061102831594635,0.33055555555555555,-0.6939842568486455,-0.3180664814512335,-0.06576526457149044,Gold,Basic Materials,GORO
2014Q4,2014,Q4,2015-03-20,2014-12-31,3355000.0,29532000.0,7200000.0,0.061923940088707934,11074000.0,0.374983069213057,111665000.0,90076000.0,47100000.0,17762000.0,21589000.0,7295000.0,3982000.0,183126267.22,157917267.22,1.6625516624233847,2.6517284089629545,0.020883893789459543,0.025889249078555887,0.041716541385793254,1.6625516624233847,0.037246325325280875,6.200943627929026,13.645772520119225,2.033019530396554,0.4846497764530551,2.5302261823166554,0.008879119444107894,0.2644696189495366,1.866794279923432,0.03004522455559038,45.97696892292242,0.374983069213057,3.0641313362902647,1.4229241231767507,0.0,3.0215959490393125,0.6173506645246093,3.3058419243986252,18.349397590361445,-0.913749347903591,-0.18635109538203282,0.009403335204618758,Gold,Basic Materials,GORO
2014Q3,2014,Q3,2014-11-06,2014-09-30,-1455000.0,21052000.0,-415000.0,-0.03,6847000.0,0.32524225726771805,110825000.0,87243000.0,51742000.0,19512000.0,23582000.0,9013000.0,2256000.0,277398369.28000003,255355369.28000003,1.6102623860384937,2.6518040180401803,0.024877058425445523,0.03160138922320416,-0.01881431007403832,1.6102623860384937,-0.0166775557924418,13.176817845335362,-47.66295004810996,3.179606034638882,-1.1168384879725086,1.5760568068345724,0.005858001271664866,0.18995713963455899,1.7596863468634687,-0.013128806677193775,-61.03374461606161,0.32524225726771805,-1.2142857142857142,0.8736627735629062,0.0,5.014337517112166,-0.6158550269299821,-1.1863473360655739,-1.029689512090428,-1.0935242742624929,-0.4549468601354887,0.5365392161286449,Gold,Basic Materials,GORO
2014Q2,2014,Q2,2014-08-07,2014-06-30,7808000.0,33669000.0,13978000.0,0.14,17824000.0,0.5293890522439039,111442000.0,89020000.0,55200000.0,17887000.0,22422000.0,6358000.0,5925000.0,274147607.14,247645607.14,1.6430608484938243,3.086040140884441,0.028041492435527,0.03510447090541451,0.08072072856720394,1.6430608484938243,0.08771062682543249,8.142433904778876,8.777779429431352,3.079618143563244,0.20824795081967212,2.492135891789871,0.0059311114073289884,0.30212128281976275,2.208028176888243,0.07006335133971034,22.556163167681422,0.5293890522439039,0.07692307692307698,1.5753173168488233,0.0,9.643531544617538,0.10119856666254788,0.09585964912280702,0.17610433319310054,1.4331927289595663,0.5938367835332082,0.7018006350703119,Gold,Basic Materials,GORO
2014Q1,2014,Q1,2014-04-01,2014-03-31,7125000.0,31152000.0,11885000.0,0.13,16186000.0,0.5195814072932717,99577000.0,81665000.0,46535000.0,13014000.0,17912000.0,6967000.0,0.0,257808941.5,241842941.5,1.5141394931021042,3.5757645612417397,0.03505829659459514,0.042747811179819996,0.07732366221979814,1.5141394931021042,0.08724667850364293,8.27583915960452,9.045927771929826,3.1569086083389455,0.22694736842105262,2.148126883881154,0.006272086571520251,0.3128433272743706,2.374980789918549,0.0715526677847294,31.58262176895749,0.5195814072932717,2.7109663860419717,1.7054465047982548,0.0,5.392891706063155,0.6681438730289602,2.738653001464129,17.687106918238992,2.4438115214120595,1.7137430182288529,0.5155493708982555,Gold,Basic Materials,GORO
2013Q4,2013,Q4,2014-04-01,2013-12-31,-4098000.0,27409000.0,636000.0,-0.07598045236922087,9703000.0,0.3540078076544201,91969000.0,75277000.0,45049000.0,11418000.0,16692000.0,7468000.0,-5766000.0,244325210.25,233208210.25,1.3957004668125523,3.945437029252058,0.041927171112005134,0.05122414548932609,-0.017077598896388654,1.3957004668125523,-0.05443893885250475,8.914050503484257,-14.905149478404102,3.2456820841691356,-1.181063933626159,2.370915907873594,0.019809662682977267,0.29802433428655306,2.4145209318619725,-0.04455849253552827,101.88707683486238,0.3540078076544201,-1.5326817456406956,0.7563972508245489,0.0,16.579307828409856,-0.14713896457765668,-1.2393442622950819,1.3375796178343948,0.5585114641255274,4.235126921016956,0.37372796934541264,Gold,Basic Materials,GORO
2013Q3,2013,Q3,2013-11-08,2013-09-30,-1830000.0,29405000.0,-1884000.0,-0.03,11377000.0,0.3869069886073797,101740000.0,81391000.0,50917000.0,14748000.0,20349000.0,8897000.0,-1668000.0,352716251.89500004,339301251.89500004,1.5264435990896064,3.452468131272037,0.04146844898761549,0.051836198105441635,-0.01508684109871649,1.5264435990896064,-0.022484058433979187,11.995111440061216,-48.18528031352459,4.333602632907816,-2.621857923497268,2.026301000337192,0.013603002340329686,0.28902103400825635,2.391442907512883,-0.01798702575191665,-43.57749590993329,0.3869069886073797,0.0,0.7720290918447082,0.0,4.455928485260984,0.020908111988514,-0.3328477785870357,-1.453125,-0.44684462912677825,1.8609563420126851,0.1318889953921799,Gold,Basic Materials,GORO
2013Q2,2013,Q2,2013-08-09,2013-06-30,-1373000.0,26660000.0,-768000.0,-0.03,11144000.0,0.4180045011252813,107419000.0,85343000.0,56863000.0,16090000.0,22076000.0,7116000.0,0.0,478389528.48,452476528.48,1.6020002411738408,3.534058421379739,0.04190133961403476,0.05274011928336243,-0.004249688718313398,1.6020002411738408,-0.016088021278839508,17.944093341335336,-87.10661479970867,5.605492289701558,-4.656955571740713,2.1804384485666106,0.013365677171730388,0.24818700602314303,2.7268489745183344,-0.012781723903592475,154.07070160386473,0.4180045011252813,-1.2307692307692308,0.7921031081884009,0.0,2.713963341819775,-0.5520720286185136,-1.1858670637606605,-1.0622013444561431,0.7826597126123291,0.0,3.1729473605286533,Gold,Basic Materials,GORO
2013Q1,2013,Q1,2013-05-08,2013-03-31,7387000.0,42311000.0,12347000.0,0.13,24879000.0,0.5880031197560918,108440000.0,89265000.0,58778000.0,16205000.0,19175000.0,6538000.0,0.0,684831797.0,655805797.0,1.6944963786487268,3.6271521135452023,0.0,0.0,0.08299558807691308,1.6944963786487268,0.0827535988349297,16.185667958686867,23.176925578719374,7.671896006273455,1.2836063354541762,2.666258794738452,0.013845735612068841,0.3901789007746219,2.9047824745448936,0.06812061969752858,270.5775570920585,0.5880031197560918,-0.25318233696837505,2.0163911962805448,0.0,2.049255803685365,0.44544503834534044,-0.19443838604143948,0.7580805923394561,1.931305952143739,0.0,3.486809497076071,Gold,Basic Materials,GORO
2012Q4,2012,Q4,2013-03-18,2012-12-31,9170000.0,28395000.0,7023000.0,0.17407194076299584,17212000.0,0.6061630568762106,105629000.0,89814000.0,58984000.0,13025000.0,15815000.0,7533000.0,-5851000.0,811789076.29,776009076.29,1.7049179157783763,4.52852207293666,0.0,0.0,0.11814921156164106,1.7049179157783763,0.10209989533925669,28.58915570663849,22.1316542063795,9.038558312623866,1.0355507088331515,1.4845347139253948,0.011697619834203941,0.2688182222685058,3.7126295585412667,0.08681328044381752,50.575607519157685,0.6061630568762106,0.3390149289461218,3.354787959762974,0.0,1.6742367551478852,-0.27598536154460945,0.25668082773742634,-0.482232379828959,2.1888652887946654,0.0,3.124076946604258,Gold,Basic Materials,GORO
2012Q3,2012,Q3,2012-11-14,2012-09-30,7297000.0,36490000.0,13564000.0,0.13,23773000.0,0.651493559879419,109390000.0,91749000.0,75797000.0,15102000.0,17641000.0,5086000.0,-15021000.0,1120390023.2,1084148023.2,1.7360729386402127,5.019004105416501,0.0,0.0,0.08248144259776023,1.7360729386402127,0.0795322019858527,30.704029136749796,38.38529612169385,12.211468497749292,1.23132794299027,2.500393236335037,0.008019528747977877,0.33357710942499313,3.4652363925307905,0.06670628028156139,865.1660410810811,0.651493559879419,1.1666666666666667,2.455319179888635,0.0,19.31852153536653,0.37926433047110697,1.024694783573807,0.8114316239316239,1.64955100941205,0.0,5.4842405174689315,Gold,Basic Materials,GORO
2012Q2,2012,Q2,2012-08-09,2012-06-30,3604000.0,30010000.0,7488000.0,0.06,17236000.0,0.5743418860379873,108371000.0,93827000.0,75876000.0,12139000.0,14544000.0,5287000.0,-19798000.0,1375124558.4399998,1330346558.4399998,1.773340251276154,6.250597248537771,0.0,0.0,0.035161669204283603,1.773340251276154,0.038411118334807676,45.82221121092969,95.38877347669256,14.655957863301607,2.6426193118756935,2.416114999054284,0.006925918049783383,0.2769191019737753,4.373094983112282,0.03325612940731376,142.78107760772502,0.5743418860379873,-0.7931034482758621,2.1218058405346745,0.0,9.118460551634545,-0.4884093674868659,-0.7764545341769011,-0.7046503372381967,1.2719259208892142,0.0,10.48746433895,Gold,Basic Materials,GORO
2012Q1,2012,Q1,2012-05-10,2012-03-31,16122000.0,40622000.0,25353000.0,0.29,33691000.0,0.829378169464822,125138000.0,98835000.0,93064000.0,23789000.0,26303000.0,7453000.0,-23400000.0,1285974301.04,1241970301.04,1.8683723679834758,3.912060195888856,0.0,0.0,0.17700694602130226,1.8683723679834758,0.16312035210198816,31.65708977992221,19.941296071207045,13.011324946021146,0.49218459248232227,0.9299610894941635,0.00617041879731404,0.3246176221451518,2.858590104670226,0.1288337675206572,-5495.616671111111,0.829378169464822,-0.5960740051080861,8.419565854686866,0.0,7.183728176534411,0.1225094955687346,-0.5755022512441086,0.6988072902707049,2.627499569906212,0.0,6.88850846935388,Gold,Basic Materials,GORO
2011Q4,2011,Q4,2012-02-29,2011-12-31,37979000.0,35438000.0,14924000.0,0.717953297552936,30014000.0,0.8469439584626672,119595000.0,87128000.0,89527000.0,30186000.0,32467000.0,4243000.0,-39522000.0,1124103410.0,1072143410.0,1.647063769693573,2.9658450937520704,0.0,0.0,0.4335458376115622,1.647063769693573,0.43589890735469655,31.72028359388227,7.399506371942389,12.901746969975209,0.20890492114063036,1.2783407966061748,0.007058069506256546,0.2963167356494837,2.3410190154376203,0.31756344328776287,70.53861759538152,0.8469439584626672,1.6590862872330963,22.888602626710718,2372.0666717504096,5.1717326713763025,-0.03717961056042088,1.4956630306216323,-0.3176976180679376,3.301847272685162,0.0,19.745311554268568,Gold,Basic Materials,GORO
2011Q3,2011,Q3,2011-11-09,2011-09-30,15218000.0,37781000.0,21873000.0,0.27,31173000.0,0.8250972711151108,79465000.0,55540000.0,69850000.0,21591000.0,23925000.0,4540000.0,-77502000.0,882403280.0999999,837389280.0999999,1.0479800119228955,3.235144273076745,0.0,0.0,0.2461381474791914,1.0479800119228955,0.27400072020165644,23.355741777613083,14.496045474109607,15.887707599927976,0.48758049678012877,1.4555066079295154,0.008408853601676453,0.47544201849871015,2.880737344263814,0.19150569433083747,75.72327126920105,0.8250972711151108,3.5000000000000004,7.705769319534626,1963.1682995824717,5.729976635909923,0.8125944877311315,3.848040777317617,2.252974419988102,2.9073424110109998,0.0,2.7457682697509393,Gold,Basic Materials,GORO
2011Q2,2011,Q2,2011-08-09,2011-06-30,3139000.0,20664000.0,6724000.0,0.06,17198000.0,0.8322686798296555,66904000.0,51169000.0,58994000.0,13078000.0,15735000.0,5574000.0,-92720000.0,1321247693.79,1279149693.79,0.965483743885158,4.510934393638171,0.0,0.0,0.09599173764775461,0.965483743885158,0.06134573667650335,63.93959029181185,105.2283923056706,25.82125298110184,2.026122969098439,0.6218155722999641,0.004813631864708377,0.30886045677388496,4.044808074629148,0.04691797201961019,125.57001461604257,0.8322686798296555,0.4999999999999999,2.845185227211615,12108.861317413037,222.8214835928982,0.9448151079950243,0.544023610427939,2.1230840687412913,1.4777625886810701,0.0,1.2383087965610862,Gold,Basic Materials,GORO
2011Q1,2011,Q1,2011-05-10,2011-03-31,2033000.0,11280000.0,2153000.0,0.04,8843000.0,0.7839539007092199,62730000.0,52949000.0,56329000.0,7177000.0,9781000.0,7750000.0,-95858000.0,1410814825.8600001,1372910825.8600001,0.9990697249306265,7.8485439598718125,0.0,0.0,0.04066176887193337,0.9990697249306265,0.0383954371187369,125.0722363351064,173.4892801106739,26.644786981057244,2.3462862764387604,0.3144516129032258,0.0033810248606455625,0.179818268770923,5.893409502577678,0.032408735852064406,-282.38887627301847,0.7839539007092199,1.2324221676012639,3.121491017286297,15836.194507354918,153.72178989307224,1.8157470406476315,1.2228912248064667,1.252315548895894,1.278040957087402,0.0,0.7978316126354992,Gold,Basic Materials,GORO
2010Q4,2010,Q4,2011-03-15,2010-12-31,-9121041.0,5144674.0,-8532966.0,-0.17210062367468634,3140552.0,0.6104472314475126,62797000.0,53846000.0,57687000.0,6456000.0,8951000.0,3063000.0,-97891000.0,1558150108.1999998,1510568108.1999998,1.0159947951541015,8.935408921933085,0.0,0.0,-0.1584698213423467,1.0159947951541015,-0.1693912454035583,302.8666360978363,-42.70757329673224,28.9371561155889,-0.5229543426019025,0.6543003591250408,0.00306125062976779,0.08192547414685415,7.553748451053284,-0.14524644489386435,-179.96437651527128,0.6104472314475126,-7.605031183734318,-3.9430085367597334,522.0288915905015,72.45191970142966,-0.5325933532764805,-6.713158228543885,-4.681508025919445,-1.328120630588156,0.0,0.5936313408963152,Gold,Basic Materials,GORO
2010Q3,2010,Q3,2010-11-10,2010-09-30,-1182530.0,9609326.0,-1501884.0,-0.02,6719100.0,0.6992269801232678,73609047.0,67228825.0,69298986.0,4243429.0,6380222.0,1897588.0,-88770680.0,930229773.72,875368030.72,1.3485806517278844,16.33089324694722,0.0,0.0,-0.02233988173971507,1.3485806517278844,-0.01758962766343157,96.80489284264058,-196.66092482220324,13.83676977427465,0.0,1.5231051208165314,0.0,0.13054544776269145,13.601950922237652,-0.016065008965541968,-182.46396809356168,0.6992269801232678,0.8333333333333333,0.21156714852599456,914.4812234595703,26.663586374340944,5.276623172809614,0.796534305768575,0.7419699998917634,0.7499764889375387,0.0,14.783418083674373,Gold,Basic Materials,GORO
2010Q2,2010,Q2,2010-08-09,2010-06-30,-5811938.0,0.0,-5820579.0,-0.12,1070496.0,0.0,22495547.0,18815496.0,20257847.0,1618228.0,3680051.0,2673488.0,-87895151.0,488823401.97824025,483432750.97824025,0.3839013777952114,12.51853694287826,0.0,0.0,-0.3093502823417464,0.3839013777952114,-0.30889103322070277,0.0,-21.0266954834274,25.979830772371894,0.0,1.432262647148594,0.0,0.0,3.5120996546840124,-0.258359487768846,-109.24365397572446,0.0,0.2,-14.74134918145995,-1.0,340.0156607615039,1.2009301571296593,0.2000627073844414,0.21802976806947397,-0.9529613359027032,0.0,1.1904938683614656,Gold,Basic Materials,GORO
2010Q1,2010,Q1,2010-05-07,2010-03-31,-7265492.0,0.0,-7443479.0,-0.15,-5327702.0,0.0,21278268.0,18223546.0,18962025.0,941055.0,3054722.0,1879653.0,-82083213.0,387998003.0752742,384308372.0752742,0.37766176160431664,20.149752139885553,0.0,0.0,-0.40845393097479493,0.37766176160431664,-0.39868706123385644,0.0,-13.350713312851843,21.2910266243065,0.0,2.834407201754792,0.0,0.0,3.9207389578717504,-0.3414512872946238,-46.98378906534767,0.0,-0.024460303811980385,-6.113137549835936,-1.0,0.0,-1.5310854441144222,-0.028345452551051097,-0.04917795015971343,-2.665574613416172,0.0,0.654210505680205,Gold,Basic Materials,GORO
2009Q4,2009,Q4,2010-03-15,2009-12-31,-7065225.0,0.0,-7094582.0,-0.1464185575974543,-2104908.0,0.0,22664758.0,19948332.0,20701405.0,724439.0,2716426.0,0.0,-74817721.0,419709378.32687396,412957053.32687396,0.41340594219082066,28.575773805662035,0.0,0.0,-0.355647880735091,0.41340594219082066,-0.3541762288696619,0.0,-14.851238931770535,21.03982319558718,0.0,0.0,0.0,0.0,9.320764067091915,-0.3117273522179235,-20.187337301939877,0.0,0.3027687733454556,-3.205378020664994,-1.0,28.887416957966142,0.7048665910643439,0.2659607924378811,0.26415086511707797,-3.4639360740460003,1.0,0.5490784309066981,Gold,Basic Materials,GORO
2009Q3,2009,Q3,2009-11-16,2009-09-30,-9625133.0,0.0,-9641354.0,-0.21,-7132056.0,0.0,12712964.0,12123217.0,11273694.0,589747.0,589747.0,0.0,-67752496.0,257313542.80757806,250083172.80757806,0.26773728302692174,19.116153197896725,0.0,0.0,-0.7952801636727281,0.26773728302692174,-0.7939421524831239,0.0,-6.683376292243912,21.22485663727524,0.0,0.0,0.0,0.0,12.260121713209223,-0.7571116381671497,-26.025536535540947,0.0,0.16000000000000003,-6.0652714625170105,-1.0,4.49212495756695,-0.20605933521827946,0.0653069052714991,0.06416354570860826,-3.96411253173616,-1.0,0.7193702540442698,Gold,Basic Materials,GORO
2009Q2,2009,Q2,2009-08-14,2009-06-30,-10297640.0,0.0,-10302392.0,-0.25,-5913520.0,0.0,7460091.0,6346104.0,6256592.0,1113987.0,1113987.0,0.0,-58127363.0,132856207.0634549,126733394.0634549,0.15437177421856044,5.616395882537229,0.0,0.0,-1.6234199754684133,0.15437177421856044,-1.6226711695868836,0.0,-3.22540424464865,20.935081912218095,0.0,0.0,0.0,0.0,5.496305612183984,-1.380363858832285,-17.815110861326723,0.0,-0.3157894736842105,-32.25181810865707,-1.0,136.1268654736376,-0.011904272998819977,-0.44198213520798496,-0.4418062561542436,-6.803852147239759,-1.0,36.4671699020363,Gold,Basic Materials,GORO
2009Q1,2009,Q1,2009-04-15,2009-03-31,-7141309.0,0.0,-7145476.0,-0.19,-5843952.0,0.0,9896626.0,9032244.0,8822435.0,864382.0,864382.0,0.0,-47829723.0,132680137.75268562,124099823.75268562,0.23684735526898756,10.206638962865956,0.0,0.0,-0.7911075032959695,0.23684735526898756,-0.7906461561490146,0.0,-4.6448115377966985,14.689609553582212,0.0,0.0,0.0,0.0,9.926530168374631,-0.7215902672284473,-16.701375703612772,0.0,0.39083644674264617,-7.846607399120672,-1.0,0.0,0.0,0.3996133680753914,0.3999781504149952,-9.356582899212368,-1.0,37.205433039853006,Gold,Basic Materials,GORO
2008Q4,2008,Q4,2008-12-31,2008-12-31,-11894517.0,0.0,-11908693.0,-0.31190309890344103,0.0,0.0,4781018.0,3027733.0,3737468.0,1753285.0,1753285.0,0.0,-40688414.0,103195662.6973807,99661084.6973807,0.07939450633869474,2.1316945048865414,0.0,0.0,-3.9332044800515766,0.07939450633869474,-3.928522429157393,0.0,-2.168975476208507,34.083475226309815,0.0,0.0,0.0,0.0,2.015974584850723,-2.4878628359064954,-13.99847647545066,0.0,-1.079353992689607,-7.958361960592323,-1.0,4.73987084593276,0.0,-1.3038254158191203,-1.2824847506193189,-7.958361960592323,-1.0,4.73987084593276,Gold,Basic Materials,GORO
2008Q3,2008,Q3,2008-11-19,2008-09-30,-5162942.0,0.0,-5217425.0,-0.15,0.0,0.0,10776209.0,9594742.0,5866783.0,1181467.0,1181467.0,0.0,-28793897.0,98104563.66652551,92289064.66652551,0.27977705411888093,4.9656765698914995,0.0,0.0,-0.5437796034536416,0.27977705411888093,-0.5381011808342527,0.0,-4.750419608942223,10.224825604119998,0.0,0.0,0.0,0.0,4.922269517472769,-0.47910559269962194,-15.45405211546452,0.0,-0.25,-4.003883371843278,-1.0,4.739098134219725,0.0,-0.2169531516093638,-0.20132325903480605,-4.003883371843278,-1.0,4.739098134219725,Gold,Basic Materials,GORO
2008Q2,2008,Q2,2008-08-14,2008-06-30,-4242515.0,0.0,-4343065.0,-0.12,0.0,0.0,15837419.0,14761522.0,12331073.0,1075897.0,1075897.0,0.0,-23630955.0,134940597.29850027,122801953.29850027,0.431345194804451,11.46120214109715,0.0,0.0,-0.29421525774916707,0.431345194804451,-0.28740362951733567,0.0,-7.951686517225058,9.141374263338175,0.0,0.0,0.0,0.0,11.282347659673743,-0.2678791916788967,-24.59597405358601,0.0,0.14285714285714296,-15.4563756829447,-1.0,382.1595173409515,0.0,0.10025260703138703,0.10995999900812131,-15.4563756829447,-1.0,382.1595173409515,Gold,Basic Materials,GORO
2008Q1,2008,Q1,2008-04-14,2008-03-31,-4715229.0,0.0,-4879629.0,-0.14,0.0,0.0,19342895.0,18992535.0,17735516.0,350360.0,350360.0,0.0,-19388440.0,124193905.85620216,106593973.85620216,0.5557081752868157,50.62083571183925,0.0,0.0,-0.25692352284726605,0.5557081752868157,-0.24826749035871198,0.0,-6.584722918876377,6.539090535107722,0.0,0.0,0.0,0.0,50.23385089622103,-0.2437705938020136,-27.863135006923983,0.0,-0.8938739518948225,-5.517674850806992,-1.0,0.0,0.0,-0.8663353208278448,-0.8692630712795006,-5.517674850806992,-1.0,0.0,Gold,Basic Materials,GORO
2007Q4,2007,Q4,2008-04-14,2007-12-31,-2526464.0,0.0,-2610456.0,-0.07392255427555244,0.0,0.0,22557576.0,21789124.0,22051156.0,768452.0,768452.0,0.0,-14673211.0,117587847.03431827,95580631.03431827,0.6375343964951579,28.69555417905087,0.0,0.0,,0.6375343964951579,-0.11595069173042477,0.0,-11.635614740039664,5.396630311265302,0.0,0.0,0.0,0.0,28.638374290131328,-0.11200068659859552,-55.41661342837995,0.0,0.17863828582719504,-1.1231754367946885,-1.0,45.09091062435912,0.0,0.057353567780098515,0.04023542111230887,-1.1231754367946885,-1.0,45.09091062435912,Gold,Basic Materials,GORO
2007Q3,2007,Q3,2007-11-14,2007-09-30,-2680182.0,0.0,-2719892.0,-0.09,0.0,0.0,2957646.0,2413723.0,2633090.0,543923.0,543923.0,0.0,-12146747.0,84088880.90207301,81671776.90207301,0.0854428771118211,4.840924174929172,0.0,0.0,,0.0854428771118211,-1.1103933632815364,0.0,-7.843579363460487,34.83783387823417,0.0,0.0,0.0,0.0,4.797476848745135,-0.9061875559143995,-41.11055258327846,0.0,-0.5,-2.15343484348173,-1.0,0.7526993346868797,0.0,-0.5643243861611051,-0.5392153311934372,-2.15343484348173,-1.0,0.7526993346868797,Gold,Basic Materials,GORO
2007Q2,2007,Q2,2007-08-14,2007-06-30,-1713316.0,0.0,-1767064.0,-0.06,0.0,0.0,4977822.0,4945199.0,4696543.0,32623.0,32623.0,0.0,-9466565.0,80064221.72411363,75601684.72411363,0.17525791025490406,143.96416638567882,0.0,0.0,-0.35732919949227526,0.17525791025490406,-0.3464604761102637,0.0,-11.6826408152544,16.190293196312957,0.0,0.0,0.0,0.0,142.7646445759127,-0.34418988867018546,-45.761705156130084,0.0,-0.4999999999999999,-7.060246197441457,-1.0,154.67980613275606,0.0,-0.4816202286445632,-0.4467019746316447,-7.060246197441457,-1.0,154.67980613275606,Gold,Basic Materials,GORO
2007Q1,2007,Q1,2007-05-15,2007-03-31,-1156380.0,0.0,-1221443.0,-0.04,0.0,0.0,6579251.0,6427169.0,6423107.0,152082.0,152082.0,0.0,-7753249.0,66167898.507018395,59955771.507018395,0.22830332675769313,42.23449849423337,0.0,0.0,-0.19004370353416877,0.22830332675769313,-0.17992058400829355,0.0,-14.304964308233105,10.29503013022038,0.0,0.0,0.0,0.0,42.099288541707764,-0.17576164824841004,-45.69192877372171,0.0,-0.2195000817638466,-0.9405245561777749,-1.0,0.0,1.0,-0.25231889849478717,-0.13046435886305982,-0.9405245561777749,-1.0,0.0,Gold,Basic Materials,GORO
