Year,Date,FillingDate,NetIncome,Revenue,OperatingIncome,EPSDiluted,GrossProfit,GrossProfitRatio,TotalAssets,CommonStockEquity,CurrentAssets,CurrentLiability,TotalLiability,Inventory,RetainedEarnings,EnterpriseValue,bookValuePerShare,currentRatio,debtToAssets,debtToEquity,roic,shareholdersEquityPerShare,roe,priceToSalesRatio,peRatio,pbRatio,payoutRatio,inventoryTurnover,dividendYield,assetTurnover,quickRatio,returnOnAssets,priceToFreeCashFlowsRatio,grossProfitMargin,epsdilutedGrowth,fiveYNetIncomeGrowthPerShare,fiveYRevenueGrowthPerShare,fiveYShareholdersEquityGrowthPerShare,grossProfitGrowth,netIncomeGrowth,operatingIncomeGrowth,threeYNetIncomeGrowthPerShare,threeYRevenueGrowthPerShare,threeYShareholdersEquityGrowthPerShare,Industry,Sector,Price,MarketCap,AvgVolume,Symbol
2022,2022-12-31,2022-12-31,50200000.0,1773300000.0,98400000.0,0.7,258000000.0,0.1454914566,1195400000.0,193000000.0,378200000.0,243800000.0,1002400000.0,4200000.0,-232300000.0,930914276.19,3.192222172179499,1.5512715340442986,0.6192906140204115,3.8357512953367876,0.06986776033296549,3.192222172179499,0.2601036269430052,0.19399665944284666,6.852874027689244,1.7824573895854925,0.099601593625498,360.7857142857143,0.014534280540260156,1.4834365066086665,1.3958162428219851,0.04199431152752217,3.625018716438356,0.14549145660632717,-0.09090909090909098,0.15622371516419653,0.30284693538258783,-0.6583357246427748,0.07142857142857142,-0.10357142857142858,12.0561797752809,1.173688013434668,0.08580638102012782,0.47996294542876544,Trucking,Industrials,7.28,330455216,288381,DSKE
2021,2021-12-31,2022-02-23,56000000.0,1556800000.0,-8900000.0,0.77,240800000.0,0.154676259,1087100000.0,176000000.0,349800000.0,211900000.0,911100000.0,3500000.0,-276800000.0,1079394338.2399998,2.7610244254025793,1.650778669183577,0.5398767362708122,3.3346590909090907,-0.006707182498883033,2.7610244254025793,0.3181818181818182,0.4110960548818088,11.428470325714285,3.636331467272727,0.08928571428571429,376.0,0.007812569113892666,1.4320669671603348,1.50920245398773,0.051513200257566,7.032904815824175,0.15467625899280577,37.5,1.6012354147902907,0.0,-0.9030580085755873,0.15436241610738255,8.03225806451613,0.6691449814126395,11.442305481769074,-0.06652865059344402,-0.6191695176179771,Trucking,Industrials,7.28,330455216,288381,DSKE
2020,2020-12-31,2021-02-26,6200000.0,1454100000.0,-26900000.0,0.02,208600000.0,0.1434564335,1126900000.0,145100000.0,365100000.0,190700000.0,981800000.0,3100000.0,-362100000.0,872744347.75,2.2400522421556683,1.9145254326166754,0.5968586387434555,4.635423845623707,-0.028483109608224887,2.2400522421556683,0.042729152308752585,0.2588160014785778,60.70070125,2.593689508959338,0.7903225806451613,401.7741935483871,0.013019990945247297,1.2903540686840003,1.7336130047194547,0.005501819149880203,3.759683793706294,0.1434564335327694,1.00418410041841,-0.3845529040495814,-0.30619126716209233,-0.7581463688305702,0.320253164556962,1.0201691607026675,-7.113636363636363,-0.8667139249999055,-0.0028502379779376677,-0.7602466918660922,Trucking,Industrials,7.28,330455216,288381,DSKE
2019,2019-12-31,2020-03-10,-307400000.0,1737000000.0,4400000.0,-4.78,158000000.0,0.0909614277,1140600000.0,138700000.0,327100000.0,219800000.0,1001900000.0,3500000.0,-363400000.0,800198864.08,2.156960876648617,1.4881710646041857,0.6073119410836402,4.994232155731795,0.00436031461216037,2.156960876648617,-2.2162941600576787,0.1169826505929764,-0.661024281327261,1.4650242543619323,-0.01626545217957059,451.14285714285717,0.024606436766454978,1.5228826933193056,1.372611464968153,-0.26950727687182185,2.2062851691639525,0.09096142774899252,-55.837098692033294,-31.738167486407683,-0.16512707293242132,-0.7671175651663162,-0.03267477668868658,-58.26354347406979,-0.8833942863200297,-2.2716634045751385,0.0,-0.9242672100677357,Trucking,Industrials,7.28,330455216,288381,DSKE
2018,2018-12-31,2019-03-08,-5187000.0,1613082000.0,37734000.0,-0.0841,163337000.0,0.1012577166,1390868000.0,446998000.0,308050000.0,193859000.0,943870000.0,4914000.0,-51005000.0,867100737.6,7.250009001729305,1.5890415198675325,0.493350195705128,1.5350963538986753,0.008182412741015098,7.250009001729305,-0.01160407876545309,0.14065604699575102,-43.74199683824947,0.5075855766692469,-0.9554655870445344,295.0234025234025,0.02184320918356071,1.159766419243235,1.4072857076535008,-0.003729325859822787,5.840298015392932,0.10125771659469264,-1.1501785714285713,-1.5409504875086,-0.19138058646336603,-0.21723209393014076,0.9906522692926437,-1.192139576233516,4.379044903777619,-1.5409504875086,-0.19138058646336603,-0.21723209393014076,Trucking,Industrials,7.28,330455216,288381,DSKE
2017,2017-12-31,2018-03-16,26996000.0,846304000.0,7015000.0,0.56,82052000.0,0.0969533406,1125668000.0,351233000.0,266711000.0,108068000.0,774435000.0,4653000.0,7338000.0,1063875525.2099999,9.343154676741925,2.4679923751711885,0.5484361285920893,1.7576850694553188,-0.007732269460606501,9.343154676741925,0.07686065944828646,0.6347571619772563,19.899152660023706,1.5294619959115459,0.2287005482293673,164.24930152589727,0.011492979230659105,0.7518238059534428,2.2331680053299774,0.02398220434444259,20.683718050592944,0.09695334064355125,1.4057971014492754,3.617489831176904,-0.3042080946487185,0.008760350594824759,0.0,3.8467784456395657,1.7021319187268542,3.617489831176904,-0.3042080946487185,0.008760350594824759,Trucking,Industrials,7.28,330455216,288381,DSKE
2016,2016-12-31,2017-02-24,-9483000.0,0.0,-9991000.0,-1.38,0.0,0.0,200418000.0,184843000.0,635000.0,8390000.0,15575000.0,0.0,-9753000.0,399166849.0,28.48120184899846,0.07568533969010727,0.0,0.0,-0.05115577366134905,28.48120184899846,-0.051302997679111464,0.0,-6.898644838131393,0.3539211601196691,0.0,0.0,0.0,0.0,0.07044100119189511,-0.04731610933149717,-46.29854847841472,0.0,-18.71428571428571,-10.395271971873088,-1.0,2.075054214191433,-1.0,-3.90622126877107,-1.3222071723426212,-10.395271971873088,-1.0,2.075054214191433,Trucking,Industrials,7.28,330455216,288381,DSKE
2015,2015-12-31,2016-02-19,3263000.0,678845000.0,31008000.0,-0.07,85554000.0,0.1260287695,201708000.0,194326000.0,2054000.0,197000.0,7382000.0,0.0,-270000.0,200252464.04000002,9.262016167896219,10.426395939086294,0.0,0.0,0.04854249843368696,9.262016167896219,0.01679137120097156,0.2979420398470933,61.98481889059149,1.0408101028169159,1.3751149249157217,0.0,0.022184705054037787,3.365483768616019,10.17258883248731,0.016176849703531837,2.5715034905216587,0.12602876945399907,0.0,0.0,0.0,0.0,0.0,0.0,0.0,0.0,0.0,0.0,Trucking,Industrials,7.28,330455216,288381,DSKE
TTM,,,,,,,,,,,,,,,,943155216.0,4.284101592662393,1.530620467365028,0.6461846718984805,4.002068252326784,0.04151072298461356,4.284101592662393,0.18023186327237958,0.18860522572912505,8.717395255172413,1.6993061071354707,0.19363395225464192,342.02272727272725,0.0,1.462765069293705,1.387187751813054,0.03147436967774253,3.4350854054054056,0.14108783745220022,,,,,,,,,,,Trucking,Industrials,7.28,330455216,288381,DSKE
