Quarters,Year,Quarter,FillingDate,Date,NetIncome,Revenue,OperatingIncome,EPSDiluted,GrossProfit,GrossProfitRatio,TotalAssets,CommonStockEquity,CurrentAssets,CurrentLiability,TotalLiability,Inventory,RetainedEarnings,MarketCap,EnterpriseValue,bookValuePerShare,currentRatio,debtToAssets,debtToEquity,roic,shareholdersEquityPerShare,roe,priceToSalesRatio,peRatio,pbRatio,payoutRatio,inventoryTurnover,dividendYield,assetTurnover,quickRatio,returnOnAssets,priceToFreeCashFlowsRatio,grossProfitMargin,epsdilutedGrowth,fiveYNetIncomeGrowthPerShare,fiveYRevenueGrowthPerShare,fiveYShareholdersEquityGrowthPerShare,grossProfitGrowth,netIncomeGrowth,operatingIncomeGrowth,threeYNetIncomeGrowthPerShare,threeYRevenueGrowthPerShare,threeYShareholdersEquityGrowthPerShare,Industry,Sector,Symbol
2023Q1,2023,Q1,2023-05-10,2023-03-31,28066000.0,200472000.0,52046000.0,0.3,160647000.0,0.8013438286,1743570000.0,255247000.0,605290000.0,482939000.0,1488323000.0,68608000.0,6800000.0,1515288249.9999998,2194693250.0,2.8888800860166373,1.2533466959595312,0.557827904815981,3.810473776381309,0.034911681818247886,2.8888800860166373,0.10995623846705348,7.558602947044973,13.497543736193258,5.9365565511054,0.0,0.5804716651119403,0.0,0.11497789019081539,1.0275024381961282,0.016096858743841657,803.0144409114996,0.8013438285645875,0.07142857142857129,3.7338109189615416,0.40398971414852397,2.5914408346618125,0.011000698556944978,0.03805895624514554,0.00876070860952824,2.997981745481812,0.6945546037300379,4.512381077342711,Gambling,Consumer Cyclical,EVRI
2022Q4,2022,Q4,2023-03-01,2022-12-31,27037000.0,205363000.0,51594000.0,0.28,158899000.0,0.7737469749,1918243000.0,217641000.0,773206000.0,691327000.0,1700602000.0,58350000.0,-21266000.0,1275413650.0,1960014650.0,2.448733671620968,1.1184374398801147,0.5098389515822552,4.49361563308384,0.03376741832595483,2.448733671620968,0.12422751227939588,6.210532812629344,11.793224562636388,5.860171796674339,0.0,0.7962982005141388,0.0,0.10705786493160668,0.9778787751671785,0.0140946689235931,14.111055607187113,0.7737469748688907,-0.06666666666666654,1.8228303425723258,-0.36837443920682383,2.179765417225535,-0.010110763633645232,-0.08065558162467272,-0.055366362737559044,6.533960510430627,0.19983543455825123,2.419328097030635,Gambling,Consumer Cyclical,EVRI
2022Q3,2022,Q3,2022-11-08,2022-09-30,29409000.0,204318000.0,54618000.0,0.3,160522000.0,0.7856478626,1669523000.0,218719000.0,547223000.0,447913000.0,1450804000.0,55890000.0,-48303000.0,1460027080.0,2186713080.0,2.4298331370675674,1.2217171638242248,0.590176355761496,4.504926412428733,0.03339309954800546,2.4298331370675674,0.1344601977880294,7.145856361162502,12.411396851304023,6.675355501808255,0.0,0.7836106638039005,0.0,0.12238106333365878,1.0098478945688114,0.017615211051300282,36.051831695392366,0.785647862645484,-0.09090909090909098,6.095898771177912,-0.38603945900867276,2.312950691176449,0.042431877808660416,-0.0956920143907014,0.0012649177803442776,1.534143473906564,0.21869605399212344,3.437795931212509,Gambling,Consumer Cyclical,EVRI
2022Q2,2022,Q2,2022-08-03,2022-06-30,32521000.0,197222000.0,54549000.0,0.33,153988000.0,0.7807851051,1624003000.0,202629000.0,494085000.0,418399000.0,1421374000.0,49163000.0,-77712000.0,1495790100.0,2243712100.0,2.2094537127903173,1.1808943138009411,0.6071589769230722,4.866174140917638,0.03513435065046904,2.2094537127903173,0.16049528942056665,7.584296376671974,11.498647796808216,7.381915224375582,0.0,0.8794011756808983,0.0,0.12144189388812705,0.9704301396513854,0.020025209313036984,45.94514375230372,0.7807851051099776,0.06451612903225812,2.2346208051579413,-0.4109506742932011,2.1830086898993497,0.07093776949397725,0.03169215151322886,0.037230704873457435,3.6201673947021815,0.18507248562030248,2.870330815035038,Gambling,Consumer Cyclical,EVRI
2022Q1,2022,Q1,2022-05-10,2022-03-31,31522000.0,175616000.0,52591000.0,0.31,143788000.0,0.8187636662,1616022000.0,211712000.0,516390000.0,407045000.0,1404310000.0,45699000.0,-110233000.0,1919568000.0,2636652000.0,2.316121127253632,1.26863123241902,0.6104397093603924,4.659556378476421,0.033383721733676104,2.316121127253632,0.148890946191052,10.93048469387755,15.224034007994417,9.06688331318017,0.0,0.6964703822840762,0.0,0.10867178788407583,1.0879263963443846,0.019505922567885834,-104.52316907160359,0.818763666180758,-0.6477272727272728,7.496893163205164,-0.4654548924829776,2.396442538499786,-0.00774273687116141,-0.6475271438315573,0.09896562532650716,3.1390174660032297,0.09172248829709165,2.700403575752666,Gambling,Consumer Cyclical,EVRI
2021Q4,2021,Q4,2022-03-01,2021-12-31,89431000.0,180388000.0,47855000.0,0.88,144910000.0,0.8033239462,1635650000.0,174500000.0,552638000.0,471794000.0,1461150000.0,29233000.0,-141755000.0,1947248100.0000002,2632427100.0,1.9132513211850097,1.171354447068,0.6035447681349922,5.65723782234957,0.1011471992544461,1.9132513211850097,0.5124985673352436,10.794776260061646,5.443437119119769,11.159014899713467,0.0,1.2136284336195395,0.0,0.11028520771558707,1.0515309647854785,0.05467612264237459,16.684500899665842,0.8033239461604985,11.571428571428571,1.2981820665944883,-0.39919214131232017,2.1727678772831105,0.028817686775386757,12.256892973613994,-0.13106240807655295,15.37637040974024,0.1617733919722142,2.2333219132366313,Gambling,Consumer Cyclical,EVRI
2021Q3,2021,Q3,2021-11-03,2021-09-30,6746000.0,168302000.0,55073000.0,0.07,140851000.0,0.836894392223503,1466043000.0,72768000.0,418255000.0,382836000.0,1393275000.0,31690000.0,-231126000.0,2184227760.0,2956551760.0,0.8055617057078334,1.092517422603935,0.6738376705185318,13.575678869832894,0.054221851980207625,0.8055617057078334,0.09270558487247142,12.978026167246973,80.94529202490365,30.016322559366753,0.0,0.8662354054906911,0.0,0.11480017980373018,0.9438689151490456,0.004601502138750364,39.05427978829924,0.836894392223503,-0.8055555555555556,1.597594364255698,-0.44612112757701805,-0.5074972915655708,-0.005521312123587017,-0.8137184514276247,0.012576072367574326,1.5176098686448036,0.07998555383049544,1.4962940332387171,Gambling,Consumer Cyclical,EVRI
2021Q2,2021,Q2,2021-08-04,2021-06-30,36214000.0,172582000.0,54389000.0,0.36,141633000.0,0.8206707536127754,1565515000.0,57500000.0,542454000.0,341929000.0,1508015000.0,31373000.0,-237872000.0,2212726680.0,3008652680.0,0.6480917923401186,1.5864521581965847,0.7258231316851004,19.76151304347826,0.044840657861503576,0.6480917923401186,0.6298086956521739,12.821306277595578,15.275354006737727,38.48220313043478,0.0,0.9864851942753323,0.0,0.11023976135648653,1.4218653580129208,0.023132323867864568,97.42115440496632,0.8206707536127754,0.7142857142857143,3.496870043523388,-0.3997059458221596,-0.628811520047059,0.20495652617787685,0.7636115710528879,0.3531621635069911,18.150409960803103,0.1342381217713051,1.3728976861608762,Gambling,Consumer Cyclical,EVRI
2021Q1,2021,Q1,2021-05-05,2021-03-31,20534000.0,139113000.0,40194000.0,0.21,117542000.0,0.8449390064192419,1539814000.0,17532000.0,510784000.0,356595000.0,1522282000.0,29729000.0,-274086000.0,1227344240.0,2027881240.0,0.20155430883840705,1.4323924900797824,0.7375371311080429,64.77697923796487,0.032787165560568425,0.20155430883840705,1.1712297513118868,8.822642312364769,14.942829453589168,70.00594569929272,0.0,0.7255878098826062,0.0,0.09034402856448896,1.2933159466621797,0.013335376870193413,13.40319795568466,0.8449390064192419,19.999999999999996,2.185340191377177,-0.4867653139104848,-0.8937658661135072,0.1993592098281703,17.123565754633717,1.343810134701732,2.5179989059668904,-0.010377238616760844,1.111033254388127,Gambling,Consumer Cyclical,EVRI
2020Q4,2020,Q4,2021-03-15,2020-12-31,1133000.0,119552000.0,17149000.0,0.01,98004000.0,0.8197604389721628,1477179000.0,-7898000.0,431639000.0,319490000.0,1485077000.0,27742000.0,-294620000.0,1190491050.0,2073687050.0,-0.09161881561394351,1.3510250712072365,0.768290098897967,-143.69485945809066,-0.014427463224645758,-0.09161881561394351,-0.14345403899721448,9.957935040819057,262.6855803177405,-150.73322993162824,0.0,0.7767284262129623,0.0,0.08093264255719855,1.2098938933925945,0.0007670025095130651,85.36433744442851,0.8197604389721628,2.0,1.0100229905161853,-0.5520009332503374,-1.04402530104971,0.015006990834239552,2.2904328018223237,-0.1311683047927855,1.0355507207960444,-0.620893661137191,0.955859344165859,Gambling,Consumer Cyclical,EVRI
2020Q3,2020,Q3,2020-11-02,2020-09-30,-878000.0,112098000.0,19738000.0,-0.01,96555000.0,0.8613445378151261,1458204000.0,-15410000.0,396577000.0,306696000.0,1473614000.0,33779000.0,-295753000.0,705837000.0,1604273000.0,-0.18011594744962364,1.2930621853561832,0.7775613014365617,-73.57839065541856,-0.018511862071749468,-0.18011594744962364,0.05697598961713173,6.296606540705454,-200.97864464692483,-45.80382868267359,0.0,0.4601379555345037,0.0,0.07687401762716328,1.1233599394840494,-0.0006021105414605912,49.19410370783385,0.8613445378151261,0.9875,0.8892462696497482,-0.5861101662567915,-1.0534223885552805,2.255613999595387,0.9871789255413911,1.3743433155688736,0.839935640876584,-0.6456019816624081,0.9026750627076874,Gambling,Consumer Cyclical,EVRI
2020Q2,2020,Q2,2020-08-04,2020-06-30,-68481000.0,38715000.0,-52727000.0,-0.8,29658000.0,0.7660596667958156,1484100000.0,-18762000.0,415276000.0,306964000.0,1502862000.0,33840000.0,-294875000.0,439229520.0,1350596520.0,-0.22041305420455345,1.3528491940422982,0.7875459874671518,-62.29597057882955,-0.04299910090411005,-0.22041305420455345,3.6499840102334504,11.345202634637737,-1.6034722039689842,-23.41059162136233,0.0,0.2676418439716312,0.0,0.02608651708105923,1.1792783518588499,-0.046143117040630684,5.179654477057513,0.7660596667958156,-4.0,-3.1575833535276208,-0.8548825249251417,-1.063941266504435,-0.6832087160863064,-4.090010405827263,-6.057260694417802,-1.8010100537221512,-0.8754193930208424,0.8819841497553069,Gambling,Consumer Cyclical,EVRI
2020Q1,2020,Q1,2020-06-02,2020-03-31,-13454000.0,113308000.0,10426000.0,-0.16,93620000.0,0.8262435132559043,1296204000.0,44349000.0,187122000.0,170640000.0,1251855000.0,39347000.0,-226394000.0,279259200.0,1277001200.0,0.5240711854792967,1.0965893108298173,0.808270148834597,23.623599179237413,0.0088398153617818,0.5240711854792967,-0.3033664795147579,2.4646026758922583,-5.189148208711163,6.2968544950280725,0.0,0.5003685160240933,0.0,0.08741525253740924,0.7078293483356775,-0.01037953902317845,-1.8211408411208858,0.8262435132559043,-2.1999999999999997,-23.245445701159547,-0.5764920979902086,-0.8529407745491605,-0.16221464558332663,-2.2466216216216215,-0.3472735240718713,-1.9952566486067662,-0.6274612020857433,1.315974535180327,Gambling,Consumer Cyclical,EVRI
2019Q4,2019,Q4,2020-03-02,2019-12-31,-4144000.0,145177000.0,15973000.0,-0.05,111747000.0,0.7697293648442936,1629223000.0,53988000.0,502532000.0,407190000.0,1575235000.0,26574000.0,-212940000.0,1012447410.0,1836479410.0,0.7161446933821481,1.2341462216655614,0.6837013717581939,20.63239979254649,0.02937262257528949,0.7161446933821481,-0.07675779802919168,6.973882984219263,-61.07911498552124,18.753193487441653,0.0,1.2579965379694438,0.0,0.08910812086497674,1.1003757459662566,-0.002543543762885744,-14.86204967485284,0.7697293648442936,-1.4166666666666665,0.3725385372353014,-0.16889339899392408,-0.7969717279604244,0.051330780592900624,-1.444873859366613,-0.414758362950207,0.9832837010843098,-0.41500422800800785,1.4389760417701711,Gambling,Consumer Cyclical,EVRI
2019Q3,2019,Q3,2019-11-05,2019-09-30,9315000.0,134569000.0,27293000.0,0.12,106291000.0,0.78986244974697,1567572000.0,-72015000.0,464340000.0,454066000.0,1639587000.0,26449000.0,-208796000.0,611243460.0000001,1480966460.0,-0.9967336092234017,1.022626666607938,0.7307026407718433,-15.90542248142748,0.029473388791772914,-0.9967336092234017,-0.12934805248906478,4.542230825821698,16.404816425120774,-8.487724224119976,0.0,1.0691519528148512,0.0,0.08584549864376245,0.8960459492672871,0.005942310783810887,3.5524605084213836,0.78986244974697,0.7142857142857141,0.4897987980765783,-0.16029663297670194,-1.2762496701698016,0.025321706248914784,0.6979584396646008,0.09702962337714538,2.0316699456549845,-0.4463079204078688,-1.6093810053927637,Gambling,Consumer Cyclical,EVRI
2019Q2,2019,Q2,2019-08-06,2019-06-30,5486000.0,129706000.0,24879000.0,0.07,103666000.0,0.7992382773348958,1596303000.0,-84437000.0,492528000.0,485878000.0,1680740000.0,28588000.0,-218111000.0,848431990.0,1877116990.0,-1.1813170670285547,1.0136865632936662,0.7219995201412264,-13.649584897615973,0.028599023233123987,-1.1813170670285547,-0.0649715172258607,6.541193082818065,38.6635066532993,-10.048106754148062,0.0,0.910871694417238,0.0,0.08125399751801507,0.9050317157805046,0.00343669090391987,814.2341554702496,0.7992382773348958,-0.12499999999999993,0.07183042852069078,-0.17408757559461868,-1.3322071850182395,0.045684255121700275,-0.06382252559726963,-0.03838126159554731,1.4695050327571129,-0.4399927912239987,-1.6765882420289555,Gambling,Consumer Cyclical,EVRI
2019Q1,2019,Q1,2019-05-07,2019-03-31,5860000.0,123775000.0,25872000.0,0.08,99137000.0,0.8009452635831146,1632004000.0,-95802000.0,518568000.0,515318000.0,1727806000.0,24797000.0,-223597000.0,726550220.0,1754056220.0,-1.3621008331674582,1.0063067853247898,0.7152942027102874,-12.185163148994802,0.02572760131752974,-1.3621008331674582,-0.061167825306361036,5.869927045041406,30.996169795221846,-7.583873196801736,0.0,0.9935879340242771,0.0,0.07584233862171906,0.9149263173419131,0.003590677473829721,-5.406603711806641,0.8009452635831146,0.3333333333333334,-0.2667369853753487,-0.22966861059281002,-1.394147093439816,0.052208707465664736,0.3942422079467047,0.5028753993610223,1.4183513035514261,-0.43525125263135556,-1.717928597565371,Gambling,Consumer Cyclical,EVRI
2018Q4,2018,Q4,2019-03-12,2018-12-31,4203000.0,119502000.0,17215000.0,0.06,94218000.0,0.7884219510970528,1548261000.0,-108895000.0,488940000.0,471636000.0,1657156000.0,24403000.0,-229457000.0,361509400.0,1227193400.0,-1.5512992193287367,1.0366893112485052,0.7513048510554745,-10.681996418568346,-0.021465990057911544,-1.5512992193287367,-0.03859681344414344,3.0251326337634517,21.50305733999524,-3.3197979705220626,0.0,1.0361021185919763,0.0,0.07718466072580786,0.9419934016911347,0.002714658575007702,2.037613996325063,0.7884219510970528,1.0,-0.308139048971835,-0.20113989708300967,-1.4677230588001915,-0.01577385926792579,1.0314161430642823,-0.199674569967457,1.0456611547554988,-0.4500597230273349,-1.7454409303533243,Gambling,Consumer Cyclical,EVRI
2018Q3,2018,Q3,2018-11-06,2018-09-30,2069000.0,120330000.0,21510000.0,0.03,95728000.0,0.795545582980138,1534241000.0,-113215000.0,464201000.0,452716000.0,1647456000.0,25897000.0,-233660000.0,611707500.0,1647392500.0,-1.6231541218637993,1.0253691055761227,0.7589466061720421,-10.28491807622665,0.031360652161229026,-1.6231541218637993,-0.018274963564898643,5.0835826477187736,73.913424359594,-5.403060548513889,0.0,0.9499942078233,0.0,0.07842966000778236,0.917979483826505,0.0013485495433898586,27.136345488421615,0.795545582980138,0.4999999999999999,-0.6638406301102544,-0.2262804939843869,-1.5056200324940598,0.007504078303425775,0.40271186440677964,-0.0481037305837058,1.3201331127653708,-0.45503693174881776,-1.4814274994032142,Gambling,Consumer Cyclical,EVRI
2018Q2,2018,Q2,2018-08-07,2018-06-30,1475000.0,118682000.0,22597000.0,0.02,95015000.0,0.8005847559023272,1439816000.0,-120274000.0,354351000.0,358169000.0,1560090000.0,23527000.0,-235741000.0,498261600.0,1553694600.0,-1.7379882375041544,0.9893402276578933,0.8095458030748374,-9.69118013868334,0.10318909897833191,-1.7379882375041544,-0.012263664632422636,4.198291232031816,84.4511186440678,-4.142720787535128,0.0,1.0059506099375186,0.0,0.082428588097368,0.8684754962043058,0.0010244364557693484,-32.9581690699828,0.8005847559023272,-0.6666666666666666,-0.7920302009687257,-0.23934467902783216,-1.562748933899588,0.0543515651874785,-0.6799739639835105,-0.07733453105222327,1.1101488047805192,-0.4528048953479284,-1.5041859679177323,Gambling,Consumer Cyclical,EVRI
2018Q1,2018,Q1,2018-05-09,2018-03-31,4609000.0,111001000.0,24491000.0,0.06,90117000.0,0.8118575508328754,1474749000.0,-124683000.0,387416000.0,389288000.0,1599432000.0,24709000.0,-237186000.0,451267020.0,1485272020.0,-1.8152607518271555,0.9951912208955838,0.791083770865415,-9.35692917238116,0.0258921184937649,-1.8152607518271555,-0.036965745129648786,4.065432023134926,24.477490778910827,-3.619314742186184,0.0,0.8451981059532964,0.0,0.07526772352447772,0.879048416596453,0.003125277589610164,70.36753781381569,0.8118575508328754,1.162162162162162,-0.27061062670510744,-0.2658685490566823,-1.5998050381446687,0.061186279012258454,1.1839993612519462,0.3509294500524022,8.389051483444918,-0.48884435702438284,-1.5093789690247261,Gambling,Consumer Cyclical,EVRI
2017Q4,2017,Q4,2018-03-16,2017-12-31,-25049000.0,247859000.0,18129000.0,-0.37,84921000.0,0.3426181821116038,1537074000.0,-140633000.0,448408000.0,460448000.0,1677707000.0,23967000.0,-246202000.0,510872700.0,1550129700.0,-2.0756106560401446,0.973851553269859,0.7597831984666971,-8.304188917252707,0.009052424638694403,-2.0756106560401446,0.17811608939580326,2.06114242371671,-5.098733482374546,-3.6326658750079996,0.0,6.7984311762006095,0.0,0.16125378478850075,0.8769090103551324,-0.016296547856511787,-1392.0237057220709,0.3426181821116038,-5.166666666666667,-6.605332522608427,0.7922946915854543,-1.6965068446002924,0.015024383247274814,-4.840289111681044,-0.08416266734023743,-3.220003537912392,0.5787694667234713,-1.5884392481253642,Gambling,Consumer Cyclical,EVRI
2017Q3,2017,Q3,2017-11-07,2017-09-30,-4289000.0,247322000.0,19795000.0,-0.06,83664000.0,0.33827965162824175,1425605000.0,-123804000.0,327213000.0,332319000.0,1549409000.0,23790000.0,-221152000.0,507748230.0,1538148230.0,-1.8506659491457016,0.9846352450506892,0.7988685505452071,-9.198983877742238,0.023409052040170752,-1.8506659491457016,0.03464346870860392,2.0529844898553304,-29.595956516670554,-4.101226373945915,0.0,6.87927700714586,0.0,0.17348564293755983,0.8452270258396299,-0.003008547248361222,-16.59687608276403,0.33827965162824175,0.7931034482758621,-1.5986461098937073,0.6312808514523373,-1.6405435841158327,0.0016761649346295675,0.7749383428661384,-0.07030809693781702,-1.7408632061007232,0.666789820503544,-1.5129212593165353,Gambling,Consumer Cyclical,EVRI
2017Q2,2017,Q2,2017-08-08,2017-06-30,-19057000.0,242230000.0,21292000.0,-0.29,83524000.0,0.3448127812409693,1337398000.0,-123919000.0,283143000.0,266713000.0,1461317000.0,21263000.0,-216864000.0,483028000.0,1474068000.0,-1.8676563677467972,1.0616017966878255,0.8521569495393293,-9.19691895512391,0.02321950816870547,-1.8676563677467972,0.1537859408161783,1.9940882632209058,-6.33662171380595,-3.8979333274154895,0.0,7.463951464986126,0.0,0.18112035459900494,0.905036499908141,-0.014249310975491215,29.95708260977425,0.3448127812409693,-4.8,-3.6667930107309554,0.6283670310590094,-1.6841004289837214,-0.009134695233349942,-4.4324401368301025,-0.058001150289784545,-5.010977279673709,0.661602937106084,-1.5252178960481877,Gambling,Consumer Cyclical,EVRI
2017Q1,2017,Q1,2017-05-09,2017-03-31,-3508000.0,237537000.0,22603000.0,-0.05,84294000.0,0.3548668207479256,1320474000.0,-109616000.0,262119000.0,257983000.0,1430090000.0,22386000.0,-197806000.0,316571100.0,1309705100.0,-1.658586775609018,1.0160320641282565,0.8489337919565247,-10.226563640344475,0.031947522120525665,-1.658586775609018,0.032002627353670994,1.3327233231033482,-22.560654218928164,-2.8880008392935337,0.0,6.845483784508175,0.0,0.17988767669791303,0.8457068876631406,-0.0026566217888424914,22.33463383660223,0.3548668207479256,0.9848024316109423,-1.4850247400961074,0.5496706583439153,-1.6378291042351616,0.07063112036884153,0.9838547108069423,1.161483450143244,-1.4671445794882578,0.5732780815512231,-1.4799403545652485,Gambling,Consumer Cyclical,EVRI
2016Q4,2016,Q4,2017-03-14,2016-12-31,-217277000.0,217510000.0,-139971000.0,-3.29,78733000.0,0.3619741621074893,1408163000.0,-107793000.0,341639000.0,343514000.0,1515956000.0,19068000.0,-194299000.0,143380580.0,1146209580.0,-1.6313981293701,0.9945417071793289,0.7966975414067832,-10.407725919122763,-0.1821428943665763,-1.6313981293701,2.0156874750679545,0.6591907498505816,-0.1649744105450646,-1.3301474121696215,0.0,7.278005034612964,0.0,0.15446365229025333,0.8864937091355811,-0.15429818849096305,4.45461148911051,0.3619741621074893,-26.416666666666668,-48.1983064236123,0.5567481996475976,-1.6647117176393558,-0.009635341325048114,-25.323842985219287,-13.095661942620117,-38.997493730837974,0.5447441275224709,-1.4918732077490957,Gambling,Consumer Cyclical,EVRI
2016Q3,2016,Q3,2016-11-09,2016-09-30,-8254000.0,222177000.0,11572000.0,-0.12,79499000.0,0.35781831602731157,1456213000.0,108033000.0,218608000.0,226753000.0,1348180000.0,20777000.0,22978000.0,163141030.0,1195418030.0,1.6356492906781328,0.9640798578188602,0.7710170146812314,10.39279664546944,0.005860028505485424,1.6356492906781328,-0.07640258069293641,0.7342840618065777,-4.941271807608432,1.5101036720261403,0.0,6.867112672666892,0.0,0.15257177349742104,0.7897095077022134,-0.00566812684682804,18.371737612612613,0.35781831602731157,0.25000000000000006,-5.395064138811303,0.5902020015690833,-0.31067764522299873,0.02534372017437511,0.23545757688032604,0.9095709570957096,-2.4162083809574226,0.5086437320822741,-0.49048766450351955,Gambling,Consumer Cyclical,EVRI
2016Q2,2016,Q2,2016-08-09,2016-06-30,-10796000.0,214000000.0,6060000.0,-0.16,77534000.0,0.3623084112149533,1470360000.0,115307000.0,208928000.0,227120000.0,1355053000.0,25993000.0,31232000.0,75947150.0,1114388150.0,1.7459911267243076,0.919901373723142,0.7641291928507304,9.743944426617638,0.0028267845306900337,1.7459911267243076,-0.09362831397920335,0.35489322429906545,-1.758687245276028,0.6586516863676967,0.0,5.250105797714769,0.0,0.14554258820969015,0.7209360690383938,-0.007342419543513153,7.740231349368121,0.3623084112149533,0.20000000000000004,-11.364005397794076,0.5348596679053964,-0.254584667231106,0.038272001714071455,0.17907383468937724,0.6010568031704095,-2.5950797764767324,0.43723606217699146,-0.43465978424960666,Gambling,Consumer Cyclical,EVRI
2016Q1,2016,Q1,2016-05-10,2016-03-31,-13151000.0,205769000.0,3785000.0,-0.2,74676000.0,0.3629118088730567,1515916000.0,125284000.0,227001000.0,238801000.0,1390632000.0,29100000.0,42029000.0,151217860.0,1190813860.0,1.8972650452797044,0.9505864715809398,0.7513147166465688,9.09078573481051,0.0018566277177907288,1.8972650452797044,-0.10496950927492736,0.734891358756664,-2.8746456543228653,1.2070005746942947,0.0,4.504914089347079,0.0,0.13573905150417306,0.7444943697890712,-0.00867528279931078,1661.7347252747252,0.3629118088730567,0.8474789236632406,-8.311342898990873,0.4828688771393384,-0.17106369224018328,-0.043608560341184155,0.848123339877584,1.0549171527233685,-3.1647717979545047,0.41555746989028736,-0.37309880593788325,Gambling,Consumer Cyclical,EVRI
2015Q4,2015,Q4,2016-03-15,2015-12-31,-86590000.0,204416000.0,-68922000.0,-1.311294181785141,78081000.0,0.3819710785848466,1574065000.0,137420000.0,253783000.0,251331000.0,1436645000.0,28738000.0,55180000.0,289889260.0,1351438260.0,2.0810491564951388,1.009756058743251,0.7392191554986611,8.467319167515646,-0.04885051888188801,2.0810491564951388,-0.6301120652015718,1.4181339034126488,-0.8369594063979674,2.1095128802212195,0.0,4.396095761709235,0.0,0.12986503098664923,0.8127648399918832,-0.05501043476603571,-46.53118138041734,0.3819710785848466,-13.569935353168232,-322.78334175105533,0.4365810485245135,-0.07242047103962208,-0.010743833065159827,-13.171849427168576,-5.683473770046208,-20.881652203347024,0.5166778886838399,-0.3016681730600562,Gambling,Consumer Cyclical,EVRI
2015Q3,2015,Q3,2015-11-09,2015-09-30,-6110000.0,208746000.0,14716000.0,-0.09,78929000.0,0.37811023923811715,1650846000.0,222323000.0,244322000.0,223181000.0,1428523000.0,25481000.0,141770000.0,338277330.0,1392346330.0,3.3715442592620675,1.094725805512118,0.7060270915639617,5.242561498360494,0.006435520783255278,3.3715442592620675,-0.027482536669620326,1.6205212554971113,-13.841134615384615,1.5215579584658359,0.0,5.094658765354578,0.0,0.12644789398890025,0.8512731818568785,-0.0037011326313902086,-7.608576923076923,0.37811023923811715,0.5263157894736842,-2.2316302431536292,0.3606453679623825,0.5491352886648889,-0.0026913648884283946,0.5204458048818774,-0.09916748285994123,-1.865179941288039,0.39680333744427054,0.16694265911673697,Gambling,Consumer Cyclical,EVRI
2015Q2,2015,Q2,2015-08-06,2015-06-30,-12741000.0,206364000.0,16336000.0,-0.19,79142000.0,0.3835068132038534,1707119000.0,226972000.0,296073000.0,267906000.0,1480147000.0,23453000.0,147879000.0,509632560.0,1512121560.0,3.447117429074783,1.1051376228975835,0.6839042855243249,5.143832719454382,0.006910411811114238,3.447117429074783,-0.05613467740514248,2.4695807408268884,-9.99985401459854,2.245354316832032,0.0,5.424551230119814,0.0,0.12088436717065418,0.9030742125969556,-0.007463451581289881,21.657921890272405,0.3835068132038534,-27.93705756929638,-3.1651006079879553,0.31300621646942567,0.5942930217535012,-0.016258545680546924,-28.16631130063966,-0.4194946874666856,-2.7966480522670647,0.3979222902654152,0.26263832721663966,Gambling,Consumer Cyclical,EVRI
2015Q1,2015,Q1,2015-05-08,2015-03-31,469000.0,207473000.0,28141000.0,0.007053480117908921,80450000.0,0.38776129906060064,1725264000.0,233859000.0,285941000.0,265192000.0,1491405000.0,23050000.0,160621000.0,500047260.0,1526765260.0,3.5636743215031315,1.0782414250806962,0.6791604067551401,5.010416533039139,0.003777048711667229,3.5636743215031315,0.0020054819356962955,2.410179927026649,266.5497121535181,2.138242530755712,0.0,5.510759219088937,0.0,0.12025579853286222,0.8839331503212766,0.00027184245425627615,6.950410174438807,0.38776129906060064,1.0805132241742106,-0.929798056195642,0.36163448017125394,0.5569636915086511,0.8637785242673462,1.081579405113933,73.84308510638297,-0.9346934380624297,0.36316805774521277,0.3704529866612248,Gambling,Consumer Cyclical,EVRI
2014Q4,2014,Q4,2015-03-16,2014-12-31,-5749000.0,152055000.0,376000.0,-0.08760647943556375,43165000.0,0.2838775443096248,1707285000.0,231473000.0,246375000.0,233825000.0,1475812000.0,27163000.0,160152000.0,469204450.0,1568896450.0,3.52731511817503,1.0536726184112049,0.6963026091132998,5.135748013807226,0.00020347483261895784,3.52731511817503,-0.024836590012658064,3.085754825556542,-20.40374195512263,2.027037494653804,0.0,4.008761918786584,0.0,0.08906245881619061,0.81528065861221,-0.0033673346863587507,-39.44551912568306,0.2838775443096248,-1.9734053270618193,-1.8241310649176057,0.06337712328706559,0.6550358322685208,0.16937122422994608,-2.012861169837914,-0.9650914492619069,-2.257417459576027,0.09575728763022125,0.4372014094209387,Gambling,Consumer Cyclical,EVRI
2014Q3,2014,Q3,2014-11-04,2014-09-30,5676000.0,145481000.0,10771000.0,0.09,36913000.0,0.2537307277238952,518110000.0,236651000.0,190770000.0,185716000.0,281459000.0,10905000.0,165901000.0,442725750.0,431969750.0,3.60808977115065,1.0272135949514312,0.18479280461678022,0.4045746690273863,0.0209603297991175,3.60808977115065,0.023984686310220535,3.043186051786831,19.499900898520085,1.8707960245255673,0.0,9.955800091701054,0.0,0.2807917237652236,0.8135755669947662,0.010955202563162262,-8.93835678665886,0.2537307277238952,0.28571428571428553,-0.23024633684094886,-0.025646844305772545,0.6830974670811062,0.037727362177054344,0.20152413209144793,0.11941384327582623,2.0435355345242803,0.04856344251853604,0.5205808185599629,Gambling,Consumer Cyclical,EVRI
2014Q2,2014,Q2,2014-08-05,2014-06-30,4724000.0,144946000.0,9622000.0,0.07,35571000.0,0.24540863493990867,573405000.0,234587000.0,242244000.0,242818000.0,338818000.0,11744000.0,160225000.0,587133000.0,617135000.0,3.555964832499621,0.9976360895814973,0.33484186569702046,0.818459675941122,0.014133635333862965,3.555964832499621,0.020137518276801356,4.050701640610987,31.07181414055885,2.502836900595515,0.0,9.313266348773842,0.0,0.25278119304854335,0.839278801406815,0.008238505070587107,-37.550076745970834,0.24540863493990867,-0.3636363636363636,-0.3984370522142014,-0.022752050864867694,0.8533985408789951,-0.047196849971874746,-0.36920817198557887,-0.260585568277876,3.539853100179332,0.04070656051140641,0.5181467238640388,Gambling,Consumer Cyclical,EVRI
2014Q1,2014,Q1,2014-05-06,2014-03-31,7489000.0,150571000.0,13013000.0,0.11,37333000.0,0.24794283095682434,598645000.0,227773000.0,279668000.0,270872000.0,370872000.0,11247000.0,155501000.0,452142600.0,457576600.0,3.455818540433925,1.032472902330252,0.33408781498216805,0.8780671984826999,0.01986726471264808,3.455818540433925,0.032879226247184694,3.0028531390506803,15.09355721725197,1.98505793048342,0.0,10.068284875966924,0.0,0.25151968194840013,0.8874265335656694,0.012509918232007283,5.4102163404010915,0.24794283095682434,0.271055399719495,-0.03492028529740757,-0.02712683455639004,0.5574907747924289,0.07926917406261745,0.3129382889200561,0.16229010360843157,3.1713679423337777,0.08712737451975006,0.5098857528221077,Gambling,Consumer Cyclical,EVRI
2013Q4,2013,Q4,2014-03-11,2013-12-31,5704000.0,140457000.0,11196000.0,0.08654225458959187,34591000.0,0.2462746605722748,527327000.0,218604000.0,205954000.0,205723000.0,308723000.0,9413000.0,148012000.0,658440900.0,750186900.0,3.31670459717797,1.001122869100684,0.3906494452208971,0.9423432325117564,0.0165606289981461,3.31670459717797,0.026092843680810964,4.687846814327517,28.858735098176716,3.012025854970632,0.0,11.246786359290343,0.0,0.2663565491620949,0.8238310738225673,0.010816817648252413,-25.08346285714286,0.2462746605722748,-0.03841939344897914,-0.04729636410251217,-0.06457378459568396,0.5950397274609652,-0.01154450635805115,-0.01349014181943964,-0.019614711033274956,22.368919944067876,-0.0110486468976344,0.4783443621929878,Gambling,Consumer Cyclical,EVRI
2013Q3,2013,Q3,2013-11-05,2013-09-30,5782000.0,146101000.0,11420000.0,0.09,34995000.0,0.23952608127254432,535682000.0,210350000.0,210015000.0,218832000.0,325332000.0,8974000.0,142308000.0,511750250.0,581760250.0,3.2102251049217854,0.959708817723185,0.3976239634708652,1.0125980508676016,0.017018142577347403,3.2102251049217854,0.027487520798668886,3.5027155871623057,22.126870027672084,2.4328512003803184,0.0,12.380878092266547,0.0,0.2727383036951027,0.8286585142940703,0.010793717168021326,6.091249672673602,0.23952608127254432,-0.10000000000000009,-0.2090976441181399,-0.07559662166085358,0.5885485644577362,-0.0628514809062182,-0.14669421487603307,-0.1623267072544561,0.1729127873069867,-0.041640453986982885,0.4750134099324396,Gambling,Consumer Cyclical,EVRI
2013Q2,2013,Q2,2013-08-06,2013-06-30,6776000.0,149066000.0,13633000.0,0.1,37342000.0,0.25050648705942336,558619000.0,204192000.0,229757000.0,242427000.0,354427000.0,7567000.0,136526000.0,419175440.0,577727440.0,3.08839010224454,0.9477368444933939,0.4009888671885489,1.097006738755681,0.019792460417310868,3.08839010224454,0.033184453847359345,2.8120123971931896,15.465445690672961,2.0528494750039177,0.0,14.764635919122506,0.0,0.266847350340751,0.8366766078035862,0.012129913232453604,59.188850607173116,0.25050648705942336,0.11111111111111122,-0.09603007131454107,0.03672086663406753,0.6388710383304556,0.04532094169022759,0.10430247718383312,0.056739787613363304,0.14672055899609784,-0.05545842614818631,0.42838150709087247,Gambling,Consumer Cyclical,EVRI
2013Q1,2013,Q1,2013-05-07,2013-03-31,6136000.0,146822000.0,12901000.0,0.09,35723000.0,0.2433082235632262,555953000.0,201853000.0,226083000.0,236600000.0,354100000.0,7029000.0,129750000.0,470213850.0,634511850.0,3.026417979819182,0.9555494505494505,0.42269760213543234,1.1642135613540547,0.01860816864854756,3.026417979819182,0.03039835920199353,3.2026116658266472,19.157995844198176,2.329486557048942,0.0,15.805804524114384,0.0,0.26409066953501464,0.8483136094674556,0.011036904198736224,-6.311764745362292,0.2433082235632262,0.36456694703341674,3.058304233751294,0.1809712228216366,0.7452752547705789,0.06195190106721365,0.3948624687428961,0.33261026753434564,-0.0963267511843262,-0.05193116666589146,0.3222372430261618,Gambling,Consumer Cyclical,EVRI
2012Q4,2012,Q4,2013-03-12,2012-12-31,4399000.0,136132000.0,9681000.0,0.0659549904793319,33639000.0,0.24710575030117826,553895000.0,198759000.0,219655000.0,233636000.0,355136000.0,7126000.0,123614000.0,522904480.0,612884480.0,2.9800290867655215,0.9401590508312075,0.43871130809991066,1.222586147042398,0.015314155106991485,2.9800290867655215,0.022132331114565883,3.8411576998795285,29.71723573539441,2.6308468044214353,0.0,14.38296379455515,0.0,0.24577221314509068,0.8306724991011659,0.007941938454039123,4.763724218351432,0.24710575030117826,-0.34045009520668107,1.6539557251058712,0.09073621661817309,0.6587153570020069,-0.12514629008348288,-0.3786723163841808,-0.33886498668305676,-0.3795486716214648,-0.06330842704623654,0.39824618854896415,Gambling,Consumer Cyclical,EVRI
2012Q3,2012,Q3,2012-11-07,2012-09-30,7080000.0,149824000.0,14643000.0,0.1,38451000.0,0.25664112558735586,529355000.0,191000000.0,195035000.0,179917000.0,338355000.0,7266000.0,119216000.0,530186160.0,768184160.0,2.889211593150602,1.0840276349650118,0.5382739371499278,1.4918219895287959,0.019700426535417415,2.889211593150602,0.03706806282722513,3.5387265057667663,18.721262711864405,2.7758437696335077,0.0,15.327965868428295,0.0,0.2830312361269847,0.950466048233352,0.013374767405616269,39.86961648368176,0.25664112558735586,-0.09090909090909087,0.6394384377491417,0.1794664998432463,0.5640434847583667,-0.016271394581318595,-0.000564652738565782,-0.08269122345423792,-0.047380151026041845,-0.004437574289705771,0.34775602125396954,Gambling,Consumer Cyclical,EVRI
2012Q2,2012,Q2,2012-08-07,2012-06-30,7084000.0,147465000.0,15963000.0,0.11,39087000.0,0.26505950564540737,484607000.0,179569000.0,143242000.0,188430000.0,305038000.0,7924000.0,112137000.0,474230540.0,684877540.0,2.7300909173837686,0.7601868067717454,0.5171365663310683,1.3956083733829336,0.022090162886439762,2.7300909173837686,0.03945001642822536,3.215885396534771,16.735973320158102,2.640937689690314,0.0,13.677183240787482,0.0,0.30429812198338035,0.6313325903518548,0.014618030692911989,110.62060648472125,0.26505950564540737,0.0,0.02764526818014781,0.20957962898302296,0.4615405292285186,0.049315436241610736,-0.006172839506172839,0.017010703363914373,-0.09522212404440515,-0.002805859126369781,0.42294616541222874,Gambling,Consumer Cyclical,EVRI
2012Q1,2012,Q1,2012-05-08,2012-03-31,7128000.0,151065000.0,15696000.0,0.11,37250000.0,0.24658259689537615,495582000.0,169372000.0,148245000.0,201534000.0,326210000.0,7930000.0,105054000.0,508045200.0,734155200.0,2.6003623299659164,0.7355830777933252,0.5381067108974902,1.5744987365089862,0.022882346623363727,2.6003623299659164,0.042084878256146235,3.363090060569953,17.81864478114478,2.999581985215974,0.0,14.352459016393443,0.0,0.30482341973679433,0.6236416684033463,0.014383088974175817,30.826114920211154,0.24658259689537615,0.5788320846187747,0.13264804436268296,0.2749078008354797,0.504639016802658,0.033946762150609266,0.5707360070515646,0.1023246014467308,-0.07049739894080823,-0.012306247730409468,0.17194820638097602,Gambling,Consumer Cyclical,EVRI
2011Q4,2011,Q4,2012-03-12,2011-12-31,4538000.0,137733000.0,14239000.0,0.06967175361562318,36027000.0,0.26157130099540415,529067000.0,159858000.0,175614000.0,227382000.0,369209000.0,7087000.0,97925000.0,289846300.0,550138300.0,2.4542942242146957,0.7723302636092567,0.5969508587759206,1.975672159041149,0.013906533099381307,2.4542942242146957,0.028387694078494664,2.1044070774614654,15.967733583076244,1.813148544333096,0.0,14.35106533088754,0.0,0.2603318672304264,0.6714075872320588,0.008577363547528007,8.813936445187776,0.26157130099540415,1.3223917871874393,0.026236941565089936,0.21858520861137348,0.5184433132462932,0.20350759979956573,1.4663043478260869,0.8710906701708279,-0.23301590299750505,-0.07178684818553721,0.18029709182761208,Gambling,Consumer Cyclical,EVRI
2011Q3,2011,Q3,2011-11-09,2011-09-30,1840000.0,136888000.0,7610000.0,0.03,29935000.0,0.21868242650926303,438557000.0,153551000.0,89496000.0,227239000.0,285006000.0,6516000.0,93387000.0,165662720.0,364083720.0,2.3728365681790087,0.3938408459815437,0.5398773705584451,1.5419437190249494,0.011224761689613233,2.3728365681790087,0.011982989365096938,1.2102063000409093,22.508521739130433,1.0788775064962128,0.0,16.41390423572744,0.0,0.3121327444323087,0.28887206861498244,0.004195577769822395,8.261243704183913,0.21868242650926303,0.4999999999999999,-0.7027835009226767,0.2096594619451052,0.5623953705711828,0.020349035380734883,0.8235877106045589,0.06552786334360124,-0.7451498978074528,-0.12300741586857658,0.17417501915817304,Gambling,Consumer Cyclical,EVRI
2011Q2,2011,Q2,2011-08-09,2011-06-30,1009000.0,135052000.0,7142000.0,0.02,29338000.0,0.2172348428753369,422332000.0,149835000.0,70076000.0,231468000.0,272497000.0,5217000.0,91547000.0,203421420.0,406194420.0,2.3423064296768747,0.3027459519242401,0.5399283028517848,1.5218673874595388,0.007523112058809884,2.3423064296768747,0.00673407414822972,1.5062451500162901,50.401739345887016,1.3576361998198019,0.0,20.263369752731453,0.0,0.3197768580169156,0.2089403286847426,0.002389115672030535,-93.22704857928505,0.2172348428753369,-0.3333333333333333,-0.7949676492523673,0.2900136145124936,0.6814578087706522,0.006242282892029085,-0.42078071182548793,-0.2324556689951639,-0.8608738517160371,-0.02921899174582747,0.2429576716046246,Gambling,Consumer Cyclical,EVRI
2011Q1,2011,Q1,2011-05-10,2011-03-31,1742000.0,134389000.0,9305000.0,0.03,29156000.0,0.21695228032056196,439536000.0,146373000.0,82978000.0,248794000.0,293163000.0,4241000.0,90538000.0,209123040.0,412961040.0,2.2887947210407806,0.33352090484497215,0.5559703869535146,1.6694950571485179,0.01290308195629525,2.2887947210407806,0.011901101979190152,1.5561023595681194,30.011917336394948,1.4286995552458446,0.0,24.813251591605752,0.0,0.30575197480979943,0.25233325562513564,0.003963270357831896,-53.29333333333334,0.21695228032056196,8.407567567567568,-0.6809538253790874,0.31999937730091205,0.801576480226247,-0.044253589457811576,7.725868725868726,-0.07468178202068416,0.20159903236883253,0.12736376220643386,0.3199025437063609,Gambling,Consumer Cyclical,EVRI
2010Q4,2010,Q4,2011-03-14,2010-12-31,-259000.0,137807000.0,10056000.0,-0.004049912434325744,30506000.0,0.22136756478263078,458394000.0,143478000.0,98721000.0,106166000.0,314916000.0,3845000.0,88796000.0,204006880.0,352120880.0,2.2435263947960973,0.929873970951152,0.4553942678132785,1.4549268877458565,-0.001208032928619998,2.2435263947960973,-0.0018051547972511466,1.4803811127156095,-196.91783783783785,1.4218687185491852,0.0,27.906631989596878,0.0,0.3006300256984166,0.8121338281559067,-0.0005650161215024629,6.250019300879262,0.22136756478263078,-1.0578558919189391,-1.0357408211119523,-0.32049517499973645,-0.136226666276855,-0.15364554433470204,-1.0526529782476113,-0.2452150416572844,-1.1629639882159397,0.151550414667204,0.2487702557718168,Gambling,Consumer Cyclical,EVRI
2010Q3,2010,Q3,2010-11-08,2010-09-30,4919000.0,152121000.0,13323000.0,0.07,36044000.0,0.23694295988062133,456921000.0,142302000.0,91870000.0,269481000.0,314619000.0,4970000.0,89055000.0,266766720.0,492655720.0,2.176404013214242,0.34091457282702675,0.5890252363099967,1.891315652626105,0.01696315954748506,2.176404013214242,0.03456732863909151,1.7536482142504979,13.557975198211018,1.8746519374288486,0.0,23.355533199195172,0.0,0.33292626077593285,0.28725958416363306,0.010765537149747987,-24.537041942604855,0.23694295988062133,-0.22222222222222213,-0.38993944222462107,-0.27412032003662473,0.0,-0.02932701370748391,-0.1640040788579198,-0.02957243790516425,0.15165185265772138,0.21080979818564027,0.1781728015834742,Gambling,Consumer Cyclical,EVRI
2010Q2,2010,Q2,2010-08-06,2010-06-30,5884000.0,157150000.0,13729000.0,0.09,37133000.0,0.2362901686286987,472086000.0,142348000.0,101407000.0,276136000.0,329738000.0,5279000.0,84136000.0,474677560.0,690381560.0,2.1621605200801994,0.3672357099400296,0.588562253487712,1.9519206451794195,0.020258472235542724,2.1621605200801994,0.04133531907719111,3.0205380846325167,20.1681492182189,3.3346275325259223,0.0,22.73479825724569,0.0,0.33288426261316795,0.31580453110061707,0.01246383074270366,26.410591442719635,0.2362901686286987,-0.10000000000000009,-0.567123977281388,-0.3170774941850507,2.6155948614393965,-0.044515348789336905,-0.15338129496402877,-0.11557044385750177,-0.14723737886105703,0.2878067932938172,0.15750182921501982,Gambling,Consumer Cyclical,EVRI
2010Q1,2010,Q1,2010-05-07,2010-03-31,6950000.0,158512000.0,15523000.0,0.1,38863000.0,0.24517386696275362,503409000.0,156256000.0,139888000.0,296429000.0,347248000.0,0.0,78252000.0,557749560.0,751460560.0,2.288861545672936,0.4719106430207571,0.5965705817734684,1.9219677964366169,0.021078524719212278,2.288861545672936,0.04447829203358591,3.518658271928939,20.06293381294964,3.5694601167315176,0.0,0.0,0.0,0.3148771674721747,0.4376933430939618,0.013805871567651751,27.74183337478239,0.24517386696275362,-0.059280694501860236,0.19241422075776876,0.45850895765681593,0.8016290798257147,0.03337055945543502,-0.04230398236185752,-0.031265601597603596,0.0536652641525247,0.27634370014671084,0.3243963527666849,Gambling,Consumer Cyclical,EVRI
2009Q4,2009,Q4,2010-03-15,2009-12-31,7257000.0,148756000.0,16024000.0,0.10630163473369661,37608000.0,0.25281669310817717,501767000.0,145497000.0,131076000.0,106608000.0,356358000.0,0.0,71302000.0,511327320.0,676309320.0,2.1312620847249075,1.2295137325529042,0.49774098336478884,1.7165302377368605,0.02513393460768146,2.1312620847249075,0.049877317058083674,3.43735593858399,17.614968995452667,3.5143495742180257,0.0,0.0,0.0,0.29646429518083095,1.1283580969533242,0.014462888153266356,16.92128267919783,0.25281669310817717,-0.03362150242093992,-0.06187904737804911,-0.31287981067829557,-0.17944920985523513,-0.06733129975448256,-0.10573012939001848,-0.08271795752475815,0.5657803751334841,0.2556915074557609,0.3185870827534473,Gambling,Consumer Cyclical,EVRI
2009Q3,2009,Q3,2009-11-06,2009-09-30,8115000.0,164319000.0,17469000.0,0.11,40323000.0,0.2453946287404378,487744000.0,154738000.0,107088000.0,296534000.0,333076000.0,0.0,64044000.0,527650420.0,740480420.0,2.1437200410074535,0.3611322816270647,0.5874844180553733,1.8517881838979435,0.02454467473804875,2.1437200410074535,0.05244348511677804,3.2111345614323357,16.255404189772026,3.409960190774082,0.0,0.0,0.0,0.3368959946201286,0.32230368187121883,0.01663782640073481,16.035569670262877,0.2453946287404378,-0.0833333333333333,-0.0883519155330758,-0.2897588590112156,0.0,-0.07248010305009892,-0.11388949552303997,-0.0943542951941521,0.17516683542150932,0.30179153449607304,0.4115334839268352,Gambling,Consumer Cyclical,EVRI
2009Q2,2009,Q2,2009-08-10,2009-06-30,9158000.0,172971000.0,19289000.0,0.12,43474000.0,0.25133692931185,492557000.0,147607000.0,105267000.0,51680000.0,345001000.0,0.0,55929000.0,612394640.0,1111948640.0,1.9186185561650246,2.0369001547987615,1.1035697391367902,3.682555705352727,0.017303742648656417,1.9186185561650246,0.06204312803593325,3.5404468957224045,16.717477615199826,4.148818416470763,0.0,0.0,0.0,0.3511695093156731,1.8230650154798762,0.01859277200405232,55.25531354326446,0.25133692931185,0.0,-0.4234504610325764,-0.35675642128353613,2.4336170934651573,-0.02316593641163914,0.005379295202546932,0.0008821087588210876,0.5473305937554797,0.3737819894739346,0.3773074745651438,Gambling,Consumer Cyclical,EVRI
2009Q1,2009,Q1,2009-05-07,2009-03-31,9109000.0,181675000.0,19272000.0,0.12,44505000.0,0.24497041420118343,523269000.0,171667000.0,131156000.0,101124000.0,351624000.0,0.0,46772000.0,295545760.0,475393760.0,2.218837245372764,1.2969819231834183,0.4787212695573405,1.4592204675330727,0.02830261261553588,2.218837245372764,0.053062032889256525,1.6267827714325032,8.111366780107586,1.721622443451566,0.0,0.0,0.0,0.34719236186359215,1.163393457537281,0.017407872432725808,30.97639241169689,0.24497041420118343,0.3210244735344337,0.3790145670485141,0.47502008317652783,0.7465109290779169,-0.022040080864902875,0.2961013090495162,0.04460946392758415,0.3790145670485141,0.47502008317652783,0.7465109290779169,Gambling,Consumer Cyclical,EVRI
2008Q4,2008,Q4,2009-03-10,2008-12-31,7028000.0,176256000.0,18449000.0,0.09083858959776651,45508000.0,0.2581926289034132,559150000.0,160878000.0,157766000.0,132522000.0,398272000.0,0.0,37659000.0,171756960.00000003,360358960.0,2.0793868265949746,1.1904891263337407,0.47527497093803095,1.651872847747983,0.01616407335766086,2.0793868265949746,0.04368527704223076,0.9744744008714599,6.109738190096756,1.0676224219594974,0.0,0.0,0.0,0.3152213180720737,1.0980139146707717,0.012569078064919968,3.760991503897697,0.2581926289034132,-0.1741946400203044,-0.19834173367347102,-0.2816138728449665,-0.19942154660000216,-0.05907164271684069,-0.17897196261682244,-0.1344999061737662,-0.19834173367347102,-0.2816138728449665,-0.19942154660000216,Gambling,Consumer Cyclical,EVRI
2008Q3,2008,Q3,2008-11-05,2008-09-30,8560000.0,185059000.0,21316000.0,0.11,48365000.0,0.261349083265337,555738000.0,155046000.0,138455000.0,104692000.0,400692000.0,0.0,33105000.0,388218379.99999994,624825380.0,2.020854241883138,1.3224983761892026,0.5326250859217833,1.9091108445235607,0.02880302809127232,2.020854241883138,0.055209421720005675,2.0978086988473943,11.338153621495326,2.5038916192613807,0.0,0.0,0.0,0.3329968438364841,1.2079624040041264,0.015402941673954274,-36.66588401964488,0.261349083265337,0.0,-0.09527664960798443,-0.24745653591223454,0.0,0.0832026875699888,-0.015639374425023,0.03340282154457749,-0.09527664960798443,-0.24745653591223454,0.0,Gambling,Consumer Cyclical,EVRI
2008Q2,2008,Q2,2008-08-15,2008-06-30,8696000.0,166808000.0,20627000.0,0.11,44650000.0,0.26767301328473453,571514000.0,144542000.0,180292000.0,131722000.0,426972000.0,0.0,24544000.0,526175720.0,723331720.0,1.884461943625981,1.3687311155311945,0.5166102667651186,2.04265888115565,0.029075195326171116,1.884461943625981,0.06016244413388496,3.1543794062634887,15.126946872125115,3.6402963844418923,0.0,0.0,0.0,0.29187036538037564,1.2635550629355765,0.015215725249075263,48.473120221096266,0.26767301328473453,4.5,-0.4508801465666729,-0.37779905930169716,2.4080948220196454,0.11316097828525841,3.983381088825215,0.12999890434973158,-0.4508801465666729,-0.37779905930169716,2.4080948220196454,Gambling,Consumer Cyclical,EVRI
2008Q1,2008,Q1,2008-05-14,2008-03-31,1745000.0,143485000.0,18254000.0,0.02,40111000.0,0.27954838484859046,594365000.0,133483000.0,221251000.0,113590000.0,460820000.0,0.0,15849000.0,451085220.0,635081220.0,1.7340634215414994,1.9478035038295625,0.5842033094142488,2.601305035098102,0.020092767032342192,1.7340634215414994,0.013072825753092154,3.143779628532599,64.62538968481375,3.3793458343009974,0.0,0.0,0.0,0.24140889857242603,1.869205035654547,0.002935906387489169,26.143805494378114,0.27954838484859046,-0.19522216414009408,-0.7344819977160394,0.17087263361868135,0.3649314404435636,-0.01104563721985256,-0.08782017773131208,0.5691567093612997,-0.7344819977160394,0.17087263361868135,0.3649314404435636,Gambling,Consumer Cyclical,EVRI
2007Q4,2007,Q4,2008-03-17,2007-12-31,1913000.0,144044000.0,11633000.0,0.024851579043090793,40559000.0,0.28157368581822223,539323000.0,138296000.0,167743000.0,137412000.0,400892000.0,0.0,14103000.0,466480619.99999994,658897620.0,1.7965885913974304,1.2207303583384275,0.4885384083378606,1.9051888702493203,0.01734632395351277,1.7965885913974304,0.013832648811245445,3.238459220793646,60.961921066387866,3.373059379880835,0.0,0.0,0.0,0.2670829910832655,1.1561654004017117,0.0035470395291875186,14.434974006683994,0.28157368581822223,-0.6449774422415602,-0.7806827047912388,-0.409921774726086,-0.30830084258430707,-0.02099978276086799,-0.6406161938756341,-0.32319059809169187,-0.7806827047912388,-0.409921774726086,-0.30830084258430707,Gambling,Consumer Cyclical,EVRI
2007Q3,2007,Q3,2008-01-30,2007-09-30,5323000.0,156572000.0,17188000.0,0.07,41429000.0,0.2646003116776946,586213000.0,150523000.0,210753000.0,171751000.0,435481000.0,0.0,12190000.0,880027200.0,1080993200.0,1.8472706298168966,1.2270845584596306,0.4498876688166247,1.7520910425649237,0.025174542095992784,1.8472706298168966,0.03536336639583319,5.620591165725672,41.331354499342474,5.846463331185268,0.0,0.0,0.0,0.26709063087990204,1.171463339369203,0.009080317222579506,61.51885354771059,0.2646003116776946,-0.3,-0.4702734542843713,-0.4005006557998765,0.0,-0.024580321616085515,-0.378734827264239,-0.23693673695893452,-0.4702734542843713,-0.4005006557998765,0.0,Gambling,Consumer Cyclical,EVRI
2007Q2,2007,Q2,2007-08-14,2007-06-30,8568000.0,151530000.0,22525000.0,0.1,42473000.0,0.28029433115554675,540414000.0,152709000.0,164699000.0,123414000.0,387394000.0,0.0,6867000.0,1309667040.0,1511915040.0,1.8679543008122126,1.3345244461730437,0.48847735254823155,1.7286472964920208,0.03324457108318422,1.8679543008122126,0.05610671276742039,8.642955454365472,38.21390756302521,8.576226941437636,0.0,0.0,0.0,0.28039614073654645,1.2608699175134102,0.015854511541151785,63.68117475444909,0.28029433115554675,0.0,-0.4923839155374021,-0.4697011155934022,2.395760093558591,0.010900868737355707,0.08455696202531646,0.05622245146769202,-0.4923839155374021,-0.4697011155934022,2.395760093558591,Gambling,Consumer Cyclical,EVRI
2007Q1,2007,Q1,2007-05-10,2007-03-31,7900000.0,148744000.0,21326000.0,0.1,42015000.0,0.28246517506588503,532769000.0,141307000.0,150485000.0,117229000.0,391459000.0,0.0,-1701000.0,1364641241.764,1586252241.764,1.7282300278851328,1.2836840713475335,0.5147258943369453,1.9406681905355008,0.03196785458598628,1.7282300278851328,0.055906642983008625,9.174428829156133,43.18484942291139,9.657279835846772,0.0,0.0,0.0,0.27919041836142866,1.196862551075246,0.014828190078626947,99.19613591364396,0.28246517506588503,0.47295982705818795,0.1316821967333634,0.1427242971381188,0.36033980768829754,0.02208869535602209,0.4231669969374887,-0.038979766572033704,0.1316821967333634,0.1427242971381188,0.36033980768829754,Gambling,Consumer Cyclical,EVRI
