Quarters,Year,Quarter,FillingDate,Date,NetIncome,Revenue,OperatingIncome,EPSDiluted,GrossProfit,GrossProfitRatio,TotalAssets,CommonStockEquity,CurrentAssets,CurrentLiability,TotalLiability,Inventory,RetainedEarnings,MarketCap,EnterpriseValue,bookValuePerShare,currentRatio,debtToAssets,debtToEquity,roic,shareholdersEquityPerShare,roe,priceToSalesRatio,peRatio,pbRatio,payoutRatio,inventoryTurnover,dividendYield,assetTurnover,quickRatio,returnOnAssets,priceToFreeCashFlowsRatio,grossProfitMargin,epsdilutedGrowth,fiveYNetIncomeGrowthPerShare,fiveYRevenueGrowthPerShare,fiveYShareholdersEquityGrowthPerShare,grossProfitGrowth,netIncomeGrowth,operatingIncomeGrowth,threeYNetIncomeGrowthPerShare,threeYRevenueGrowthPerShare,threeYShareholdersEquityGrowthPerShare,Industry,Sector,Symbol
2023Q2,2023,Q2,2023-06-07,2023-04-30,51900000.0,1984000000.0,92700000.0,0.78,1984000000.0,1.0,4932900000.0,1782800000.0,1693000000.0,1109500000.0,3150100000.0,110800000.0,1117500000.0,2825320000.0,4268720000.0,26.849397590361445,1.5259125732311851,0.307040483285694,0.8495624859771147,0.01941189714191646,26.849397590361445,0.02911150998429437,1.4240524193548387,13.609441233140656,1.5847655373569665,0.0,0.0,0.0,0.40219749032009566,1.369175304191077,0.010521194429240406,175.4857142857143,1.0,0.3448275862068967,0.939374037503397,0.24750012194527082,0.23350984335504346,-0.0036659468688796265,0.34805194805194806,0.29831932773109243,1.3822427869372225,0.3361896785000966,0.28743169351718806,Specialty Business Services,Industrials,ABM
2023Q1,2023,Q1,2023-03-08,2023-01-31,38500000.0,1991300000.0,71400000.0,0.58,1991300000.0,1.0,4918000000.0,1736500000.0,1656300000.0,1276300000.0,3181500000.0,104600000.0,1080300000.0,3110133000.0,4539233000.0,26.19155354449472,1.2977356420904176,0.3084587230581537,0.8735963144255686,0.015406808341972071,26.19155354449472,0.022171033688453787,1.561860593582082,20.195668831168827,1.791035416066801,0.37402597402597404,0.0,0.004630027076012505,0.40490036600244,1.1708845882629475,0.00782838552257015,-36.71939787485242,1.0,-0.20547945205479456,0.37653677962607307,0.24616641924084948,0.2183407768632752,-0.009845358261647855,-0.21267893660531698,-0.09734513274336283,0.3874434389140272,0.24578139654016867,0.1233587204299889,Specialty Business Services,Industrials,ABM
2022Q4,2022,Q4,2022-12-21,2022-10-31,48900000.0,2011100000.0,79100000.0,0.73,2011100000.0,1.0,4868900000.0,1717200000.0,1561200000.0,1353200000.0,3151700000.0,82100000.0,1057200000.0,2955464000.0,4285064000.0,25.86144578313253,1.1537097250960686,0.28807328143933947,0.8167947822035873,0.018619124377128433,25.86144578313253,0.028476589797344513,1.469575854010243,15.109734151329242,1.7210948054973212,0.26380368098159507,0.0,0.00436479686438407,0.4130501756043459,1.0549068873780667,0.010043336277187866,28.390624399615753,1.0,-0.1411764705882353,19.49951807228916,0.26973595315842813,0.18056174687847854,0.025339043540328336,-0.13908450704225353,-0.10822998872604284,0.024887048192771155,0.22767904140835182,0.12032722329004743,Specialty Business Services,Industrials,ABM
2022Q3,2022,Q3,2022-09-09,2022-07-31,56800000.0,1961400000.0,88700000.0,0.85,1961400000.0,1.0,4607600000.0,1680200000.0,1539700000.0,1273700000.0,2927400000.0,90700000.0,1021400000.0,3030048000.0,4293548000.0,25.152694610778443,1.2088403862762032,0.2880892438579738,0.7900249970241638,0.020463796943842393,25.152694610778443,0.033805499345316035,1.5448394004282655,13.336478873239436,1.8033853112724676,0.22535211267605634,0.0,0.004224355521760712,0.4256879937494574,1.0853419172489598,0.012327458980814306,133.4822907488987,1.0,0.18055555555555558,0.4499026263582259,0.2494111443375386,0.4566596135693928,0.03351248814416693,0.16393442622950818,0.18266666666666667,0.5388570684717523,0.18667852716195146,0.11403169586875325,Specialty Business Services,Industrials,ABM
2022Q2,2022,Q2,2022-06-09,2022-04-30,48800000.0,1897800000.0,75000000.0,0.72,1897800000.0,1.0,4586300000.0,1669600000.0,1508200000.0,1280700000.0,2916700000.0,98200000.0,977700000.0,3243744000.0,4498944000.0,24.845238095238095,1.1776372296400406,0.2843468591239125,0.781085289889794,0.017359327550874923,24.845238095238095,0.02922855773838045,1.7092127726841606,16.61754098360656,1.942827024436991,0.26844262295081966,0.0,0.004038543115609616,0.4137976146348909,1.0509096587803546,0.010640385495933541,-60.18077922077922,1.0,-0.3513513513513514,0.2992545260915867,0.20679130103014104,0.48393060295790663,-0.019832661915091417,-0.35789473684210527,-0.29245283018867924,0.6259820426487093,0.177670564996551,0.11522668466644174,Specialty Business Services,Industrials,ABM
2022Q1,2022,Q1,2022-03-09,2022-01-31,76000000.0,1936200000.0,106000000.0,1.11,1936200000.0,1.0,4504900000.0,1655200000.0,1477500000.0,1267800000.0,2849700000.0,88000000.0,942100000.0,2830751000.0,3932951000.0,24.37702503681885,1.1654046379555134,0.2550112100157606,0.694055099081682,0.02723140968685738,24.37702503681885,0.045915901401643304,1.4620137382501808,9.31168092105263,1.710216892218463,0.1723684210526316,0.0,0.004627747195002316,0.4297986636773291,1.0456696639848557,0.01687051876845213,-27.429757751937984,1.0,1.2200000000000002,2.893193314977269,0.2036375815040652,0.5044229689903632,0.1418966737438075,1.215743440233236,0.9030520646319569,4.7170046448396965,0.17757746384956252,0.10774326748205015,Specialty Business Services,Industrials,ABM
2021Q4,2021,Q4,2021-12-22,2021-10-31,34300000.0,1695600000.0,55700000.0,0.5,1695600000.0,1.0,4436200000.0,1609300000.0,1401200000.0,1285800000.0,2826900000.0,0.0,880200000.0,3080350000.0,4050150000.0,23.771048744460856,1.0897495722507389,0.23276678238131734,0.6416454359038091,0.013585257658475593,23.771048744460856,0.021313614615050023,1.8166725642840293,22.4515306122449,1.9140930839495434,0.37317784256559766,0.0,0.004155371954485692,0.3822190162751905,0.974023953958625,0.007731842567963572,69.22134831460674,1.0,3.4999999999999996,2.65045638753172,0.064488703102367,0.37159439367423003,0.09882703648499773,3.5036496350364965,7.258426966292135,2.4629581689990707,0.007178925000575587,0.08339900443923472,Specialty Business Services,Industrials,ABM
2021Q3,2021,Q3,2021-09-09,2021-07-31,-13700000.0,1543100000.0,-8900000.0,-0.2,1543100000.0,1.0,3897400000.0,1580400000.0,1600300000.0,1105500000.0,2317000000.0,0.0,859000000.0,3138075000.0,3439675000.0,23.413333333333334,1.4475802804161013,0.20706111766818905,0.5106302201974183,-0.0031591487580008622,23.413333333333334,-0.008668691470513794,2.0336173935584214,-57.26414233576643,1.985620728929385,-0.9343065693430657,0.0,0.0040789337412267075,0.39593062041360905,1.319402985074627,-0.0035151639554574844,39.62215909090909,1.0,-1.434782608695652,-1.3667690841967368,-0.009350274015244265,0.31859838995223305,0.030519567249899827,-1.4405144694533762,-1.176938369781312,-1.3992813051146384,-0.06969466049192702,0.06256184918182864,Specialty Business Services,Industrials,ABM
2021Q2,2021,Q2,2021-06-09,2021-04-30,31100000.0,1497400000.0,50300000.0,0.46,1497400000.0,1.0,3792000000.0,1599800000.0,1499000000.0,1064400000.0,2192200000.0,0.0,885600000.0,3459893000.0,3820093000.0,23.771173848439823,1.4083051484404359,0.20988924050632912,0.4974996874609326,0.014330993708884954,23.771173848439823,0.019439929991248907,2.310600373981568,27.81264469453376,2.1627034629328663,0.40836012861736337,0.0,0.0036706337450319996,0.3948839662447257,1.270011273957159,0.008201476793248945,29.420858843537413,1.0,-0.5818181818181819,2.8327943361594268,-0.0017667257702845315,0.3512338289175631,0.003350308228357009,-0.5831099195710456,-0.5414767547857794,0.14658861120110836,-0.07105548904837254,0.09209068216415728,Specialty Business Services,Industrials,ABM
2021Q1,2021,Q1,2021-03-10,2021-01-31,74600000.0,1492400000.0,109700000.0,1.1,1492400000.0,1.0,3782200000.0,1569200000.0,1474600000.0,1017800000.0,2213000000.0,0.0,867500000.0,2573760000.0,3045360000.0,23.351190476190474,1.4488111613283552,0.22471048596055207,0.5416135610502166,0.031190303216507276,23.351190476190474,0.0475401478460362,1.724577861163227,8.625201072386059,1.6401733367320928,0.17024128686327078,0.0,0.004934415019271416,0.3945851620749828,1.3107683238357242,0.019723970176087992,66.50542635658914,1.0,0.4102564102564103,3.4880527210884353,-0.008994270997582281,0.32738513704165995,0.005253940455341506,0.4048964218455744,0.50480109739369,1.6315411956149368,-0.07855621314193381,0.08621687893057964,Specialty Business Services,Industrials,ABM
2020Q4,2020,Q4,2020-12-17,2020-10-31,53100000.0,1484600000.0,72900000.0,0.78,1484600000.0,1.0,3776900000.0,1500400000.0,1441900000.0,986900000.0,2276500000.0,0.0,806400000.0,2326240000.0,2818140000.0,22.394029850746268,1.4610396190090182,0.23461039476819615,0.5905758464409491,0.024068426383440682,22.394029850746268,0.03539056251666222,1.5669136467735416,10.952165725047081,1.550413223140496,0.23163841807909605,0.0,0.005287502579269551,0.39307368476793136,1.3178640186442396,0.014059149037570494,12.269198312236288,1.0,-0.06024096385542161,1.7118144218665707,0.27194165604519094,0.26251205510907,0.06491643354135285,-0.05178571428571429,-0.22115384615384615,20.908537313432838,-0.07107107984775718,0.022275986499139047,Specialty Business Services,Industrials,ABM
2020Q3,2020,Q3,2020-09-09,2020-07-31,56000000.0,1394100000.0,93600000.0,0.83,1394100000.0,1.0,3668300000.0,1451400000.0,1312200000.0,877400000.0,2216900000.0,0.0,765900000.0,2401710000.0,3101410000.0,21.69506726457399,1.495555049008434,0.25327808521658535,0.6401405539479124,0.025605752696576518,21.69506726457399,0.03858343668182444,1.722767376802238,10.721919642857141,1.6547540305911534,0.22142857142857142,0.0,0.0051629880376898125,0.38003980045252567,1.307727376339184,0.015265926996156257,19.848842975206612,1.0,1.4068627450980393,30.697060288988542,-0.12245663310087296,0.24901664365274936,-0.06811497326203209,1.409356725146199,0.5891341256366723,0.4273447190153612,-0.11328618191910839,0.25641919432497257,Specialty Business Services,Industrials,ABM
2020Q2,2020,Q2,2020-06-18,2020-04-30,-136800000.0,1496000000.0,58900000.0,-2.04,1496000000.0,1.0,4079200000.0,1395200000.0,1715000000.0,941200000.0,2684000000.0,0.0,722300000.0,2307381000.0,3125381000.0,20.855007473841553,1.8221419464513386,0.3368062365169641,0.984733371559633,0.021643861359505648,20.855007473841553,-0.09805045871559633,1.5423669786096257,-4.216705043859649,1.6537994552752295,-0.08991228070175439,0.0,0.005330719114008479,0.3667385761914101,1.6742456438589035,-0.033535987448519315,14.91519715578539,1.0,-5.857142857142858,-7.346835256928619,3.6601286882329996e-05,0.18432755900239978,7.348214285714286,-5.885714285714286,0.28602620087336245,-4.6585051361767364,-0.04444326581497387,0.24560624843763537,Specialty Business Services,Industrials,ABM
2020Q1,2020,Q1,2020-03-05,2020-01-31,28000000.0,1612900000.0,45800000.0,0.42,179200000.0,0.1111042222,3847100000.0,1559800000.0,1284900000.0,871100000.0,2287300000.0,0.0,871600000.0,2551566000.0,3526366000.0,23.315396113602393,1.4750315692802205,0.2715292038158613,0.6697012437491986,0.012546146474802062,23.315396113602393,0.017951019361456596,1.581974083948168,22.781839285714288,1.6358289524297986,0.4392857142857143,0.0,0.0048205690152635676,0.4192508642873853,1.3202846975088969,0.00727820956044813,-55.7110480349345,0.11110422220844442,-0.4084507042253521,0.3336373540067392,0.05456356451813724,0.3369137259121339,-0.07960965588084232,-0.4166666666666667,-0.3081570996978852,0.45577435497497903,0.017645747233743403,0.4389047634579391,Specialty Business Services,Industrials,ABM
2019Q4,2019,Q4,2019-12-20,2019-10-31,48000000.0,1648000000.0,66200000.0,0.71,194700000.0,0.1181432039,3692600000.0,1542000000.0,1275400000.0,902400000.0,2150600000.0,0.0,856300000.0,2435528000.0,3178528000.0,23.08383233532934,1.4133421985815602,0.21705573308779721,0.5197795071335928,0.02469800786036485,23.08383233532934,0.0311284046692607,1.477868932038835,12.685041666666667,1.579460440985733,0.24791666666666667,0.0,0.0048860041847188776,0.44629800140822184,1.2680629432624113,0.012998970914802578,18.24365543071161,0.11814320388349514,0.29090909090909073,0.45257871354066054,0.07123346654907908,0.34385646543411924,0.0046439628482972135,0.30434782608695654,0.15532286212914484,4.177337632427453,0.048544973125668765,0.33194186575514256,Specialty Business Services,Industrials,ABM
2019Q3,2019,Q3,2019-09-06,2019-07-31,36800000.0,1647900000.0,57300000.0,0.55,193800000.0,0.1176042236,3744000000.0,1503700000.0,1319200000.0,877400000.0,2240300000.0,0.0,820500000.0,2803194000.0,3667194000.0,22.57807807807808,1.5035331661727833,0.24692841880341881,0.6148167852630179,0.0191403783323724,22.57807807807808,0.024472966682183947,1.7010704533042054,19.043437500000003,1.8641976458070095,0.32608695652173914,0.0,0.004280831080545977,0.44014423076923076,1.356507864144062,0.009829059829059829,68.70573529411764,0.1176042235572547,0.2222222222222223,0.6006934769821367,0.08970321312614234,0.3304896592093824,0.07368421052631578,0.23905723905723905,0.05137614678899083,-0.0014966735223971193,0.07222628596674396,0.2715582603346909,Specialty Business Services,Industrials,ABM
2019Q2,2019,Q2,2019-06-06,2019-04-30,29700000.0,1594700000.0,54500000.0,0.45,180500000.0,0.1131874334,3729900000.0,1481500000.0,1280900000.0,851100000.0,2248400000.0,0.0,795900000.0,2525005000.0,3423905000.0,22.278195488721803,1.5049935377746446,0.25539558701305665,0.6429969625379682,0.015752168333748193,22.278195488721803,0.020047249409382382,1.5833730482222361,21.254250841750842,1.7043570705366184,0.4006734006734007,0.0,0.004712861954728803,0.4275449743960964,1.357654799671014,0.007962679964610312,31.681367628607276,0.11318743337304822,1.368421052631579,0.6483676296003167,0.092587759498641,0.32845107027773507,0.11488573193329216,1.2846153846153847,0.7986798679867987,2.7042901371074746,0.07588691719753608,0.26636789514604897,Specialty Business Services,Industrials,ABM
2019Q1,2019,Q1,2019-03-07,2019-01-31,13000000.0,1607900000.0,30300000.0,0.19,161900000.0,0.1006903414,3686400000.0,1461200000.0,1231100000.0,798000000.0,2225200000.0,0.0,778600000.0,2270216000.0,3227516000.0,22.00602409638554,1.5427318295739347,0.2679850260416667,0.6760881467287161,0.009105156262401368,22.00602409638554,0.008896797153024912,1.4119136762236457,43.658,1.5536654804270462,0.9153846153846154,0.0,0.005241791970455675,0.4361707899305556,1.3909774436090225,0.0035264756944444445,-44.6014931237721,0.10069034143914422,0.2666666666666667,-0.16614272531245192,0.09898680751129096,0.3199986133519535,-0.11578372474057892,0.3402061855670103,-0.45989304812834225,-0.20847676419965583,0.08056564004361814,0.25091991950931164,Specialty Business Services,Industrials,ABM
2018Q4,2018,Q4,2018-12-21,2018-10-31,9700000.0,1648700000.0,56100000.0,0.15,183100000.0,0.1110571966,3627500000.0,1454700000.0,1171000000.0,792500000.0,2172800000.0,0.0,771200000.0,2038725000.0,2938725000.0,21.941176470588236,1.477602523659306,0.25888352860096486,0.6455626589674847,0.015506223156688613,21.941176470588236,0.006668041520588437,1.236565172560199,52.54445876288659,1.4014745308310992,1.1855670103092784,0.0,0.005640780389704349,0.454500344589938,1.3289589905362775,0.0026740179186767747,20.40765765765766,0.11105719657912294,-0.7058823529411764,-0.665057456028015,0.11247672854717485,0.3231325242654023,0.030968468468468468,-0.7113095238095238,0.16632016632016633,-0.49939123007868574,0.42744915123121585,0.23698146256021022,Specialty Business Services,Industrials,ABM
2018Q3,2018,Q3,2018-09-07,2018-07-31,33600000.0,1624300000.0,48100000.0,0.51,177600000.0,0.1093394077,3740400000.0,1456500000.0,1240600000.0,769800000.0,2283900000.0,0.0,773200000.0,2062320000.0,3041720000.0,22.034795763993948,1.611587425305274,0.2741418030157202,0.7040164778578785,0.018091871576808895,22.034795763993948,0.02306900102986612,1.2696669334482547,15.344642857142858,1.4159423274974254,0.34226190476190477,0.0,0.00557624422979945,0.43425836808897444,1.4185502727981294,0.008982996470965673,35.013921901528015,0.10933940774487472,0.27499999999999997,0.7375108175651284,0.10974884572065807,0.3540123761310918,0.014857142857142857,0.2631578947368421,0.06181015452538632,18.24841149773071,0.03482178589182435,0.26857530852914674,Specialty Business Services,Industrials,ABM
2018Q2,2018,Q2,2018-06-07,2018-04-30,26600000.0,1580800000.0,45300000.0,0.4,175000000.0,0.1107034413,3749900000.0,1436600000.0,1215700000.0,704200000.0,2313300000.0,0.0,751200000.0,2054580000.0,3092180000.0,21.766666666666666,1.7263561488213575,0.2952878743433158,0.7707782263678129,0.013917092773966078,21.766666666666666,0.01851594041486844,1.299709008097166,19.30996240601504,1.430168453292496,0.4323308270676692,0.0,0.005597251019673121,0.4215579082108856,1.5271229764271514,0.007093522493933172,23.32099886492622,0.11070344129554656,-0.04761904761904753,0.14391266614468845,0.11643546094137734,0.3612673810179791,0.10062893081761007,-0.04316546762589928,0.3168604651162791,0.25093558536181476,0.07113302937253807,0.2360994467773112,Specialty Business Services,Industrials,ABM
2018Q1,2018,Q1,2018-03-07,2018-01-31,27800000.0,1588300000.0,34400000.0,0.42,159000000.0,0.1001070327,3797000000.0,1416700000.0,1218100000.0,699600000.0,2380300000.0,0.0,736200000.0,2506177000.0,3617977000.0,21.497723823975722,1.7411377930245855,0.3108770081643403,0.8332039246135385,0.06394400120027777,21.497723823975722,0.019623067692524882,1.5778990115217528,22.53756294964029,1.7690244935413284,0.4136690647482014,0.0,0.004588662333107358,0.41830392415064527,1.5560320182961693,0.007321569660258098,108.49251082251082,0.10010703267644651,11.552763819095476,0.7188343729000679,0.11168085968916174,0.363832290048875,-0.011808576755748913,12.12,2.44,0.34420410997659523,0.05423774053076186,0.23268770198478106,Specialty Business Services,Industrials,ABM
2017Q4,2017,Q4,2017-12-22,2017-10-31,-2500000.0,1498000000.0,10000000.0,-0.0398,160900000.0,0.1074098798,3812600000.0,1375700000.0,1235500000.0,757800000.0,2436900000.0,0.0,720100000.0,2635716000.0,3751116000.0,21.906050955414013,1.630377408287147,0.3090279599223627,0.8564367231227739,0.001957790046595403,21.906050955414013,-0.0018172566693319765,1.7594899866488651,-263.5716,1.9159089917859997,-4.44,0.0,0.0042113793747126016,0.3929077270104391,1.4527579836368434,-0.000655720505691654,-75.95723342939482,0.10740987983978638,-1.0686206896551724,-1.0782305735707587,0.1896540830030325,0.40035223746788756,0.20164301717699776,-1.0759878419452888,-0.5575221238938053,-1.080473940141086,0.03575146633138378,0.2752903322516002,Specialty Business Services,Industrials,ABM
2017Q3,2017,Q3,2017-09-07,2017-07-31,32900000.0,1318400000.0,22600000.0,0.58,133900000.0,0.1015625,2352900000.0,968700000.0,1049000000.0,690100000.0,1384200000.0,0.0,734900000.0,2503182000.0,2720182000.0,17.267379679144383,1.5200695551369368,0.11249946874070296,0.2732528130484154,0.02870655640235663,17.267379679144383,0.03396304325384536,1.898651395631068,19.02113981762918,2.58406317745432,0.2887537993920973,0.0,0.0037951695082498998,0.560329805771601,1.3374873206781626,0.013982744698032215,-67.28983870967743,0.1015625,0.05454545454545439,1.5247264728063008,0.17903492527184306,0.13258792662711766,-0.0822481151473612,0.051118210862619806,-0.4392059553349876,0.6988992410459965,0.03498949073470707,0.017538783650953453,Specialty Business Services,Industrials,ABM
2017Q2,2017,Q2,2017-06-08,2017-04-30,31300000.0,1310500000.0,40300000.0,0.55,145900000.0,0.1113315528,2394200000.0,937600000.0,1061300000.0,740100000.0,1456600000.0,0.0,711500000.0,2429840000.0,2652040000.0,16.742857142857144,1.4339954060262128,0.11607217442151867,0.29639505119453924,0.021425368808984834,16.742857142857144,0.03338310580204778,1.8541320106829455,19.40766773162939,2.5915529010238907,0.3035143769968051,0.0,0.003909722450860962,0.5473644641216273,1.2261856505877584,0.013073260379249853,57.30754716981132,0.11133155284242656,0.9642857142857143,1.5637125841627635,0.18909857171773306,0.09977603078764427,0.10866261398176291,0.9440993788819876,0.6932773109243697,1.062887687969925,0.06622283649104896,-0.0016217201166179931,Specialty Business Services,Industrials,ABM
2017Q1,2017,Q1,2017-03-08,2017-01-31,16100000.0,1326700000.0,23800000.0,0.28,131600000.0,0.0991934876,2411900000.0,907400000.0,1059500000.0,741300000.0,1504500000.0,0.0,689900000.0,2261840000.0,2525240000.0,16.20357142857143,1.429245919330905,0.12687093163066462,0.3372272426713687,0.014354106417729296,16.20357142857143,0.017743001983689662,1.7048616868922892,35.12173913043478,2.4926603482477407,0.5838509316770186,0.0,0.004155908463905493,0.5500642646875907,1.2120598947794414,0.006675235291678759,-102.34570135746607,0.09919348760081405,1.0,0.4469390874882408,0.18035605857517378,0.0766505346858731,-0.08674531575294935,1.064102564102564,-0.47345132743362833,0.22448733644502247,0.07519249770858245,-0.028052876640415843,Specialty Business Services,Industrials,ABM
2016Q4,2016,Q4,2016-12-21,2016-10-31,7800000.0,1322300000.0,45200000.0,0.14,144100000.0,0.1089767829,2281200000.0,974000000.0,993700000.0,599200000.0,1307200000.0,0.0,756400000.0,2196296000.0,2408596000.0,17.330960854092528,1.6583778371161548,0.11761353673505173,0.2754620123203285,0.03179195494732992,17.330960854092528,0.008008213552361396,1.6609664977690388,70.39410256410257,2.254924024640657,1.1794871794871795,0.0,0.004188870716879692,0.5796510608451693,1.4212283044058744,0.0034192530247238295,-366.0493333333333,0.10897678287831808,-0.7454545454545455,-0.5885899759597184,0.16406135999664026,0.1649772388672449,0.10506134969325154,-0.7491961414790996,1.4432432432432432,-0.6822610940498363,0.05258337855610939,0.045119800825590924,Specialty Business Services,Industrials,ABM
2016Q3,2016,Q3,2016-09-08,2016-07-31,31100000.0,1296900000.0,18500000.0,0.55,130400000.0,0.1005474593,2239400000.0,997900000.0,946000000.0,588000000.0,1241500000.0,0.0,757900000.0,2094574000.0000002,2267274000.0,17.756227758007118,1.6088435374149659,0.1001607573457176,0.22477202124461368,0.02766641211658394,17.756227758007118,0.031165447439623208,1.6150620710926056,16.8374115755627,2.098981861910011,0.2958199356913183,0.0,0.0043923012507555235,0.5791283379476646,1.4042517006802722,0.013887648477270698,402.8026923076923,0.10054745932608528,3.583333333333334,0.056277356653846894,0.14084591940385482,0.20483334606954987,0.04570970328789094,3.573529411764706,-0.13953488372093023,0.8915323476830254,0.042149661587586935,0.0910993864091197,Specialty Business Services,Industrials,ABM
2016Q2,2016,Q2,2016-06-09,2016-04-30,6800000.0,1257100000.0,21500000.0,0.12,124700000.0,0.0991965635,2184500000.0,992200000.0,903400000.0,568200000.0,1192300000.0,0.0,736200000.0,1814388000.0,1977588000.0,17.592198581560282,1.5899331221400914,0.09562829022659647,0.21054222938923603,0.01181764612212268,17.592198581560282,0.006853456964321709,1.4433123856495107,66.7054411764706,1.828651481556138,1.3676470588235294,0.0,0.0051256952757624055,0.5754634927901121,1.3769799366420274,0.0031128404669260703,23.113222929936306,0.09919656351921088,-0.5,-0.5488408213197726,0.11659182407254692,0.22886247396911874,0.022131147540983605,-0.5142857142857142,-0.07327586206896551,-0.6577960829162426,0.03894211908887089,0.10019997348248577,Specialty Business Services,Industrials,ABM
2016Q1,2016,Q1,2016-03-09,2016-01-31,14000000.0,1268400000.0,23200000.0,0.24,122000000.0,0.096184169,2255200000.0,995700000.0,953000000.0,565200000.0,1259500000.0,0.0,741100000.0,1698566000.0,1929366000.0,17.591872791519435,1.686128803963199,0.12712841433132316,0.28793813397609724,0.01849914868268613,17.591872791519435,0.014060459977904992,1.3391406496373384,30.331535714285714,1.7059013759164408,0.6571428571428571,0.0,0.005416333542529404,0.5624334870521461,1.4748761500353857,0.006207875133025896,-44.46507853403141,0.09618416903185115,-0.17241379310344826,0.5577732198435796,0.15055582580954105,0.24122128437070842,-0.06799083269671505,-0.1566265060240964,-0.24919093851132687,0.007827612958285341,0.033648334365090904,0.11604206807925092,Specialty Business Services,Industrials,ABM
2015Q4,2015,Q4,2015-12-17,2015-10-31,16600000.0,989500000.0,30900000.0,0.29,130900000.0,0.1322890349,2149800000.0,1007500000.0,947200000.0,568200000.0,1142300000.0,0.0,736500000.0,1613120000.0,1715620000.0,17.737676056338028,1.667018655403027,0.07349520885663782,0.15682382133995038,0.014196869680740647,17.737676056338028,0.016476426799007446,1.6302374936836785,24.293975903614456,1.6011116625310173,0.5421686746987951,0.0,0.005579250148780005,0.4602753744534375,1.4051390355508624,0.007721648525444227,41.89922077922078,0.13228903486609397,8.666666666666668,-0.2918286800505869,0.02121575820411573,0.26821293615350644,0.33844580777096117,10.066666666666666,7.574468085106383,-0.42567740608419347,-0.13116763066414558,0.13388736306370422,Specialty Business Services,Industrials,ABM
2015Q3,2015,Q3,2015-09-03,2015-07-31,1500000.0,1348800000.0,-4700000.0,0.03,97800000.0,0.0725088968,2264200000.0,986600000.0,999600000.0,555400000.0,1277600000.0,0.0,706900000.0,1872128000.0,2126028000.0,17.369718309859156,1.7997839395030608,0.13474958042575744,0.30924386782890734,0.0007687216431670458,17.369718309859156,0.0015203729981755525,1.3879952550415184,312.02133333333336,1.8975552402189337,6.066666666666666,0.0,0.0048607787501709285,0.5957070930129847,1.5023406553835075,0.0006624856461443336,33.91536231884058,0.07250889679715303,-0.9062500000000001,-0.9343045224550566,0.42498711407854445,0.2635319786031959,-0.25286478227654696,-0.9180327868852459,-1.1525974025974026,-0.8863094884805374,0.19135600549606832,0.13930043887442153,Specialty Business Services,Industrials,ABM
2015Q2,2015,Q2,2015-06-03,2015-04-30,18300000.0,1270100000.0,30800000.0,0.32,130900000.0,0.103062751,2205600000.0,1000200000.0,951800000.0,511500000.0,1205400000.0,0.0,714600000.0,1820439999.9999998,2097039999.9999998,17.609154929577464,1.8608015640273705,0.13919114980050779,0.3069386122775445,0.014137086903304773,17.609154929577464,0.01829634073185363,1.433304464215416,24.86939890710382,1.8200759848030392,0.4918032786885246,0.0,0.004943859726220036,0.5758523757707653,1.5542521994134897,0.008297062023939063,28.488888888888884,0.10306275096449098,0.03225806451612906,0.953570759991921,0.3594122140486284,0.30523794517160674,0.02106084243369735,0.03389830508474576,0.6041666666666666,0.4778003961267606,0.13620956108257246,0.15667991124426342,Specialty Business Services,Industrials,ABM
2015Q1,2015,Q1,2015-03-04,2015-01-31,17700000.0,1289400000.0,19200000.0,0.31,128200000.0,0.0994260897,2230900000.0,983600000.0,977500000.0,506100000.0,1247300000.0,0.0,705500000.0,1628268000.0,1951968000.0,17.43971631205674,1.9314364750049398,0.1624904746963109,0.36854412362749084,0.01402570388529827,17.43971631205674,0.01799511996746645,1.2628106095858538,22.99813559322034,1.6554168361122408,0.5028248587570622,0.0,0.0054659306698897235,0.5779730153749608,1.620233155502865,0.007934017661033663,-41.96567010309278,0.09942608965410268,-0.3673469387755102,0.2730311862430777,0.3619244243570943,0.2982657186547821,-0.09718309859154929,-0.3655913978494624,-0.5545243619489559,0.5794524729288846,0.13903453869038918,0.15878650425409574,Specialty Business Services,Industrials,ABM
2014Q4,2014,Q4,2014-12-17,2014-10-31,27900000.0,1298900000.0,43100000.0,0.49,142000000.0,0.1093232735,2192900000.0,968800000.0,927200000.0,526400000.0,1224100000.0,0.0,696900000.0,1558896000.0,1841996000.0,17.177304964539008,1.7613981762917934,0.14583428336905468,0.3300990916597853,0.02185422808770552,17.177304964539008,0.02879851362510322,1.2001662945569327,13.968602150537635,1.6090999174236167,0.3118279569892473,0.0,0.0055808726175447234,0.5923206712572393,1.4910714285714286,0.012722878380227096,28.447007299270073,0.10932327353914852,0.44117647058823517,0.7063739854209362,0.3749286933790173,0.29560457108998756,0.0806697108066971,0.4381443298969072,0.2789317507418398,0.46636363314848345,0.13940679184184687,0.15464857818566022,Specialty Business Services,Industrials,ABM
2014Q3,2014,Q3,2014-09-04,2014-07-31,19400000.0,1276100000.0,33700000.0,0.34,131400000.0,0.1029699867,2168200000.0,953700000.0,926600000.0,521800000.0,1214500000.0,0.0,677800000.0,1383082000.0,1670182000.0,16.969750889679716,1.7757761594480643,0.14375980075638778,0.32683233721296007,0.015848428344392183,16.969750889679716,0.020341826570200273,1.0838351226392915,17.823221649484537,1.450227534864213,0.44329896907216493,0.0,0.006217997197563124,0.5885527165390647,1.5379455730164815,0.008947514066967992,136.93881188118812,0.10296998667816001,0.25925925925925924,0.4473419187860699,0.3423781578655918,0.2947347132412978,0.027365129007036748,0.27631578947368424,0.2078853046594982,-0.34110029842171613,0.12254875298886511,0.15146764419934838,Specialty Business Services,Industrials,ABM
2014Q2,2014,Q2,2014-06-04,2014-04-30,15200000.0,1231300000.0,27900000.0,0.27,127900000.0,0.1038739544,2155500000.0,940800000.0,911800000.0,504300000.0,1214700000.0,0.0,667300000.0,1519749000.0,1809249000.0,16.77005347593583,1.8080507634344636,0.15179772674553468,0.34778911564625853,0.012668482936621737,16.77005347593583,0.016156462585034014,1.234263786242183,24.995871710526316,1.6153794642857142,0.57125,0.0,0.005713443469941419,0.5712363720714452,1.5663295657346816,0.007051728137323127,22.668272601166414,0.10387395435718347,0.1739130434782609,0.08787165887009815,0.3158298498544969,0.2962119712845104,0.08343004294753963,0.1630576172622236,0.16580310880829016,0.013866364420114538,0.09952406561889578,0.17143342303069628,Specialty Business Services,Industrials,ABM
2014Q1,2014,Q1,2014-03-05,2014-01-31,13069000.0,1226471000.0,23932000.0,0.23,118051000.0,0.0962525816,2165211000.0,927955000.0,914472000.0,489349000.0,1237256000.0,0.0,660957000.0,1483948920.0,1816762920.0,16.67124788904459,1.8687521584799396,0.16951142405982603,0.39552348982439883,0.010631319980637688,16.67124788904459,0.014083657073888282,1.2099339650101797,28.38681077358635,1.59916043342619,0.659346545259775,0.0,0.005806803646583738,0.5664441017526698,1.6232954394511891,0.006035901350953787,-30.50693666097897,0.0962525815938575,-0.46511627906976744,-0.1559241621561213,0.2689651581731338,0.30402989788826484,-0.12685463232792415,-0.45924362793776896,-0.3601753823120522,0.47868674537345685,0.1312702607751979,0.17626519712430963,Specialty Business Services,Industrials,ABM
2013Q4,2013,Q4,2013-12-18,2013-10-31,24168000.0,1236773000.0,37404000.0,0.43,135202000.0,0.1093183632,2119236000.0,917507000.0,864632000.0,508524000.0,1201729000.0,0.0,656775000.0,1522100790.0,1804331790.0,16.58275045636104,1.7002776663441648,0.1485771287388474,0.3431799430413065,0.0200498956555523,16.58275045636104,0.026340943447842904,1.230703443558357,15.74500155163853,1.6589527818316374,0.35679410791128763,0.0,0.005665196455222916,0.5835938045597564,1.4804709315587858,0.01140410978295952,38.19958816443307,0.10931836319195196,0.48275862068965525,0.9272374372525414,0.28818487104773716,0.31595848127650267,0.1173534321746748,0.5033590445384424,0.3033660882291449,0.05844055869797603,0.3103497177654373,0.185637767820657,Specialty Business Services,Industrials,ABM
2013Q3,2013,Q3,2013-09-05,2013-07-31,16076000.0,1216768000.0,28698000.0,0.29,121002000.0,0.0994454161,2103403000.0,894240000.0,845295000.0,501153000.0,1209163000.0,0.0,641039000.0,1423205000.0,1732998000.0,16.273703366696996,1.6867004687191336,0.16567486116545427,0.3896951601359814,0.013770579371570035,16.273703366696996,0.017977276793701914,1.1696601159793814,22.132448992286637,1.5915246466273036,0.5098283155013685,0.0,0.0057588330563762774,0.5784759268670816,1.490063912617504,0.007642853033869401,40.1581546275395,0.09944541605301914,-0.17142857142857143,-0.09707024554482767,0.2052187326788958,0.2931538924002663,-0.03510254856304424,-0.1659230050845699,-0.14632477615492162,-0.2722154172846764,0.328776070324275,0.18380414968807154,Specialty Business Services,Industrials,ABM
2013Q2,2013,Q2,2013-06-05,2013-04-30,19274000.0,1173617000.0,33617000.0,0.35,125404000.0,0.1068525763,2076390000.0,874733000.0,821576000.0,476457000.0,1201657000.0,0.0,633320000.0,1233597750.0,1579691750.0,15.990000913993237,1.7243444843920857,0.18493635588689986,0.4389910978550026,0.016229498063590028,15.990000913993237,0.022034152135565938,1.0511076015429224,16.0008009494656,1.410256329645732,0.0,0.0,0.0,0.5652199249659264,1.5199461861196288,0.009282456571260698,28.680982771849063,0.10685257626636288,0.4583333333333333,0.6045603243460855,0.15262133244437476,0.29956885096925306,0.09768565526417142,0.4402929308025706,0.7412721433751166,1.1363441935060405,0.3042503341591683,0.18522189280172602,Specialty Business Services,Industrials,ABM
2013Q1,2013,Q1,2013-03-07,2013-01-31,13382000.0,1182123000.0,19306000.0,0.24,114244000.0,0.0966430735,2088148000.0,859463000.0,820478000.0,459154000.0,1228685000.0,0.0,622227000.0,1195188000.0,1581762000.0,15.762732691425951,1.7869342312165417,0.20257184835557632,0.4921677838371169,0.011718373679631373,15.762732691425951,0.015570187430988884,1.0110521493956213,22.32827678971753,1.3906218185076031,1.1996712001195635,0.0,0.013432196441061991,0.566110735445955,1.5779281025538272,0.006408549585565774,-76.72773961610066,0.09664307352111413,-0.52,0.93261605356356,0.17757072208625996,0.3024802849355431,-0.06037751367356171,-0.5162491414524817,-0.4744378504927315,-0.004433597758976985,0.2915506418895662,0.17342593878374327,Specialty Business Services,Industrials,ABM
2012Q4,2012,Q4,2012-12-20,2012-10-31,27663000.0,1090001000.0,36734000.0,0.5,121585000.0,0.1115457692,1869251000.0,850398000.0,767427000.0,473910000.0,1018853000.0,0.0,617372000.0,1032878000.0,1204419000.0,15.643243442110297,1.619351775653605,0.11501933127225825,0.2528227959143836,0.026959934435809383,15.643243442110297,0.03252947443432369,0.9475936260608935,9.334472038462929,1.214581878132357,0.2850016267216137,0.0,0.007633040881885372,0.583121795842292,1.4279061425165116,0.014798975632485953,16.51415780637941,0.11154576922406494,1.173913043478261,0.698356729543956,0.38811706773370164,0.2941304260356005,0.12989861254379362,1.1994911346107975,0.5852069218487033,0.7553065469584975,0.1970575569947257,0.17989741418178837,Specialty Business Services,Industrials,ABM
2012Q3,2012,Q3,2012-09-06,2012-07-31,12577000.0,1079235000.0,23173000.0,0.23,107607000.0,0.0997067367,1886895000.0,825492000.0,760114000.0,459983000.0,1061403000.0,0.0,597722000.0,1007097000.0000001,1237447000.0,15.245950687967495,1.6524828091472945,0.13355274140850446,0.30527249204111,0.01262214064364442,15.245950687967495,0.01523576243016286,0.933158209287134,20.018625268346984,1.2199960750679595,0.6238371630754552,0.0,0.007790709335843518,0.5719634637857433,1.4491687736285905,0.006665447732915716,47.13108386372146,0.09970673671628515,-0.4390243902439024,-0.03507124223906642,0.38461075277061296,0.28008572605104914,-0.01574162154251427,0.07385587431693989,0.22848963579494247,-0.026077433003429185,0.17837670131982689,0.16321457636017903,Specialty Business Services,Industrials,ABM
2012Q2,2012,Q2,2012-06-07,2012-04-30,11712000.0,1057244000.0,18863000.0,0.41,109328000.0,0.1034084847,1875944000.0,817842000.0,747009000.0,453480000.0,1058102000.0,0.0,593112000.0,1250624880.0,1491213880.0,15.223878930027364,1.6472810267266473,0.1417952774709693,0.32524619669813976,0.011609470201941013,15.223878930027364,0.014320614495220348,1.182910359387237,26.695373975409836,1.5291766380303287,0.6688012295081968,0.0,0.006263268966790425,0.5635797230620957,1.437895827820411,0.006243256728345836,32.41472396454305,0.10340848470173394,1.0499999999999998,-0.3561364876417298,0.39271897854986487,0.2922436992579987,0.018283425697387418,0.10178739416745061,0.05995729377388177,-0.12464561548835933,0.17985831302847427,0.17670311229501318,Specialty Business Services,Industrials,ABM
2012Q1,2012,Q1,2012-03-06,2012-01-31,10630000.0,1073785000.0,17796000.0,0.2,107365000.0,0.0999874277,1886800000.0,805159000.0,744871000.0,449663000.0,1081641000.0,0.0,589366000.0,1160928300.0,1436278300.0,15.049982242658741,1.6565094303956518,0.15528937884248464,0.36390327873128164,0.009529370528465475,15.049982242658741,0.013202361272742403,1.081155259199933,27.303111476952022,1.44186216635472,0.728692380056444,0.0,0.006672246683968338,0.5691037735849057,1.4538265323141997,0.005633877464490142,17860.435384615386,0.0999874276507867,-0.3939393939393939,0.11323243706864221,0.39121564478177523,0.3307599754229229,-0.11815919376432227,-0.4110150709219858,-0.46750448833034114,-0.28569199396415407,0.15590698925907556,0.1772140236731372,Specialty Business Services,Industrials,ABM
2011Q4,2011,Q4,2011-12-23,2011-10-31,18048000.0,1081343000.0,33420000.0,0.33,121751000.0,0.1125923967,1879598000.0,795886000.0,733757000.0,443196000.0,1083712000.0,0.0,586625000.0,1081749780.0,1355282780.0,14.876651900035515,1.6556038411899023,0.1596085971574773,0.3769384057515775,0.01775914285650285,14.876651900035515,0.0226766144900149,1.000376180360903,14.984344248670212,1.3591767916510655,0.4136746453900709,0.0,0.006901780927563489,0.5753054642535266,1.4489571205516296,0.009602053204993834,15.547743187305967,0.11259239667709506,-0.3529411764705882,-0.7328074497650807,0.26908463081095246,0.34037658695037937,-0.013387032730160531,-0.35253811659192824,-0.17953502074485062,0.48843800353990213,0.16482002613350794,0.1805674994850023,Specialty Business Services,Industrials,ABM
2011Q3,2011,Q3,2011-09-09,2011-07-31,27875000.0,1076247000.0,40733000.0,0.51,123403000.0,0.1146604822,1926835000.0,784138000.0,765056000.0,442309000.0,1142697000.0,0.0,576139000.0,1182791610.0,1508177610.0,14.737496945890578,1.72968671223059,0.18942981625307823,0.46547929063506677,0.02618364964270174,14.737496945890578,0.03554858966151366,1.0989964292583394,10.607996502242154,1.5083972591559138,0.26704932735426007,0.0,0.006293585393288341,0.5585569080902101,1.5171384710688682,0.014466729117957686,26.161589215014047,0.11466048221272626,0.9615384615384615,0.4833227552246182,0.43344046305802353,0.46398499916409647,0.11688041343482157,0.9641347237880497,0.5371523453715235,0.6169245960624651,0.10095348814207948,0.17108264236989892,Specialty Business Services,Industrials,ABM
2011Q2,2011,Q2,2011-06-09,2011-04-30,14192000.0,1060083000.0,26499000.0,0.26,110489000.0,0.1042267445,1916991000.0,760257000.0,715965000.0,402359000.0,1156734000.0,0.0,555821000.0,1291537920.0,1664247920.0,14.315840018077054,1.7794183801033405,0.20657373978281587,0.5208764930806293,0.014140714233515896,14.315840018077054,0.018667371691414875,1.2183366019453195,22.75116121758737,1.6988175314400262,0.5239571589627959,0.0,0.005757477101407909,0.5529932065408758,1.5360759918381346,0.007403268977266978,47.843597703278384,0.10422674450962802,0.625,0.2658884012734768,0.48859251231819983,0.48685554450653346,0.08953840388920116,0.6915375446960668,0.5665050839441949,0.21705786812240951,0.07246607383271733,0.16350335831881474,Specialty Business Services,Industrials,ABM
2011Q1,2011,Q1,2011-03-10,2011-01-31,8390000.0,1029169000.0,16916000.0,0.16,101409000.0,0.0985348373,1955839000.0,748889000.0,736752000.0,420580000.0,1206950000.0,0.0,549177000.0,1357962300.0,1756597300.0,14.173035068793883,1.7517523420038994,0.21985449722599867,0.5741838910706393,0.008830944786530721,14.173035068793883,0.011203262432750381,1.3194745469402984,40.4637157330155,1.813302505444732,0.8817640047675804,0.0,0.005447868471753598,0.5262033326874043,1.5159066051642969,0.004289719143549137,-346.7728038815117,0.09853483732992346,-0.6,0.9573439645784533,0.4371391527389923,0.45450524726902813,0.03845208593605997,-0.6152435109602862,-0.5269310364114324,0.2503384954989808,0.05791825844272415,0.1711229972735227,Specialty Business Services,Industrials,ABM
2010Q4,2010,Q4,2010-12-23,2010-10-31,21806000.0,901373000.0,35758000.0,0.4,97654000.0,0.108339167,1548670000.0,739025000.0,608756000.0,333851000.0,809645000.0,0.0,547944000.0,1186235550.0,1287289550.0,13.98635477582846,1.8234362035758467,0.09072300748384098,0.1901153546903014,0.02514668488848363,13.98635477582846,0.029506444301613612,1.3160318203451846,13.599875607630928,1.6051358885017422,0.3256443180775933,0.0,0.005986163540622266,0.582030387364642,1.5440990142308995,0.014080469047634422,18.292272047371586,0.10833916702630321,0.0,4.625842437989577,0.2737699864888885,0.44543239841723875,0.05224934001400786,0.04021370986977055,0.012228953178961671,0.37735688360794806,0.18098553727326344,0.15705974478437196,Specialty Business Services,Industrials,ABM
2010Q3,2010,Q3,2010-09-03,2010-07-31,20963000.0,869029000.0,35326000.0,0.4,92805000.0,0.106791603,1528798000.0,716890000.0,617757000.0,336210000.0,811908000.0,0.0,533364000.0,1131633300.0,1248731300.0,13.74695583807935,1.8374141161773891,0.0981162979020119,0.20923712145517442,0.02500674064315381,13.74695583807935,0.029241585180432145,1.3021812850894503,13.495602967132566,1.5785312948987988,0.33568668606592567,0.0,0.006218445498201582,0.5684393883299167,1.5301537729395318,0.013712079686132504,39.03799158272388,0.10679160304201586,1.5,-0.44584874256657875,0.2684475803739388,0.43920946325799687,0.11161019080814977,1.4440946717966654,1.2719145925783009,0.6698751291461483,0.15759947531481933,0.15422660778168135,Specialty Business Services,Industrials,ABM
2010Q2,2010,Q2,2010-06-04,2010-04-30,8577000.0,855461000.0,15549000.0,0.16,83487000.0,0.0975929937,1481909000.0,701634000.0,597245000.0,311732000.0,780275000.0,0.0,519569000.0,1117630430.0,1241687430.0,13.491145422731556,1.9158924974016143,0.09784676387011618,0.20666045260064364,0.01111738615240719,13.491145422731556,0.012224322082453245,1.3064656717255374,32.57637956161828,1.5928966241658755,0.8187011775679142,0.0,0.0062829355854242454,0.5772695894282307,1.561293033759768,0.00578780478423439,23.10251627839676,0.09759299371917597,-0.3333333333333333,-0.21972439191619034,0.2790248232380992,0.44533247278603405,-0.04893886059943269,-0.3286105675146771,-0.2997838422048095,-0.5129422629060264,0.1640476692619336,0.14516462909541186,Specialty Business Services,Industrials,ABM
2010Q1,2010,Q1,2010-03-04,2010-01-31,12775000.0,869884000.0,22206000.0,0.24,87783000.0,0.1009134551,1524201000.0,696116000.0,631317000.0,335506000.0,828085000.0,0.0,518134000.0,1015691600.0000001,1166514600.0,13.4330869724629,1.8816861695468934,0.11284600915496053,0.2470852559056249,0.015641887377478153,13.4330869724629,0.01835182641973464,1.167617291500936,19.87654794520548,1.459083830855777,0.5473189823874756,0.0,0.006883979349637232,0.5707147548125214,1.55159967332924,0.008381440505550121,-62.342965872821026,0.10091345512735031,-0.17241379310344826,0.5304006186558337,0.275563724022699,0.4443282923569442,-0.015565598681185587,-0.14963722292484857,-0.03439579075531591,0.3811898283982646,0.16353201531054343,0.1877897396223565,Specialty Business Services,Industrials,ABM
2009Q4,2009,Q4,2009-12-22,2009-10-31,15023000.0,868005000.0,22997000.0,0.29,89171000.0,0.1027309751,1521153000.0,687050000.0,620997000.0,342694000.0,834103000.0,0.0,512476000.0,973198380.0,1111545380.0,13.258138592462515,1.812103509253153,0.11340082161360494,0.2510734298813769,0.018961115572618953,13.258138592462515,0.02186594862091551,1.1211898318558073,16.195140451307996,1.416488436067244,0.44731411835186047,0.0,0.006905066981307552,0.5706230734186502,1.4759085364786078,0.009876061119427171,15.958257575757576,0.10273097505198703,0.2083333333333333,3.5431182629985782,0.305231394400493,0.47501555686823593,0.011169573401673735,0.2237699576409254,0.12191433310566885,-0.77038946792427,0.05169355671413859,0.19454959861214394,Specialty Business Services,Industrials,ABM
2009Q3,2009,Q3,2009-09-03,2009-07-31,12276000.0,870635000.0,20498000.0,0.24,88186000.0,0.1012892889,1561264000.0,674617000.0,645239000.0,379514000.0,886647000.0,0.0,504175000.0,1084493970.0,1256920970.0,13.106739717510832,1.7001717986688238,0.12553930661310322,0.2905352222075637,0.016720982466699785,13.106739717510832,0.0181969917745921,1.2456356222756952,22.085654325513197,1.6075698803913923,0.5452101661779081,0.0,0.006171541921989663,0.5576475214954038,1.314668233582951,0.00786285983664518,286.67564631245045,0.10128928885238934,-0.040000000000000036,-0.1319579146218854,0.3219156559159255,0.40507897650506347,-0.015374652479260408,-0.03921108241371214,-0.09373065699885047,-0.32472008992766455,0.19869858941095841,0.30198977511812486,Specialty Business Services,Industrials,ABM
2009Q2,2009,Q2,2009-06-05,2009-04-30,12777000.0,855711000.0,22618000.0,0.25,89563000.0,0.1046650096,1521179000.0,663719000.0,611941000.0,351649000.0,857460000.0,0.0,498722000.0,898793520.0,1080793520.0,12.937740005068127,1.740204010248856,0.11964403926165165,0.2742124302603963,0.01638037367142424,12.937740005068127,0.01925061660130266,1.0503470447382353,17.586161070673867,1.3541777770411876,0.5222665727479064,0.0,0.007424397096231847,0.5625314312122374,1.3298374231122512,0.008399405987066611,24.368114087409175,0.10466500956514524,-0.10714285714285723,0.7883894582997573,0.37638607828176385,0.3911975243023633,-0.10619336553431001,-0.10128719139058873,-0.12987612525967532,0.1797730556688633,0.24388673153671248,0.343724883459786,Specialty Business Services,Industrials,ABM
2009Q1,2009,Q1,2009-03-06,2009-01-31,14217000.0,887472000.0,25994000.0,0.28,100204000.0,0.1129094777,1571637000.0,653411000.0,654837000.0,375314000.0,918226000.0,0.0,492626000.0,758983500.0,974021500.0,12.784406182743103,1.744771045044949,0.14443538806989145,0.3474076806175592,0.017908374425568342,12.784406182743103,0.021758127732774624,0.855219657634269,13.346407469930364,1.1615713540176091,0.4671168319617359,0.0,0.008749860833601785,0.564680011987501,1.3643402590897222,0.009045981992024875,36.776019963174726,0.1129094777074657,0.21739130434782614,0.8857361652368291,0.4756946228451573,0.38106694205867986,-0.08967522143992732,0.22729627071823205,0.006466101366786696,2.428955606586413,0.2811957630340773,0.3119974504939168,Specialty Business Services,Industrials,ABM
2008Q4,2008,Q4,2008-12-22,2008-10-31,11584000.0,886880000.0,25827000.0,0.23,110075000.0,0.1241148746,1549913000.0,644051000.0,635069000.0,361089000.0,905862000.0,644000.0,485136000.0,834626299.9999999,1063916299.9999999,12.601271766777538,1.7587603056310217,0.14839542606585016,0.3571145763301353,0.01940396859093251,12.601271766777538,0.017986153270470817,0.9410814315352696,18.012480576657456,1.2959009457325583,0.549896408839779,1206.2189440993789,0.007632158248547884,0.5722127629099182,1.3265150696919596,0.007473967893681774,33.40375810453854,0.12411487461663359,-0.28125,-0.1439452317992453,0.45538660649152735,0.3767192208512641,0.0505344531399122,-0.2941749939068974,-0.1375187844381366,2.08971779922527,0.29568680692256594,0.3022897506102907,Specialty Business Services,Industrials,ABM
2008Q3,2008,Q3,2008-09-08,2008-07-31,16412000.0,930635000.0,29945000.0,0.32,104780000.0,0.1125897908,1611491000.0,637443000.0,693078000.0,376572000.0,974048000.0,934000.0,479640000.0,1212126290.0,1491833290.0,12.584506347106785,1.8404926547911156,0.17685485057006214,0.447098799422066,0.019941013241548334,12.584506347106785,0.02574661577584192,1.3024722796800035,18.46402464660005,1.9015445930067472,0.3856933950767731,884.213062098501,0.0052222281227808365,0.5774993468781395,1.30850142867765,0.010184357219494245,198.35154475535919,0.11258979084173709,0.4545454545454546,0.35999082515656156,0.590613680760073,0.5538448356016115,-0.004153321231359951,0.4822976878612717,0.26179841564132816,-0.5533398476875899,0.39848705098967085,0.3175091881081423,Specialty Business Services,Industrials,ABM
2008Q2,2008,Q2,2008-06-06,2008-04-30,11072000.0,938534000.0,23732000.0,0.22,105217000.0,0.1121078192,1622114000.0,620421000.0,686120000.0,389347000.0,1001693000.0,19117000.0,469677000.0,1055878560.0000001,1339973560.0,12.304081389814375,1.762232661353497,0.18586856410831792,0.485960339833758,0.014341065640473409,12.304081389814375,0.01784594654275081,1.1250296313186312,23.841188583815033,1.7018743079296155,0.569996387283237,43.59036459695559,0.0059770131140838775,0.5785869550475491,1.3407397514299584,0.006825660835181744,28.011103859928376,0.11210781921592611,0.6923076923076923,0.0875458441570355,0.5460712077236854,0.5438554852447973,0.17280469046079763,0.7397862979258328,0.5477727776690797,0.03887478667626715,0.447282386808217,0.318160009641376,Specialty Business Services,Industrials,ABM
2008Q1,2008,Q1,2008-03-10,2008-01-31,6364000.0,922636000.0,15333000.0,0.13,89714000.0,0.0972366134,1628332000.0,606472000.0,680508000.0,386163000.0,1021860000.0,20676000.0,465037000.0,1038341360.0,1351108360.0,12.102089278231198,1.7622299391707648,0.19406361847583908,0.5210463137622182,0.009978316597299988,12.102089278231198,0.010493477027793534,1.1254073762567254,40.7896511627907,1.712101069793824,0.9836580766813325,40.28448442638808,0.006028845850848126,0.5666141794179566,1.329606927644544,0.003908293886013417,-30.05503531318745,0.09723661335564622,-0.5517241379310345,0.43600447773647044,0.5554250454806476,0.5539884385219219,0.11758330738087823,-0.5761571761571762,-0.3714437976551611,-0.21163055895493452,0.39902862361746305,0.3012191447141487,Specialty Business Services,Industrials,ABM
2007Q4,2007,Q4,2007-12-21,2007-10-31,15015000.0,723862000.0,24394000.0,0.29,80275000.0,0.1108982099,1120673000.0,605758000.0,642890000.0,289744000.0,514915000.0,20350000.0,465463000.0,1178657760.0,1042465760.0,12.087841478259135,2.2188207521122094,0.0,0.0,0.024909662882854063,12.087841478259135,0.024787126212117712,1.6282906962929398,19.62467132867133,1.9457568203804159,0.39973359973359973,31.625896805896804,0.005092233049905853,0.6459172300929887,1.7639882102821802,0.013398199117851506,20.300684808818463,0.11089820987978372,0.2608695652173912,0.21325736969664016,0.2116576360128059,0.5334649391808141,0.14007555530307333,0.2513542795232936,0.45522877766509573,3.6954594944193246,0.12558021265798142,0.3448157978621438,Specialty Business Services,Industrials,ABM
2007Q3,2007,Q3,2007-09-10,2007-07-31,11999000.0,717549000.0,16763000.0,0.23,70412000.0,0.0981284902,1044511000.0,593659000.0,642470000.0,285927000.0,450852000.0,22466000.0,456507000.0,1254100200.0,1146775200.0,11.910101314073628,2.2469721292497735,0.0,0.0,0.02033934132081746,11.910101314073628,0.0202119398509919,1.7477554842944523,26.129264938744896,2.1124925251701736,0.49879156596383034,28.80517226030446,0.004772345941735756,0.6869712238549905,1.775806412126172,0.01148767222173821,122.26773910500147,0.09812849017976473,-0.30303030303030304,-0.06523752046731927,0.2852841035848543,0.5311021211395087,-0.10346583819297665,-0.28244229159191486,-0.3453487463875654,-0.12386715676893136,0.12501987069235812,0.27679600916255515,Specialty Business Services,Industrials,ABM
2007Q2,2007,Q2,2007-06-08,2007-04-30,16722000.0,697851000.0,25606000.0,0.33,78538000.0,0.1125426488,1006179000.0,581803000.0,611291000.0,266688000.0,424376000.0,23303000.0,450609000.0,1389693900.0,1291008900.0,11.780965880328035,2.2921578773698106,0.0,0.0,0.02886455855873656,11.780965880328035,0.02874168747840764,1.9913905690469742,20.776430749910297,2.3885987181228012,0.35659610094486305,26.57653521005879,0.004290872975696303,0.6935654590286618,1.7805263078953684,0.016619309287910004,410.9089000591366,0.11254264878892485,0.8333333333333335,0.19224533388384613,0.45960379027286735,0.5737647377609687,0.06935896737650454,0.9211856617647058,0.8980060781261582,1.4313764074054265,0.16602170388191909,0.26680939330846215,Specialty Business Services,Industrials,ABM
2007Q1,2007,Q1,2007-03-09,2007-01-31,8704000.0,703549000.0,13491000.0,0.18,73444000.0,0.104390739,993091000.0,551510000.0,606349000.0,282135000.0,441581000.0,23356000.0,439850000.0,1260113440.0,1169448440.0,11.309313866218266,2.1491449128963085,0.0,0.0,0.01593926143707449,11.309313866218266,0.015782125437435405,1.7910812750782106,36.193515624999996,2.2848424144621133,0.6726792279411765,26.978292515841755,0.0046464070726838684,0.7084436370886454,1.6824073581795949,0.008764554305698068,-31.942039036755386,0.10439073895350573,-0.8548387096774194,0.09369252934671471,0.4841807315203629,0.4962277979996424,-0.5577367761826766,-0.8586347468775885,-0.8756165697057983,0.2099866975192583,0.22609728761806555,0.2217164641626392,Specialty Business Services,Industrials,ABM
