Quarters,Year,Quarter,FillingDate,Date,NetIncome,Revenue,OperatingIncome,EPSDiluted,GrossProfit,GrossProfitRatio,TotalAssets,CommonStockEquity,CurrentAssets,CurrentLiability,TotalLiability,Inventory,RetainedEarnings,MarketCap,EnterpriseValue,bookValuePerShare,currentRatio,debtToAssets,debtToEquity,roic,shareholdersEquityPerShare,roe,priceToSalesRatio,peRatio,pbRatio,payoutRatio,inventoryTurnover,dividendYield,assetTurnover,quickRatio,returnOnAssets,priceToFreeCashFlowsRatio,grossProfitMargin,epsdilutedGrowth,fiveYNetIncomeGrowthPerShare,fiveYRevenueGrowthPerShare,fiveYShareholdersEquityGrowthPerShare,grossProfitGrowth,netIncomeGrowth,operatingIncomeGrowth,threeYNetIncomeGrowthPerShare,threeYRevenueGrowthPerShare,threeYShareholdersEquityGrowthPerShare,Industry,Sector,Symbol
2023Q1,2023,Q1,2023-05-10,2023-03-31,-14551000.0,4060000.0,-20857000.0,-0.0613,-365000.0,-0.0899014778,688694000.0,593461000.0,386407000.0,25563000.0,95233000.0,4355000.0,-673000000.0,365381448.74,92840448.74000001,2.5013036188663724,15.115870594218206,0.10126703586788907,0.1175174105796337,-0.02589389112206576,2.5013036188663724,-0.024518881611428553,89.99543072413793,-6.277600315098619,0.6156789557190785,0.0,1.0160734787600458,0.0,0.005895216162766047,14.710127919258303,-0.021128396646406096,-11.832300801165804,-0.08990147783251232,0.387,0.972381382632767,-0.9976609627849045,-0.9542155300164562,0.8746135348677431,0.4018334292526515,0.22599918358258805,0.904073851732769,-0.9352527507951657,-0.4386854075245066,Specialty Chemicals,Basic Materials,GEVO
2022Q4,2022,Q4,2023-03-09,2022-12-31,-24326000.0,545000.0,-26947000.0,-0.1,-2911000.0,-5.3412844037,700748000.0,605477000.0,415422000.0,25436000.0,95271000.0,6347000.0,-655382000.0,450698416.7,283264416.7,2.552496874569118,16.33204906431829,0.09945229954277429,0.11510098649494531,-0.03812212705384075,2.552496874569118,-0.04017658804545837,826.9695719266055,-4.631859088012825,0.7443691778548153,0.0,0.5445092169528911,0.0,0.0007777403574466142,15.922668658594118,-0.034714333826140066,-19.525123107914915,-5.341284403669725,0.47368421052631576,0.9747410773059529,-0.9996284367195878,-0.9565965044058685,0.18891056004458065,0.4459148577545954,0.382926103185326,0.7944481784651262,-0.9954436208977465,-0.5191028858161043,Specialty Chemicals,Basic Materials,GEVO
2022Q3,2022,Q3,2022-11-08,2022-09-30,-43903000.0,309000.0,-43669000.0,-0.19,-3589000.0,-11.6148867314,729411000.0,624942000.0,431722000.0,17629000.0,104469000.0,4135000.0,-629995000.0,539561555.4,427030555.4,2.640788146856914,24.48930739123036,0.12069052975620055,0.14086587235295436,-0.059684993812575145,2.640788146856914,-0.07025131932243313,1746.1539009708738,-3.0724640423205702,0.8633786101750242,0.0,0.9426844014510278,0.0,0.00042362947638574137,24.04055817119519,-0.060189659876256324,-12.838755898729357,-11.614886731391586,-2.909465020576132,0.9631282064649908,-0.9998600134995964,-0.967172815934748,0.013740038472107722,-3.301263838542177,-1.7098355569345332,0.7208658049620044,-0.9972286396783407,-0.5547784646736951,Specialty Chemicals,Basic Materials,GEVO
2022Q2,2022,Q2,2022-08-08,2022-06-30,-10207000.0,89000.0,-16115000.0,-0.0486,-3639000.0,-40.8876404494,774611000.0,663768000.0,484621000.0,25624000.0,110843000.0,2649000.0,-586209000.0,493053485.90000004,412162485.90000004,3.16366245165614,18.912777083983766,0.1188893522038804,0.138742753492184,-0.01600857130246194,3.16366245165614,-0.015377360764604501,5539.926807865169,-12.076356566571961,0.7428099665847103,0.0,1.4073235183087958,0.0,0.00011489638024763398,18.429050889790823,-0.013176936552669662,-25.154506703739607,-40.8876404494382,0.3622047244094489,0.9963188994881044,-0.9999567694014854,-0.9640339167543005,0.0785008863003292,0.3368202196088623,-0.010028204324663115,0.9184462300888275,-0.9990086983871214,-0.5607114034714079,Specialty Chemicals,Basic Materials,GEVO
2022Q1,2022,Q1,2022-05-09,2022-03-31,-15391000.0,232000.0,-15955000.0,-0.0762,-3949000.0,-17.0215517241,638660000.0,534435000.0,335419000.0,17944000.0,104225000.0,2735000.0,-573048000.0,945012495.9599999,991106495.9599999,2.646690716464206,18.692543468568882,0.14204741176839006,0.16974936147520278,-0.02414755857162356,2.646690716464206,-0.02879863781376594,4073.3297239655167,-15.350082774998373,1.7682458969940216,0.0,1.5287020109689213,0.0,0.00036326057683274353,17.309797146678555,-0.024098894560486018,-21.63093975370811,-17.021551724137932,0.07748184019370463,0.9925599150313802,-0.9998814996904145,-0.9800644991286496,-0.028117677688102055,0.07760997243197891,0.023561811505507957,0.8738690937322896,-0.998178016196346,-0.7095595823443832,Specialty Chemicals,Basic Materials,GEVO
2021Q4,2021,Q4,2022-02-24,2021-12-31,-16686000.0,54000.0,-16340000.0,-0.0826,-3841000.0,-71.1296296296,666476000.0,547255000.0,351791000.0,32631000.0,119221000.0,2751000.0,-557375000.0,864100310.88,914113310.88,2.7106244153698436,10.780883209218228,0.13630798408344785,0.16600305159386392,-0.024941936069856053,2.7106244153698436,-0.030490356415199496,16001.85760888889,-12.946486738583245,1.5789719799362272,0.0,1.415848782260996,0.0,8.102317262737142e-05,9.7193159878643,-0.025036160341857773,-19.76441699176578,-71.12962962962963,-0.18,0.9876510165711498,-0.999984325155619,-0.9866153527168123,-0.15,-0.1603616133518776,-0.11065796628602502,0.9001662073417956,-0.9996536510494187,-0.7380934528399251,Specialty Chemicals,Basic Materials,GEVO
2021Q3,2021,Q3,2021-11-10,2021-09-30,-14380000.0,142000.0,-14712000.0,-0.07,-3340000.0,-23.52112676056338,675355000.0,559800000.0,361338000.0,27474000.0,115555000.0,2341000.0,-540862000.0,1323627686.1599998,1398308686.1599998,2.8082458827857133,13.151998252893645,0.13456922655492295,0.16234726688102893,-0.02180398643030861,2.8082458827857133,-0.025687745623436942,9321.321733521127,-23.011607895688456,2.3644653200428722,0.0,1.4873985476292182,0.0,0.0002102597892959999,10.990390915046953,-0.02129250542307379,-37.8038924445206,-23.52112676056338,0.22222222222222213,0.9982283573486137,-0.9999751865009162,-0.9898604348711526,-0.36437908496732024,0.21218429847148415,0.22657974976343181,0.9152028126915196,-0.9993281609936631,-0.7563781930865064,Specialty Chemicals,Basic Materials,GEVO
2021Q2,2021,Q2,2021-08-13,2021-06-30,-18253000.0,346000.0,-19022000.0,-0.09,-2448000.0,-7.07514450867052,685674000.0,576123000.0,329176000.0,21455000.0,109551000.0,2216000.0,-526482000.0,1440459043.3999999,1516448043.3999999,2.9076940640490827,15.342624096947098,0.135740891444039,0.1615523074065781,-0.027346844301830264,2.9076940640490827,-0.03168247058353858,4163.176426011561,-19.72907252780365,2.500263040010553,0.0,1.2608303249097472,0.0,0.0005046129793458699,12.34295036122116,-0.026620522289017814,-65.9550844047619,-7.07514450867052,-0.7999999999999998,0.9994738784644428,-0.999973586726288,-0.9938675815179905,-0.23573952549217567,-0.8149547578800835,-0.9256934602146183,0.9871960828754984,-0.9997039061316169,-0.953368230511071,Specialty Chemicals,Basic Materials,GEVO
2021Q1,2021,Q1,2021-05-14,2021-03-31,-10057000.0,13000.0,-9878000.0,-0.05,-1981000.0,-152.3846153846154,608728000.0,595691000.0,533524000.0,10726000.0,13037000.0,2452000.0,-508229000.0,1800787600.44,1276692600.44,3.2450960394064006,49.74118963266828,0.002017321365207449,0.0020614714675897404,-0.016548308899532432,3.2450960394064006,-0.016882914128298062,138522.12311076923,-44.76453217758775,3.0230230109905976,0.0,0.8132137030995106,0.0,2.1356007937863874e-05,48.98517620734663,-0.01652133629469977,-152.6738109741416,-152.3846153846154,0.6666666666666666,0.9991255407936297,-0.999999355233229,-0.9960642702588909,-0.2871994801819363,0.4429489309848233,-0.41134447778254035,0.9753276889826491,-0.9999903197463147,-0.9406009725931411,Specialty Chemicals,Basic Materials,GEVO
2020Q4,2020,Q4,2021-03-18,2020-12-31,-18054000.0,421000.0,-6999000.0,-0.15,-1539000.0,-3.655581947743468,152099000.0,146379000.0,83270000.0,4932000.0,5720000.0,2256000.0,-498172000.0,510072760.0,433000760.0,1.2196509964578386,16.883617193836173,0.008323526124432113,0.0086487815875228,-0.04740424667276237,1.2196509964578386,-0.12333736396614269,1211.5742517814726,-7.063154425612052,3.484603392563141,0.0,0.8687943262411347,0.0,0.0027679340429588623,16.294606650446067,-0.11869900525315748,-57.27293509993263,-3.655581947743468,-0.6666666666666666,0.9991519548611717,-0.9999784222849438,-0.9988671676814342,0.2801683816651076,-1.6410181392627268,-0.14681304276585286,0.9629484150958804,-0.9994327067546946,-0.9792606536844156,Specialty Chemicals,Basic Materials,GEVO
2020Q3,2020,Q3,2020-11-12,2020-09-30,-6836000.0,122000.0,-6103000.0,-0.09,-2138000.0,-17.524590163934427,153487000.0,134589000.0,88156000.0,18143000.0,18898000.0,2551000.0,-480118000.0,77019076.0416,10191076.041600004,1.7467771792969065,4.858953866504988,0.08986428818075798,0.10248237225924853,-0.04113032578075508,1.7467771792969065,-0.05079166945292706,631.3039019803279,-2.8166718856641313,0.5722538694960213,0.0,0.8859270874166993,0.0,0.0007948555903757322,4.464035716254203,-0.044537973900069715,-19.687902873619635,-17.524590163934427,0.7750000000000001,0.9994321890995967,-0.9999917599357201,-0.9986228260573444,-0.25616921269095183,-0.13122621214628497,-0.16092828609473084,0.9823665937273719,-0.9998302453803564,-0.9782861127826517,Specialty Chemicals,Basic Materials,GEVO
2020Q2,2020,Q2,2020-08-10,2020-06-30,-6043000.0,942000.0,-5257000.0,-0.4,-1702000.0,-1.8067940552016986,80101000.0,59887000.0,13356000.0,19171000.0,20214000.0,2480000.0,-473282000.0,11945357.822999999,21278357.823,3.973630334338458,0.6966772729643733,0.19562801962522317,0.26165945864711876,-0.06957661103537727,3.973630334338458,-0.10090670763270827,12.680846945859871,-0.49418160776931985,0.1994649560505619,0.0,1.0661290322580645,0.0,0.01176015280708106,0.36946429502894995,-0.07544225415413042,-2.563381507081545,-1.8067940552016986,0.375,0.9990925110831909,-0.9997722088512467,-0.9977790200838027,0.6054705609643023,0.3469145142116071,0.34089769307923773,0.9696601638388288,-0.9936300911159164,-0.9548258002943268,Specialty Chemicals,Basic Materials,GEVO
2020Q1,2020,Q1,2020-05-13,2020-03-31,-9253000.0,3825000.0,-7976000.0,-0.64,-4314000.0,-1.127843137254902,84162000.0,64493000.0,15959000.0,19002000.0,19669000.0,2680000.0,-467239000.0,11867694.36,17235694.36,4.456152846187724,0.8398589622145037,0.17415223022266582,0.22726497449335586,-0.1007706885660139,4.456152846187724,-0.14347293504721442,3.1026651921568624,-0.3206445034043013,0.1840152320406866,0.0,3.0369402985074627,0.0,0.045448064447137664,0.49684243763814334,-0.10994272949787315,-1.5283572904056664,-1.127843137254902,-0.28,0.9981907354387903,-0.9990690077066939,-0.9979623075909649,-0.6990941315478535,-0.35774027879677184,-0.28087361490284246,0.9375930702595352,-0.9727414884744647,-0.9664352021203579,Specialty Chemicals,Basic Materials,GEVO
2019Q4,2019,Q4,2020-03-17,2019-12-31,-6815000.0,6888000.0,-6227000.0,-0.5,-2539000.0,-0.36861207897793263,93359000.0,72504000.0,24228000.0,20094000.0,20855000.0,3201000.0,-457986000.0,31554470.64,29901470.64,5.307781642443044,1.205733054643177,0.15691042106277917,0.20204402515723272,-0.07144906084701616,5.307781642443044,-0.09399481407922322,4.581078780487805,-1.157537440939105,0.43521006620324393,0.0,2.9450171821305844,0.0,0.07377971057959061,0.8677714740718623,-0.07299778275260017,-5.047907637178052,-0.36861207897793263,0.24242424242424246,0.9992595020731406,-0.9991272650475116,-0.9981415305057421,0.3288395453343907,0.2093050237846618,0.22191678120704736,0.9254553805159086,-0.9704488701699298,-0.9737909889922592,Specialty Chemicals,Basic Materials,GEVO
2019Q3,2019,Q3,2019-11-13,2019-09-30,-8619000.0,6110000.0,-8003000.0,-0.66,-3783000.0,-0.6191489361702127,95468000.0,76920000.0,25842000.0,18098000.0,18548000.0,2962000.0,-451171000.0,43443687.75,36438687.75,5.931402543054141,1.4278925848160018,0.1460070390078351,0.1812142485699428,-0.08779551313696451,5.931402543054141,-0.11205148205928236,7.110259860883797,-1.2601139270797075,0.5647905323712948,0.0,3.3399729912221474,0.0,0.06400050278627394,1.178141231075257,-0.09028156031340344,-6.822187146670855,-0.6191489361702127,-0.10000000000000009,0.9897118145941532,-0.999325401816585,-0.9985028428522357,-0.12388591800356506,-0.2156558533145275,-0.23255813953488372,0.9836773747953048,-0.9835881793083537,-0.9785838402686274,Specialty Chemicals,Basic Materials,GEVO
2019Q2,2019,Q2,2019-08-14,2019-06-30,-7090000.0,5086000.0,-6493000.0,-0.6,-3366000.0,-0.6618167518678726,103793000.0,85597000.0,34120000.0,17691000.0,18196000.0,3329000.0,-442552000.0,24008758.48,8533758.48,7.201785970900399,1.928664292578147,0.13180079581474666,0.1598186852342956,-0.06520974982675679,7.201785970900399,-0.0828300057244997,4.720558096736139,-0.84657117348378,0.28048598058343166,0.0,2.5389005707419647,0.0,0.04900137774223695,1.6573964162568537,-0.06830903818176563,-3.8127296299825315,-0.6618167518678726,0.0,0.9996061189339958,-0.9993721762937173,-0.9981304007819608,-0.3158717748240813,-0.15547588005215124,-0.15369580668088131,0.9965932031997575,-0.9935275208637292,-0.9848112062622141,Specialty Chemicals,Basic Materials,GEVO
2019Q1,2019,Q1,2019-05-08,2019-03-31,-6136000.0,6403000.0,-5628000.0,-0.6,-2558000.0,-0.3995002342651882,111463000.0,92529000.0,41680000.0,18280000.0,18934000.0,3187000.0,-435462000.0,22947752.979999997,1022752.9799999967,9.112680452079713,2.280087527352298,0.12148425935063653,0.14634330858433572,-0.05277222987988411,9.112680452079713,-0.06631434469193442,3.5839064469779784,-0.9349638600065189,0.24800606274789525,0.0,2.811735174144964,0.0,0.05744507145869033,2.001695842450766,-0.05504965773395656,-2.9003732280080885,-0.3995002342651882,0.27710843373493976,0.9994299719280008,-0.9921136989357372,-0.9982886067261135,0.15827574860151367,0.13601802309208674,0.16187639612807148,0.9903546450957321,-0.9942587751765737,-0.9889479241782209,Specialty Chemicals,Basic Materials,GEVO
2018Q4,2018,Q4,2019-03-28,2018-12-31,-7102000.0,6625000.0,-6715000.0,-0.83,-3039000.0,-0.4587169811320755,107035000.0,88787000.0,38710000.0,5290000.0,18248000.0,3166000.0,-429326000.0,16814442.12,-3971557.879999999,10.349586311460687,7.317580340264651,0.12096977624141636,0.14583216011353015,-0.06600481643485526,10.349586311460687,-0.07998918760629371,2.538028999245283,-0.5918910912419036,0.18937955015937016,0.0,3.0524320909665192,0.0,0.06189564161255664,6.4763705103969755,-0.06635212780866072,-2.403093057024439,-0.4587169811320755,0.023529411764705903,0.9996038200978564,-0.9962216563618597,-0.9987907133599022,-0.4802727715538237,-0.03226744186046512,-0.09937786509495743,0.9953329440366684,-0.9952496451746621,-0.9903871305058101,Specialty Chemicals,Basic Materials,GEVO
2018Q3,2018,Q3,2018-11-06,2018-09-30,-6880000.0,8575000.0,-6108000.0,-0.85,-2053000.0,-0.23941690962099124,111366000.0,93224000.0,43203000.0,5580000.0,18142000.0,3301000.0,-422224000.0,31945218.150000002,6475218.150000002,11.527071071198804,7.74247311827957,0.11534938850277464,0.13779713378529135,-0.0575846139341944,11.527071071198804,-0.07380073800738007,3.725389871720117,-1.160800078125,0.3426716097785978,0.0,3.2196304150257498,0.0,0.07699836574897186,6.992831541218638,-0.06177828062424798,-10.029895808477237,-0.23941690962099124,0.8817802503477052,0.9995889725368269,-0.9927792911451688,-0.998633938043768,-0.612725844461901,0.4013226592412113,-0.39483900433889013,0.9945555576443145,-0.9944821715777876,-0.9909119594058451,Specialty Chemicals,Basic Materials,GEVO
2018Q2,2018,Q2,2018-08-08,2018-06-30,-11492000.0,9420000.0,-4379000.0,-7.19,-1273000.0,-0.1351380042462845,116030000.0,99595000.0,47577000.0,4290000.0,16435000.0,3846000.0,-415344000.0,6069519.6,-8545480.399999999,62.354358325163,11.09020979020979,0.10699819012324399,0.12465485215121241,-0.03909472368538523,62.354358325163,-0.115387318640494,0.6443226751592356,-0.13203793073442394,0.06094201114513781,0.0,2.780291211648466,0.0,0.0811859001982246,9.986480186480186,-0.09904335085753685,-1.7416125107604017,-0.1351380042462845,-2.268181818181818,0.9965835794775116,-0.9770692143169201,-0.9943408884622961,0.455982905982906,-3.59312549960032,0.1240248049609922,0.9837160887499452,-0.9785062982257396,-0.9651482986902922,Specialty Chemicals,Basic Materials,GEVO
2018Q1,2018,Q1,2018-05-10,2018-03-31,-2502000.0,8243000.0,-4999000.0,-2.2,-2340000.0,-0.28387722916413927,82873000.0,61556000.0,13306000.0,7307000.0,21317000.0,4356000.0,-403852000.0,10390759.391999999,19620759.391999997,54.63214098067338,1.8209935678116875,0.1961917633004718,0.26413347196049125,-0.06424211270320632,54.63214098067338,-0.04064591591396452,1.2605555491932547,-1.0382453429256593,0.16880173162648646,0.0,2.429522497704316,0.0,0.09946544712994582,1.1382236211851648,-0.030190773834662676,-2.3524472248132215,-0.28387722916413927,0.44999999999999996,0.9991741449359349,-0.9858928321193992,-0.9957438561943537,0.12129177619226436,0.42954856361149113,-0.039725457570715474,0.9937159859146621,-0.9742290590190502,-0.9750180250076274,Specialty Chemicals,Basic Materials,GEVO
2017Q4,2017,Q4,2018-03-28,2017-12-31,-4386000.0,6680000.0,-4808000.0,-4.0,-2663000.0,-0.39865269461077846,88853000.0,63531000.0,17681000.0,11186000.0,25322000.0,4362000.0,-401350000.0,12754045.411999999,20431045.412,58.80855538543852,1.580636509923118,0.21642488154592418,0.30268687727251264,-0.058094996435519144,58.80855538543852,-0.0690371629598149,1.909288235329341,-0.7269747726858184,0.20075310339834096,0.0,2.1419073819348924,0.0,0.07518035406795494,1.1270337922403004,-0.04936243008114526,-2.8920737895691606,-0.39865269461077846,0.2,0.997981874354457,-0.9789492528559938,-0.9960626382458053,-0.32487562189054725,-0.056104021189501564,0.05965186778799139,0.9939739829939532,-0.989297889460678,-0.9794087410621295,Specialty Chemicals,Basic Materials,GEVO
2017Q3,2017,Q3,2017-11-06,2017-09-30,-4153000.0,7699000.0,-5113000.0,-5.0,-2010000.0,-0.2610728666060527,93886000.0,66400000.0,21166000.0,13721000.0,27486000.0,4331000.0,-396964000.0,10306031.802000001,15618031.802000001,80.44516220482744,1.5425989359376138,0.2138337984364016,0.30234939759036145,-0.059126231555576114,80.44516220482744,-0.06254518072289157,1.3386195352643202,-0.6203968096556707,0.15521132231927712,0.0,2.241745555299007,0.0,0.08200370662292568,1.1666059325122076,-0.04423449715612551,-3.009939194509346,-0.2610728666060527,0.6212121212121212,0.9973178921992653,-0.8933808075797671,-0.99529734262129,0.07073509015256588,0.5911596771017917,0.17225190221790512,0.9221143297806771,-0.9866447505067207,-0.9796946761370866,Specialty Chemicals,Basic Materials,GEVO
2017Q2,2017,Q2,2017-08-03,2017-06-30,-10158000.0,7542000.0,-6177000.0,-13.2,-2163000.0,-0.286793953858393,96971000.0,67610000.0,22925000.0,15772000.0,29361000.0,4295000.0,-392811000.0,10593175.968,16362175.968,87.96238472907429,1.4535252345929495,0.22761444143094328,0.32646058275403045,-0.0688766976650833,87.96238472907429,-0.15024404673864813,1.4045579379474942,-0.2607101783815712,0.15668060890400828,0.0,2.2596041909196742,0.0,0.07777582988728589,1.1200862287598274,-0.10475296738200081,-1.7717303843452084,-0.286793953858393,-0.29411764705882354,0.9964274710291429,-0.9938936441290306,-0.9938842948245505,0.4295886075949367,-0.7118301314459049,0.13993316624895571,0.9912736732600844,-0.9856036540314881,-0.9771647746307877,Specialty Chemicals,Basic Materials,GEVO
2017Q1,2017,Q1,2017-05-09,2017-03-31,-5934000.0,5616000.0,-7182000.0,-10.2,-3792000.0,-0.6752136752136753,104587000.0,76900000.0,26635000.0,26432000.0,27687000.0,4178000.0,-382654000.0,13206421.200000001,10540421.200000001,132.76268971339488,1.0076800847457628,0.16949525275607868,0.23052015604681406,-0.07589799951388082,132.76268971339488,-0.07716514954486346,2.351570726495727,-0.5563878159757331,0.17173499609882964,0.0,2.2517951172809956,0.0,0.05369692217962079,0.817077784503632,-0.05673745302953522,-1.5144978440366974,-0.6752136752136753,-0.5454545454545454,0.9976843805436303,-0.997154935170815,-0.9924959022651894,-0.6351875808538163,-1.5923984272608125,-0.10611427691359926,0.9903363795410199,-0.8787453563615315,-0.9750667023392974,Specialty Chemicals,Basic Materials,GEVO
2016Q4,2016,Q4,2017-03-31,2016-12-31,-2289000.0,5836000.0,-6493000.0,-6.6,-2319000.0,-0.39736120630568883,112324000.0,69264000.0,33318000.0,34660000.0,43060000.0,3458000.0,-376720000.0,23667438.0,29916438.0,202.5174334459015,0.9612810155799192,0.3039154588511805,0.4928534303534304,-0.06279436369087339,202.5174334459015,-0.03304747054747055,4.055421178889651,-2.584910222804718,0.34169897782397785,0.0,2.3582995951417005,0.0,0.05195683914390513,0.8369878822850548,-0.020378547772515222,-5.004744766335377,-0.39736120630568883,0.835,0.9979624165309431,-0.9957303912342038,-0.9905244076149073,0.14301552106430154,0.767590618336887,-0.05835370823145884,0.9967971337532491,-0.9165143000981903,-0.9763370612811997,Specialty Chemicals,Basic Materials,GEVO
2016Q3,2016,Q3,2016-11-14,2016-09-30,-9849000.0,6944000.0,-6135000.0,-40.0,-2706000.0,-0.3896889400921659,116110000.0,66992000.0,36189000.0,40321000.0,49118000.0,3203000.0,-374431000.0,46635235.2,49692235.2,276.9592035851896,0.8975223828774088,0.2938592713805874,0.5093145450203009,-0.06067529076667458,276.9592035851896,-0.14701755433484595,6.715903686635945,-1.1837555893999392,0.6961314067351326,0.0,3.012800499531689,0.0,0.05980535698906209,0.7971528483916569,-0.0848247351649298,-8.459139343370216,-0.3896889400921659,0.7727272727272727,0.9857346838693744,-0.9929304190936973,-0.9884411527503195,-0.44243070362473347,0.541629822683483,-0.11707938820101967,0.9803267477465883,-0.8044953738412263,-0.9671778347587924,Specialty Chemicals,Basic Materials,GEVO
2016Q2,2016,Q2,2016-08-10,2016-06-30,-21487000.0,8113000.0,-5492000.0,-176.0,-1876000.0,-0.23123382226056946,109247000.0,58185000.0,28060000.0,34517000.0,51062000.0,2885000.0,-364583000.0,28960504.0,46699504.0,474.1512785827208,0.8129327577715328,0.3694014480946845,0.6935808197989173,-0.05573314660902568,474.1512785827208,-0.36928761708344077,3.5696418094416367,-0.33695378601014564,0.4977314428117212,0.0,3.4623916811091853,0.0,0.07426290882129487,0.7037401859953066,-0.1966827464369731,-3.422822834180357,-0.23123382226056946,-1.75,0.9394895694266467,-0.9804021791015011,-0.982046165065795,0.35377196004133654,-4.960332871012483,0.06375724514149335,0.9168565392670037,-0.7429449635065947,-0.9569673228413015,Specialty Chemicals,Basic Materials,GEVO
2016Q1,2016,Q1,2016-05-12,2016-03-31,-3605000.0,6320000.0,-5866000.0,-64.0,-2903000.0,-0.4593354430379747,95512000.0,47443000.0,13536000.0,32468000.0,48069000.0,2987000.0,-343097000.0,6214320.0,35884320.0,824.5220716023636,0.41690279659972895,0.4014364687159729,0.8081698037645174,-0.06838025295797634,824.5220716023636,-0.07598591994604051,0.9832784810126582,-0.4309514563106796,0.1309849714394115,0.0,3.0877134248409774,0.0,0.06616969595443505,0.2938585684366145,-0.03774394840438898,-0.8017442910592182,-0.4593354430379747,0.6363636363636364,0.9845445183658589,-0.9835399584431944,-0.9848311679040987,-0.7036384976525821,0.5472243154986184,0.10932280595201943,0.9766990239825591,-0.7882009898549143,-0.9357652025954736,Specialty Chemicals,Basic Materials,GEVO
2015Q4,2015,Q4,2016-03-30,2015-12-31,-7962000.0,7297000.0,-6586000.0,-176.0,-1704000.0,-0.23352062491434836,103128000.0,48326000.0,22640000.0,18301000.0,54802000.0,3487000.0,-339492000.0,11131728.0,30786728.0,1076.6385955531791,1.2370908693514016,0.3557326817159258,0.7591358688904524,-0.07747141580012233,1076.6385955531791,-0.1647560319496751,1.5255211730848295,-0.3495267520723437,0.2303465629267889,0.0,2.5813019787783196,0.0,0.07075672950120239,1.0066116605649964,-0.07720502676285781,-1.3345795468169284,-0.23352062491434836,-0.1282051282051282,0.9255686073487893,-0.9693256024925117,-0.8564050332500345,0.34762633996937214,-0.2213529682466636,0.2898425706275609,0.9118269178379568,-0.44656111027585427,-0.927916684886454,Specialty Chemicals,Basic Materials,GEVO
2015Q3,2015,Q3,2015-11-05,2015-09-30,-6519000.0,8017000.0,-9274000.0,-156.0,-2612000.0,-0.32580765872520895,100953000.0,52918000.0,20658000.0,10526000.0,48035000.0,2703000.0,-331530000.0,28704048.0,50183048.0,1268.3780350423049,1.962568877066312,0.37326280546392876,0.7120828451566574,-0.10236203090507726,1268.3780350423049,-0.1231905967723648,3.5803976549831606,-1.1007841693511276,0.542425034959749,0.0,3.932297447280799,0.0,0.07941319227759452,1.6470644119323579,-0.06457460402365457,-4.612573999678611,-0.32580765872520895,0.7132352941176471,0.9759681371793468,-0.6580728142267189,-0.8796069770268279,-1.6817248459958931,0.5463465553235908,-0.41999693768182517,0.916706959158864,1.1964756391828757,-0.9258532500649574,Specialty Chemicals,Basic Materials,GEVO
2015Q2,2015,Q2,2015-08-07,2015-06-30,-14370000.0,8924000.0,-6531000.0,-544.0,-974000.0,-0.10914388166741372,110047000.0,58188000.0,28320000.0,15037000.0,51859000.0,2902000.0,-325011000.0,42540084.0,56993084.0,1789.1338437413522,1.8833543924985037,0.33604732523376374,0.6355434110125799,-0.0686252876461873,1789.1338437413522,-0.2469581356980821,4.766930076199014,-0.7400849686847599,0.731080016498247,0.0,3.410751206064783,0.0,0.08109262406062864,1.6523907694353928,-0.13058057012003962,-7.812687603305785,-0.10914388166741372,-0.5445846678409996,0.8632506494478255,0.5810115332299631,-0.85541804158831,0.7079460269865068,-0.9569658177856462,0.31512164429530204,0.8805605868576702,-0.8292430117467722,-0.8756080210712605,Specialty Chemicals,Basic Materials,GEVO
2015Q1,2015,Q1,2015-05-13,2015-03-31,-7343000.0,5899000.0,-9536000.0,-352.198239,-3335000.0,-0.5653500593320901,95017000.0,45443000.0,11553000.0,13702000.0,49574000.0,4499000.0,-310641000.0,25060680.0,56572680.0,2186.862367661213,0.8431615822507663,0.37745877053579885,0.7892304645379926,-0.1172824322329906,2186.862367661213,-0.16158704310894967,4.248292931005255,-0.853216668936402,0.5514750346588033,0.0,2.052456101355857,0.0,0.06208362714040645,0.47445628375419646,-0.07728090762705621,-2.606414976599064,-0.5653500593320901,0.46636363636363637,0.8803070013707671,1.2899550850176453,-0.7522058646101328,-1.4307580174927115,0.33721455004964346,-0.07013803164627988,0.9201273800318674,-0.916699383018699,-0.8763927653549692,Specialty Chemicals,Basic Materials,GEVO
2014Q4,2014,Q4,2015-03-30,2014-12-31,-11079000.0,9501000.0,-8911000.0,-659.9967,-1372000.0,-0.14440585201557732,98928000.0,46964000.0,13744000.0,12025000.0,51964000.0,4292000.0,-303298000.0,31572480.0,65125480.0,2855.996108002919,1.142952182952183,0.40344492964580303,0.8498424325014905,-0.10257148119158341,2855.996108002919,-0.23590409675496124,3.3230691506157246,-0.7124397508800434,0.672269823694745,0.0,2.5333178005591797,0.0,0.09603954391072295,0.7251559251559252,-0.111990538573508,-4.694792565055762,-0.14440585201557732,-10.000000000000002,0.7459633106231262,3.7913757565135544,-0.49594499506041434,0.1525633106856084,-10.811300639658848,0.00011220825852782765,0.7948800680481057,-0.8554294604542846,-0.8663707389908442,Specialty Chemicals,Basic Materials,GEVO
2014Q3,2014,Q3,2014-11-12,2014-09-30,-938000.0,10141000.0,-8912000.0,-59.9997,-1619000.0,-0.15964894980771127,107481000.0,57525000.0,20940000.0,10563000.0,49956000.0,4027000.0,-292219000.0,29838600.0,55126600.0,3961.776859504132,1.9823913660891792,0.3656274132172198,0.6831464580617123,-0.09204424568542598,3961.776859504132,-0.016305953933072576,2.942372547086086,-7.952718550106609,0.5187066492829205,0.0,2.9202880556245345,0.0,0.09435155981057117,1.519644040518792,-0.008727123863752663,-3.6828684275487533,-0.15964894980771127,0.96,0.96807154350786,8.113643790849673,0.0,-1.9543795620437956,0.9453252506411751,0.013286093888396812,0.9773674949039731,-0.828009180795628,-0.834655888074715,Specialty Chemicals,Basic Materials,GEVO
2014Q2,2014,Q2,2014-08-14,2014-06-30,-17156000.0,7721000.0,-9032000.0,-1499.9925,-548000.0,-0.07097526227172646,101972000.0,43636000.0,14171000.0,13150000.0,58336000.0,4243000.0,-291281000.0,58452480.0,97639480.0,3852.04802259887,1.0776425855513307,0.44222923939905073,1.0334356952974608,-0.10179080591901364,3852.04802259887,-0.3931616096800807,7.57058412122782,-0.8517789694567498,1.3395471628930242,0.0,1.9488569408437426,0.0,0.07571686345271252,0.6838783269961978,-0.1682422625818852,-4.427547341311922,-0.07097526227172646,-0.38888888888888895,-0.14467315213171755,8.599896683406572,0.0,0.8549113052687318,-0.4330103575008353,0.3010369911778362,0.4766269337343337,-0.7979584306668517,-0.854141415450586,Specialty Chemicals,Basic Materials,GEVO
2014Q1,2014,Q1,2014-05-14,2014-03-31,-11972000.0,903000.0,-12922000.0,-1079.9946,-3777000.0,-4.1827242524916945,100255000.0,60132000.0,14937000.0,17112000.0,40123000.0,3723000.0,-274125000.0,79276860.0,94685860.0,5324.71442486496,0.8728962131837307,0.23770385516931825,0.39631144814740904,-0.15390112311375248,5324.71442486496,-0.19909532362136634,87.79275747508305,-1.6554639993317743,1.3183805627619238,0.0,1.257050765511684,0.0,0.009007032068226024,0.5894109396914446,-0.11941549049922696,-5.000117313150426,-4.1827242524916945,0.48571428571428577,0.2795367055998438,0.34719166236057497,0.0,-0.12645392186101997,0.30913497605170526,0.006152899553914782,0.738480238254169,-0.9880170946543245,-0.9020405858724513,Specialty Chemicals,Basic Materials,GEVO
2013Q4,2013,Q4,2014-04-15,2013-12-31,-17329000.0,1695000.0,-13002000.0,-2099.9895,-3353000.0,-1.9781710914454278,116355000.0,70975000.0,30727000.0,21061000.0,45380000.0,3581000.0,-262153000.0,71153940.0,71156940.0,8558.422766188352,1.458952566354874,0.21166258433243093,0.3469954209228602,-0.13599991632061756,8558.422766188352,-0.2441563930961606,41.978725663716816,-1.026515378844711,1.002521169425854,0.0,1.409662105557107,0.0,0.014567487430707748,1.233702103413893,-0.148932147307808,-3.4523988355167394,-1.9781710914454278,-0.02941176470588239,0.2121107292439885,1.9874485796190038,0.510476788675555,0.0735009671179884,-0.09090336795719232,0.17515701325889743,0.12318753916496819,-0.9614343516182258,0.14146607563472083,Specialty Chemicals,Basic Materials,GEVO
2013Q3,2013,Q3,2013-11-05,2013-09-30,-15885000.0,1127000.0,-15763000.0,-2039.9898,-3619000.0,-3.2111801242236027,117129000.0,64763000.0,32088000.0,29706000.0,52366000.0,4196000.0,-244824000.0,88416000.0,80664000.0,8438.175895765473,1.0801858210462534,0.15289979424395325,0.2765313527785927,-0.190669150377395,8438.175895765473,-0.24527894013557125,78.45252883762201,-1.391501416430595,1.3652239704769698,0.0,1.131077216396568,0.0,0.009621869904122804,0.8930182454722951,-0.13561970135491638,-6.183369466396251,-3.2111801242236027,0.028571428571428605,-0.022940885466119734,0.9161231398096699,0.0,-1.0597609561752988,-0.04355538037051636,-0.1369734564339296,0.681675548352177,-0.738710480935045,-0.19905779160179393,Specialty Chemicals,Basic Materials,GEVO
2013Q2,2013,Q2,2013-08-14,2013-06-30,-15222000.0,1859000.0,-13864000.0,-2099.9895,-1757000.0,-0.9451317912856374,126479000.0,79641000.0,46046000.0,20279000.0,46838000.0,3431000.0,-228939000.0,92807520.0,88428520.0,11018.400664084118,2.270624784259579,0.28628467967014287,0.45465275423462786,-0.11967198964177816,11018.400664084118,-0.1911327080272724,49.92335664335664,-1.5242333464722113,1.1653233887068217,0.0,1.0539201399009035,0.0,0.01469809217340428,2.026036786823808,-0.12035199519287787,-8.481769329190277,-0.9451317912856374,0.22222222222222215,-0.5917405244982366,2.622492482204713,0.0,-0.8302083333333333,0.1713663581927055,-0.07589632158932175,0.3482025197903977,0.4819287427201097,-0.1095904019977559,Specialty Chemicals,Basic Materials,GEVO
2013Q1,2013,Q1,2013-05-06,2013-03-31,-18370000.0,3543000.0,-12886000.0,-2699.9865,-960000.0,-0.270956816257409,142220000.0,87696000.0,61283000.0,18661000.0,54524000.0,4432000.0,-213717000.0,91002240.0,81929240.0,12836.065573770491,3.284014790204169,0.31661510336099,0.5134669768290457,-0.09708796383499717,12836.065573770491,-0.20947363619777412,25.685080440304827,-1.2384627109417528,1.0377011494252875,0.0,1.0160198555956679,0.0,0.024912108001687527,2.9547183966561277,-0.12916608072001126,-8.270675270380805,-0.270956816257409,-0.32352941176470584,-0.827324925458534,7.737239868971036,0.0,-0.08229988726042842,-0.3940957729376945,0.012188577999233422,0.08924395813448559,3.1832845433255272,0.454459054074705,Specialty Chemicals,Basic Materials,GEVO
2012Q4,2012,Q4,2013-03-26,2012-12-31,-13177000.0,1924000.0,-13045000.0,-2039.9898,-887000.0,-0.461018711018711,156111000.0,97831000.0,75880000.0,16769000.0,58280000.0,6659000.0,-195347000.0,60522000.0,43290000.0,14936.030534351145,4.525016399308248,0.3171589445971136,0.5060972493381444,-0.08853491513000278,14936.030534351145,-0.13469145771790128,31.456340956340956,-1.1482507399256279,0.6186382639449663,0.0,0.42213545577414024,0.0,0.012324563932073974,4.021825988431034,-0.08440788925828417,-2.72106824925816,-0.461018711018711,-0.0967741935483871,0.24145981013342566,2.419123592081019,1.6360613460480506,0.8392242160594526,-0.09343622935855946,0.4659379349873086,0.24145981013342566,2.419123592081019,1.6360613460480506,Specialty Chemicals,Basic Materials,GEVO
2012Q3,2012,Q3,2012-11-02,2012-09-30,-12051000.0,562000.0,-24426000.0,-1859.9907,-5517000.0,-9.816725978647687,178362000.0,109891000.0,98256000.0,21599000.0,68471000.0,3798000.0,-182170000.0,80942400.0,43251400.0,17106.3200498132,4.549099495347007,0.3044706832172772,0.49418059713716317,,17106.3200498132,-0.109663211727985,144.0256227758007,-1.67916355489171,0.7365698737840224,0.0,1.60057925223802,0.0,0.0031508953700900414,4.293393212648733,-0.06756484004440408,-2.05860779775681,-9.816725978647687,0.5,0.07283024482549878,0.14158608648939025,0.0,-2.720161834120027,0.25505347097731346,-0.5512511113933698,0.07283024482549878,0.14158608648939025,0.0,Specialty Chemicals,Basic Materials,GEVO
2012Q2,2012,Q2,2012-08-07,2012-06-30,-16177000.0,7027000.0,-15746000.0,-3719.9814,-1483000.0,-0.21104311939661308,117495000.0,62897000.0,44331000.0,32794000.0,54598000.0,2855000.0,-170119000.0,130402860.0,124238860.0,14383.032243311229,1.351802158931512,0.27607983318439083,0.5157320698920457,-0.1651649446687995,14383.032243311229,-0.2571982765473711,18.557401451544045,-2.0152509736045,2.0732763088859563,0.0,2.9807355516637477,0.0,0.05980680028937402,1.2115325974263584,-0.137682454572535,-3.836845264365787,-0.21104311939661308,0.16216216216216206,-1.7960002612697576,21.632718570061357,0.0,-9.746376811594203,0.16211736675817062,0.13578485181119648,-1.7960002612697576,21.632718570061357,0.0,Specialty Chemicals,Basic Materials,GEVO
2012Q1,2012,Q1,2012-05-02,2012-03-31,-19307000.0,14872000.0,-18220000.0,-4439.9778,-138000.0,-0.009279182356105434,127975000.0,77208000.0,84195000.0,24239000.0,50767000.0,5454000.0,-153942000.0,240630960.0,199889960.0,17692.025664527955,3.473534386732126,0.2569329947255323,0.42587555693710494,-0.1655024571028895,17692.025664527955,-0.2500647601284841,16.18013448090371,-3.115851245662195,3.116658377370221,0.0,2.752108544187752,0.0,0.11621019730416098,3.162341680762408,-0.1508654033991014,-9.647620880442627,-0.009279182356105434,-0.3517474785169491,-2.006661484277212,56.41635243476546,0.0,-1.0810334703464475,-0.36348870056497173,-0.38829625114294425,-2.006661484277212,56.41635243476546,0.0,Specialty Chemicals,Basic Materials,GEVO
2011Q4,2011,Q4,2012-02-28,2011-12-31,-14160000.0,17229000.0,-13124000.0,-3284.6207376478774,1703000.0,0.09884497068895468,133030000.0,92137000.0,102734000.0,16117000.0,40893000.0,3814000.0,-134635000.0,162697140.0,96715140.0,21372.535374623058,6.3742632003474595,0.21230549500112755,0.3065326633165829,,21372.535374623058,-0.15368418767704614,9.443214347901794,-2.872477754237288,1.7658176411213735,0.0,4.070791819611956,0.0,0.1295121401187702,6.028603338090215,-0.10644215590468316,-13.242482500406966,0.09884497068895468,-0.14049901417836166,-0.23847881071085678,20.30805380740022,2.772040652870555,0.336734693877551,-0.15075172694026817,-0.13884068031933355,-0.23847881071085678,20.30805380740022,2.772040652870555,Specialty Chemicals,Basic Materials,GEVO
2011Q3,2011,Q3,2011-11-02,2011-09-30,-12305000.0,17506000.0,-11524000.0,-2879.9856,1274000.0,0.07277504855478122,133179000.0,103295000.0,107985000.0,11966000.0,29884000.0,4974000.0,-120475000.0,144073620.0,65886620.0,23960.797958710275,9.024318903560086,0.14580376786129945,0.1879858657243816,-0.09391018066545517,23960.797958710275,-0.11912483663294449,8.229956586313264,-2.927135717188135,1.3947782564499736,0.0,3.2633695215118617,0.0,0.13144715007621322,8.386595353501589,-0.09239444657190699,-20.116394861770456,0.07277504855478122,0.0,-0.4107345323317762,51.98912949545395,0.0,0.421875,0.012915129151291513,0.009369895985558326,-0.4107345323317762,51.98912949545395,0.0,Specialty Chemicals,Basic Materials,GEVO
2011Q2,2011,Q2,2011-08-03,2011-06-30,-12466000.0,14533000.0,-11633000.0,-2879.9856,896000.0,0.06165279020161013,141418000.0,113772000.0,116577000.0,9336000.0,27646000.0,6410000.0,-108170000.0,406589040.0,321167040.0,26409.470752089135,12.486825192802057,0.13983368453803618,0.17381253735541258,,26409.470752089135,-0.10957001722743732,27.976951764948737,-8.153959570030484,3.5737179622402704,0.0,2.1274570982839314,0.0,0.10276626737756156,11.520137103684661,-0.08815002333507757,-37.755505617977526,0.06165279020161013,0.368421052631579,-1.1871074877794279,46.51446306367384,0.0,9.181818181818182,-0.34288484326187657,-0.382905373276272,-1.1871074877794279,46.51446306367384,0.0,Specialty Chemicals,Basic Materials,GEVO
2011Q1,2011,Q1,2011-05-06,2011-03-31,-9283000.0,15281000.0,-8412000.0,-4559.9772,88000.0,0.005758785419802369,151157000.0,124476000.0,126569000.0,7751000.0,26681000.0,5233000.0,-95704000.0,270678000.0,174308000.0,54356.33187772926,16.329376854599406,0.13306032800333428,0.16158134901507118,,54356.33187772926,-0.07457662521289245,17.71336954387802,-7.2896154260476145,2.1745396702978885,0.0,2.903305943053698,0.0,0.10109356496887342,15.412849954844535,-0.06141296797369622,-23.72495398369708,0.005758785419802369,-0.9134078351828501,-1.7549095700858313,111.42612901442706,0.0,-0.9420289855072463,-0.46327238335435056,-0.3145804031879981,-1.7549095700858313,111.42612901442706,0.0,Specialty Chemicals,Basic Materials,GEVO
2010Q4,2010,Q4,2010-12-31,2010-12-31,-6344000.0,14108000.0,-6399000.0,-2383.1705484598046,1518000.0,0.10759852565920046,51609000.0,19959000.0,23894000.0,12127000.0,31650000.0,3765000.0,-85327000.0,262579680.0,267737680.0,7497.746055597296,1.9703141749814463,0.3958999399329574,1.0236985820932913,,7497.746055597296,-0.3178515957713312,18.612112276722428,-10.347559899117277,13.155953705095445,0.0,3.3439575033200533,0.0,0.27336317308996494,1.492867155933042,-0.12292429614989633,-48.98874626865672,0.10759852565920046,0.6532764934117954,0.10141643059490092,26.604355716878406,0.32327786249419893,1.371875,0.6334642939681072,0.5591457113331036,0.10141643059490092,26.604355716878406,0.32327786249419893,Specialty Chemicals,Basic Materials,GEVO
2010Q3,2010,Q3,2010-09-30,2010-09-30,-17308000.0,1496000.0,-14515000.0,-6873.403456,640000.0,0.42780748663101603,57850000.0,28045000.0,30164000.0,9700000.0,29805000.0,3048000.0,-77994000.0,262579680.0,260383680.0,10535.311795642374,3.1096907216494847,0.3512532411408816,0.7245498306293457,-0.30011371859815983,10535.311795642374,-0.6171510073096809,175.52117647058824,-3.7927501733302518,9.362798359778926,0.0,0.28083989501312334,0.0,0.0258599827139153,2.56,-0.2991875540190147,-39.40862674470959,0.42780748663101603,-0.950639658961406,-2.2135165243223174,6.333333333333334,0.0,0.3852813852813853,-1.0123241483548424,-0.9051056569103557,-2.2135165243223174,6.333333333333334,0.0,Specialty Chemicals,Basic Materials,GEVO
2010Q2,2010,Q2,2010-06-30,2010-06-30,-8601000.0,462000.0,-7619000.0,-3523.666416,462000.0,1.0,48810000.0,32941000.0,43757000.0,8942000.0,15869000.0,0.0,-59697000.0,262579680.0,228299680.0,12374.530428249436,4.8934242898680385,0.16060233558696987,0.23797091770134482,,12374.530428249436,-0.26110318448134545,568.3542857142858,-7.632242762469481,7.971211560061929,0.0,0.0,0.0,0.009465273509526737,4.74412883023932,-0.1762138905961893,-54.375580865603645,1.0,-0.19035532969201735,-1.4420783645655875,1.4444444444444446,0.0,0.4,-0.09441404758875174,-0.09154727793696275,-1.4420783645655875,1.4444444444444446,0.0,Specialty Chemicals,Basic Materials,GEVO
2010Q1,2010,Q1,2010-03-31,2010-03-31,-7859000.0,330000.0,-6980000.0,-2960.180316,330000.0,1.0,37504000.0,23493000.0,32804000.0,5719000.0,14011000.0,0.0,-50317000.0,262579680.0,237921680.0,8825.319308790384,5.735967826543102,0.20717790102389078,0.33073681522155535,,8825.319308790384,-0.3345251777125101,795.696,-8.35283369385418,11.176932703358446,0.0,0.0,0.0,0.0087990614334471,5.702745235180975,-0.20955098122866894,-54.14014020618557,1.0,-0.1161473089507081,-1.006382435537401,1.0886075949367084,0.0,1.5989110707803993,-0.1131728045325779,-0.04256908140403286,-1.006382435537401,1.0886075949367084,0.0,Specialty Chemicals,Basic Materials,GEVO
2009Q4,2009,Q4,2009-12-31,2009-12-31,-7060000.0,-551000.0,-6695000.0,-2652.1412471825697,-551000.0,-1.0,26383000.0,15083000.0,21542000.0,3503000.0,11300000.0,0.0,-42437000.0,262579680.0,249040680.0,5666.040570999248,6.149586069083643,0.2918925065383012,0.510574819333024,,5666.040570999248,-0.4680766425777365,-476.55114337568057,-9.29814730878187,17.408982297951336,0.0,0.0,0.0,-0.02088466057688663,6.091635740793605,-0.2675965583898723,-39.670596766883214,1.0,-0.3108057927961383,0.0,0.0,0.0,-3.700980392156863,-0.3108057927961381,-0.2942199884013145,0.0,0.0,0.0,Specialty Chemicals,Basic Materials,GEVO
2009Q3,2009,Q3,2009-09-30,2009-09-30,-5386000.0,204000.0,-5173000.0,-2023.2907588279488,204000.0,1.0,,,,,,,,262579680.0,,,0.0,0.0,0.0,0.0,,0.0,1287.1552941176471,-12.188065354623097,0.0,0.0,0.0,0.0,0.0,0.0,0.0,-45.817428023032626,1.0,-0.5292447473026688,0.0,0.0,0.0,0.07936507936507936,-0.5292447473026689,-0.4899193548387097,0.0,0.0,0.0,Specialty Chemicals,Basic Materials,GEVO
2009Q2,2009,Q2,2009-06-30,2009-06-30,-3522000.0,189000.0,-3472000.0,-1323.0653643876785,189000.0,1.0,,,,,,,,262579680.0,,,0.0,0.0,0.0,0.0,,0.0,1389.3104761904763,-18.638534923339012,0.0,0.0,0.0,0.0,0.0,0.0,0.0,-69.35543581616481,1.0,0.10084248175629965,0.0,0.0,0.0,0.1962025316455696,0.10084248149093694,-0.07525549705791267,0.0,0.0,0.0,Specialty Chemicals,Basic Materials,GEVO
2009Q1,2009,Q1,2009-03-31,2009-03-31,-3917000.0,158000.0,-3229000.0,-1471.450038,158000.0,1.0,,,,,,,,262579680.0,,,0.0,0.0,0.0,0.0,,0.0,1661.8967088607594,-16.758978810314016,0.0,0.0,0.0,0.0,0.0,0.0,0.0,-89.16118166383701,1.0,0.0,0.0,0.0,0.0,0.0,0.0,0.0,0.0,0.0,0.0,Specialty Chemicals,Basic Materials,GEVO
