Quarters,Year,Quarter,FillingDate,Date,NetIncome,Revenue,OperatingIncome,EPSDiluted,GrossProfit,GrossProfitRatio,TotalAssets,CommonStockEquity,CurrentAssets,CurrentLiability,TotalLiability,Inventory,RetainedEarnings,MarketCap,EnterpriseValue,bookValuePerShare,currentRatio,debtToAssets,debtToEquity,roic,shareholdersEquityPerShare,roe,priceToSalesRatio,peRatio,pbRatio,payoutRatio,inventoryTurnover,dividendYield,assetTurnover,quickRatio,returnOnAssets,priceToFreeCashFlowsRatio,grossProfitMargin,epsdilutedGrowth,fiveYNetIncomeGrowthPerShare,fiveYRevenueGrowthPerShare,fiveYShareholdersEquityGrowthPerShare,grossProfitGrowth,netIncomeGrowth,operatingIncomeGrowth,threeYNetIncomeGrowthPerShare,threeYRevenueGrowthPerShare,threeYShareholdersEquityGrowthPerShare,Industry,Sector,Symbol
2023Q1,2023,Q1,2023-02-16,2023-03-31,-110914000.0,33589000.0,-143685000.0,-1.98,28968000.0,0.8624251987,966274000.0,167201000.0,809845000.0,198361000.0,799073000.0,150850000.0,0.0,5515240337.722498,5519340337.722498,2.980838936055807,4.082682583774028,0.5230203855221189,3.0225955586390034,-0.21615965963790634,2.980838936055807,-0.6633572765713124,164.1978129066807,-12.431343964067876,32.98568990450116,0.0,0.030633079217765993,0.0,0.034761361684159976,3.1271318454736567,-0.11478524724870999,-37.232684604111945,0.8624251987257733,0.467741935483871,-0.8494816774186997,826.6385573504316,-0.6679568868247111,0.6288798920377868,0.46526338119160343,0.025110933195825927,-0.49857593003918976,11.914564729062096,-0.7393773480612876,Biotechnology,Healthcare,ASND
2022Q4,2022,Q4,2022-12-31,2022-12-31,-207418000.0,22896000.0,-147386000.0,-3.72,17784000.0,0.7767295597,1089738000.0,263348000.0,923471000.0,171271000.0,826390000.0,130673000.0,0.0,6386266049.010539,6449876049.010539,4.716830324697531,5.391870194020004,0.4665130517610655,1.9304380515515591,-0.19603806768258342,4.716830324697531,-0.7876194237282986,278.92496719997115,-7.697338284298541,24.250292574883954,0.0,0.03912055283034751,0.0,0.02101055483061066,4.443723689357801,-0.19033749396643965,-43.9018199936105,0.7767295597484277,-0.22772277227722787,-3.206880548828359,55.679217614158105,-0.02496338906978758,0.3079355740236817,-0.2276523334615726,-0.019937026400470573,-1.2183445938042337,6.849438414622639,-0.6209416441121917,Biotechnology,Healthcare,ASND
2022Q3,2022,Q3,2022-09-30,2022-09-30,-168955000.0,15290000.0,-144505000.0,-3.03,13597000.0,0.8892740353,1273420000.0,451552000.0,1079902000.0,142838000.0,821868000.0,103975000.0,0.0,5865134984.446832,5810045984.446832,8.087755239370793,7.560327083829233,0.43445289064095116,1.2251988696761391,-0.1436736801775866,8.087755239370793,-0.37416510169371414,383.59287014040757,-8.678546039547264,12.988836245763126,0.0,0.016282760278913202,0.0,0.012007036170313016,6.590396113079152,-0.13267814232539146,-57.50357841922067,0.8892740353172008,-1.0753424657534245,-1.9127539309363277,19.575739287616944,0.3045830062058739,1.6797398502167915,-1.0776817225986546,-0.018408237192814304,-4.734770261917617,4.810610764405627,-0.41762977449363936,Biotechnology,Healthcare,ASND
2022Q2,2022,Q2,2022-06-30,2022-06-30,-81319000.0,6160000.0,-141893000.0,-1.46,5074000.0,0.8237012987,1326831000.0,607842000.0,1112095000.0,115128000.0,718989000.0,101322000.0,-1620673000.0,4973945645.8433275,4813767645.8433275,10.892154939749114,9.659639705371413,0.38603936748538437,0.8426679959594763,-0.12661123232275429,10.892154939749114,-0.13378312127164624,807.4587087407999,-15.291462160882842,8.182958146760717,0.0,0.010718304020844437,0.0,0.004642640999494284,8.474966993259676,-0.061288136921733065,-38.82285723306713,0.8237012987012987,0.3393665158371041,-0.5424439484441235,7.080502132866448,1.7993078486076894,0.965143299767622,0.35202951441457236,-0.10828796600770138,-0.16741944587734833,0.6222586100692759,-0.23859037694796512,Biotechnology,Healthcare,ASND
2022Q1,2022,Q1,2022-03-31,2022-03-31,-125498000.0,6828000.0,-128029000.0,-2.21,2582000.0,0.3781487991,1377250000.0,672816000.0,1121079000.0,95355000.0,704434000.0,92436000.0,0.0,6024283267.2804,5742302267.2804,11.86204606296012,11.756897907818153,0.3439186785260483,0.703999310361228,-0.07917546227512803,11.86204606296012,-0.18652647975077882,882.291046760457,-12.00075552455099,8.95383472937683,0.0,0.04593448440001731,0.0,0.004957705572699219,10.49393319700068,-0.09112216373207478,-44.75493861551789,0.37814879906268306,-0.12182741116751268,-1.8542001645915773,9.494124025760827,1.4845356460274757,-0.47273841127220745,-0.1832513058399804,-0.13721675948872367,-0.7891248765419291,-0.035630226541291686,-0.2821216297797807,Biotechnology,Healthcare,ASND
2021Q4,2021,Q4,2021-12-31,2021-12-31,-106062000.0,4897000.0,-112581000.0,-1.97,4897000.0,1.0,1084921000.0,883635000.0,805886000.0,100356000.0,201286000.0,75405000.0,0.0,6396623100.65834,6055317100.65834,16.409751076759047,8.030272230858145,0.09674529297524889,0.11878320799877777,-0.10283883055218145,16.409751076759047,-0.12002919757592219,1306.2330203508966,-15.077556289383427,7.238987931281967,0.0,0.0,0.0,0.0045136927020492735,7.027482163497948,-0.0977601134091791,-49.931878044590384,1.0,-0.3401360544217687,-2.8833642057121485,1.8275298853206547,2.0130868507477935,3.399820305480683,-0.32003285707173795,-0.16144307349482112,-1.67142281682033,-0.6248931942316178,1.5413907766504857,Biotechnology,Healthcare,ASND
2021Q3,2021,Q3,2021-09-30,2021-09-30,-80348000.0,1113000.0,-96932000.0,-1.47,1113000.0,1.0,1205233000.0,993562000.0,956588000.0,116118000.0,211671000.0,55270000.0,0.0,7509775326.955208,6919135326.955208,18.18391888944569,8.238068172031898,0.08488068282232564,0.10296388146889676,-0.08090547903804857,18.18391888944569,-0.08086863225445418,6747.327337785452,-23.366404039164657,7.558436541408798,0.0,0.0,0.0,0.0009234728886447683,7.570566148228526,-0.06666594758026041,-69.01161862317433,1.0,0.41200000000000003,-1.0297438785341115,-0.5609592124078293,5.158010368704546,0.08904109589041095,0.40205694554005983,0.17595150855656344,-0.8134660563766005,41.6635234919467,1.5039184281634184,Biotechnology,Healthcare,ASND
2021Q2,2021,Q2,2021-06-30,2021-06-30,-134374000.0,1022000.0,-117629000.0,-2.5,1022000.0,1.0,851848000.0,687487000.0,584251000.0,70302000.0,164361000.0,0.0,0.0,5979727503.216795,5696197503.216795,12.767138624554084,8.310588603453672,0.11857631877987622,0.14692496003560795,-0.13217407875155954,12.767138624554084,-0.19545678681924167,5851.005384752246,-11.125157216457044,8.69794992955037,0.0,0.0,0.0,0.0011997445553666851,8.000128019117522,-0.1577441045820381,-50.34161035852601,1.0,-1.136752136752137,-3.7284355075188307,-0.579431881241054,2.5352602747987762,0.3699731903485255,-1.1399859854758567,0.05632571199358203,-3.5632290674464957,42.91692637942189,0.6006107412368427,Biotechnology,Healthcare,ASND
2021Q1,2021,Q1,2021-03-31,2021-03-31,-62792000.0,746000.0,-124650000.0,-1.17,746000.0,1.0,965313000.0,802819000.0,687271000.0,72926000.0,162494000.0,0.0,0.0,5881673780.820864,5483107780.820864,14.933402470299825,9.424224556399638,0.09994789254884168,0.12017777357038137,-0.12479851579280492,14.933402470299825,-0.07821439203606292,7884.28120753467,-23.417289546522102,7.326276260054711,0.0,0.0,0.0,0.0007728063332825726,9.21412116391959,-0.06504833147383283,-68.25346137838402,1.0,0.5465116279069768,-0.4304494801731481,-0.7228203002389028,2.6820997640816766,0.394392523364486,0.5481452164214011,-0.3032840877011386,-0.09246987268610955,18.17891153835639,0.663469094743826,Biotechnology,Healthcare,ASND
2020Q4,2020,Q4,2020-12-31,2020-12-31,-138965000.0,535000.0,-95643000.0,-2.58,535000.0,1.0,979793000.0,838711000.0,740133000.0,52804000.0,141082000.0,0.0,0.0,7367431875.689952,6874889875.689952,15.601036994973507,14.016608590258313,0.0938718688539314,0.10966232707094577,-0.09351222070629069,15.601036994973507,-0.16568877718308214,13770.90070222421,-13.25411412170322,8.78423184588011,0.0,0.0,0.0,0.0005460337030372743,13.751590788576623,-0.14183097858425198,-77.10228641072014,1.0,-0.1168831168831169,-4.415124089622298,-0.8735117027246232,2.2579563784345176,-0.8059484947406601,-0.14148068440377523,-0.21335870599429116,-1.927116908279436,0.3754313234612155,2.2249585402568584,Biotechnology,Healthcare,ASND
2020Q3,2020,Q3,2020-09-30,2020-09-30,-121741000.0,2757000.0,-78825000.0,-2.31,2757000.0,1.0,1046124000.0,951585000.0,953601000.0,64427000.0,94539000.0,0.0,0.0,6942905874.661228,6212731874.661228,18.051433510529524,14.801263445449889,0.031812672302709816,0.034973228876033144,-0.07740812927260096,18.051433510529524,-0.12793497165255863,2518.2828707512617,-14.257534180475822,7.29614892485824,0.0,0.0,0.0,0.0026354428346926366,14.564313098545641,-0.11637339359387606,-110.0075400418492,1.0,-0.1725888324873097,-6.751711935518561,-0.3938305489052481,2.362692781786484,0.91991643454039,-0.28240214047950113,0.0496943831603313,-1.2228670699102235,2.92942141852896,1.9117589118985452,Biotechnology,Healthcare,ASND
2020Q2,2020,Q2,2020-06-30,2020-06-30,-94932000.0,1436000.0,-82947000.0,-1.97,1436000.0,1.0,560607000.0,477144000.0,491623000.0,54371000.0,83463000.0,0.0,0.0,6329295124.17925,6124171124.17925,9.897679955889169,9.04200768792187,0.06329032637837201,0.07436119913485237,-0.1511650768579067,9.897679955889169,-0.1989588048890901,4407.587133829561,-16.66797055834505,13.264958008859484,0.0,0.0,0.0,0.0025615092212548183,8.802302698129518,-0.16933787840679834,-102.90532832860615,1.0,-0.4924242424242423,-2.138701605246699,-0.6325163700797263,0.7479539068828754,-0.35460674157303373,-0.49931298071607944,-0.13307834164333038,-1.084446853320784,1.1805844527715434,1.543725583852716,Biotechnology,Healthcare,ASND
2020Q1,2020,Q1,2020-03-31,2020-03-31,-63317000.0,2225000.0,-73205000.0,-1.32,2225000.0,1.0,621407000.0,548832000.0,551574000.0,41815000.0,72575000.0,0.0,-674640000.0,4938481853.917569,4441167853.917569,11.437374740384335,13.190816692574435,0.05965011659025405,0.06753797154684858,-0.11736769471273498,11.437374740384335,-0.11536681534604397,2219.5424062550874,-19.499036016857907,8.998166750330826,0.0,0.0,0.0,0.0035805840616536344,12.947243812029177,-0.10189296226144862,-67.71815450954473,1.0,0.20958083832335322,-20.84106879363741,-0.5235665285577865,0.6392456545707275,-0.11248504188272836,0.21210273512356587,-0.12887058968665185,-0.7021255144967766,3.042093224567558,1.3955871599749883,Biotechnology,Healthcare,ASND
2019Q4,2019,Q4,2019-12-31,2019-12-31,-80362000.0,2507000.0,-64848000.0,-1.67,2507000.0,1.0,676732000.0,597114000.0,611167000.0,47990000.0,79618000.0,0.0,-611323000.0,5959610930.491757,5398123930.491757,12.443546623975736,12.735299020629299,0.05411152420751494,0.06132664784279049,-0.09669151497684977,12.443546623975736,-0.1345840157825809,2377.188245110394,-18.539891150331492,9.98069201273418,0.0,0.0,0.0,0.0037045684259056763,12.575932485934569,-0.1187501108267379,-118.32842113554567,1.0,-2.1509433962264146,-6.107827891509782,-0.6047002804525213,4.808196380248638,0.11769950958537673,-2.2000159280054157,-0.20055540127742294,-2.3018465768898833,0.6243861417926262,1.2848297048496982,Biotechnology,Healthcare,ASND
2019Q3,2019,Q3,2019-09-30,2019-09-30,-25113000.0,2243000.0,-54015000.0,-0.53,2243000.0,1.0,734959000.0,660925000.0,669650000.0,42531000.0,74034000.0,0.0,0.0,4190463201.6409335,3568730201.6409335,13.887652364676839,15.744986010204322,0.05024361903180994,0.05587169497295457,-0.07333377024115602,13.887652364676839,-0.03799674698339448,1868.2403930632784,-41.71607535580112,6.340300641738373,0.0,0.0,0.0,0.003051870920690814,15.55836918953234,-0.03416925297873759,-68.47721548559414,1.0,0.576,-3.5135189154164284,-0.7544003333117384,93.11693684059493,-0.30146371846776704,0.5736622300692652,-0.047309743092583616,0.2716352649485458,0.01583488403333604,3.703073511193557,Biotechnology,Healthcare,ASND
2019Q2,2019,Q2,2019-06-30,2019-06-30,-58904000.0,3211000.0,-51575000.0,-1.25,3211000.0,1.0,767157000.0,675075000.0,702830000.0,60621000.0,92082000.0,0.0,0.0,4973849897.964885,4319796897.964885,14.305249907518888,11.59383711915013,0.04732017044750944,0.05377476576676665,-0.0689041021809085,14.305249907518888,-0.08725549013072621,1549.0033939473326,-21.109983608773955,7.367847865740673,0.0,0.0,0.0,0.004185583915678277,11.430675838405833,-0.0767821971252299,-801.5874130483295,1.0,-0.008064516129032265,-5.306415674046206,-0.8121652401111485,0.0,-0.4069080162541559,-0.0981971400339318,0.08361614043815853,-1.3651645041120801,0.5077873593321869,2.9611680585857774,Biotechnology,Healthcare,ASND
2019Q1,2019,Q1,2019-03-31,2019-03-31,-53637000.0,5414000.0,-56281000.0,-1.24,5414000.0,1.0,761939000.0,716661000.0,715775000.0,32065000.0,45278000.0,0.0,-446944000.0,4385742888.96975,3706562888.9697504,16.523754656824764,22.322625916107906,0.022946718831822494,0.024396471972103966,-0.07478110228591171,16.523754656824764,-0.0748429173626024,810.0744161377448,-20.441779410527015,6.119689628666483,0.0,0.0,0.0,0.007105555694090997,21.970778106970215,-0.07039539910675265,-69.25221678461631,1.0,-0.6756756756756757,-25.610792650962996,-0.6623962671406971,0.0,-0.4851165002377556,-0.6773094002126462,-0.5697710093994923,-0.5145601517730694,1.4934156614883938,3.074229784179681,Biotechnology,Healthcare,ASND
2018Q4,2018,Q4,2018-12-31,2018-12-31,-31978000.0,10515000.0,-35853000.0,-0.74,10515000.0,1.0,318968000.0,280050000.0,292907000.0,38918000.0,38918000.0,0.0,-393307000.0,2373553152.237652,2095691152.2376518,6.456996392497674,7.526260342258081,0.0,0.0,-0.12767222704938608,6.456996392497674,-0.11418675236564899,225.73020943772246,-18.556141349034117,8.475462068336554,0.0,0.0,0.0,0.032965689348147774,7.207256282440002,-0.10025457099144741,-64.81045114375262,1.0,0.08641975308641982,-4.533413268213804,-0.5289037447650368,10.069376173297487,524.75,0.058556834574734304,0.06357249196855329,-0.5445718608746349,2.0814823206188193,0.3484111722345281,Biotechnology,Healthcare,ASND
2018Q3,2018,Q3,2018-09-30,2018-09-30,-33967000.0,20000.0,-38287000.0,-0.81,20000.0,1.0,335234000.0,304205000.0,326985000.0,31029000.0,31029000.0,0.0,-361329000.0,2522139838.4395194,2211806838.4395194,7.262185015660948,10.538045054626318,0.0,0.0,-0.12548976067345646,7.262185015660948,-0.11165825676764024,126106.99192197598,-18.563163058553297,8.290921708846072,0.0,0.0,0.0,5.9659819708024845e-05,10.138741177608043,-0.10132325480112399,-53.0541205839315,1.0,-0.4727272727272727,-5.93582561862019,-0.9975119861177717,48.21599349521023,0.1111111111111111,-0.49128506827062385,0.1574719978874634,-1.7217911924646292,-0.9944661914788487,0.3528286890853511,Biotechnology,Healthcare,ASND
2018Q2,2018,Q2,2018-06-30,2018-06-30,-22777000.0,18000.0,-45443000.0,-0.55,18000.0,1.0,368864000.0,332225000.0,361657000.0,36639000.0,36639000.0,0.0,-327362000.0,2396113853.481881,2043512853.4818811,7.976416936130587,9.870820710172222,0.0,0.0,-0.1361918496591655,7.976416936130587,-0.06855895853713598,133117.43630454896,-26.299708625827382,7.212322532867427,0.0,0.0,0.0,4.879847314999566e-05,9.708862141433992,-0.061749045718747286,-117.19230428846137,1.0,0.48598130841121495,-1.7629081027196216,-0.998807000459661,0.0,-0.35714285714285715,0.44949848942598186,-0.2919485983965429,0.12838334957717343,-0.9946685215270237,0.40865427136188537,Biotechnology,Healthcare,ASND
2018Q1,2018,Q1,2018-03-31,2018-03-31,-41375000.0,28000.0,-35174000.0,-1.07,28000.0,1.0,364826000.0,347413000.0,357758000.0,17413000.0,17413000.0,0.0,-304585000.0,1889216548.9365168,1540806548.9365168,8.977264752008853,20.545454545454547,0.0,0.0,-0.10098433581163074,8.977264752008853,-0.11909456468238092,67472.0196048756,-11.41520573375539,5.437955830485666,0.0,0.0,0.0,7.674891592156261e-05,20.136622063975192,-0.11341022843766617,-51.2788814107952,1.0,-0.21590909090909097,-22.005641072409453,-0.9980431838639301,0.0,-0.9,-0.21068032187271396,-0.10471105527638191,-17.076584311932855,-0.9925656787599046,0.28665384921775894,Biotechnology,Healthcare,ASND
2017Q4,2017,Q4,2017-12-31,2017-12-31,-34175000.0,280000.0,-31840000.0,-0.88,280000.0,1.0,210979000.0,187211000.0,204634000.0,23768000.0,23768000.0,0.0,-263210000.0,1281639386.689512,1086288386.689512,4.837593041965411,8.609643217771794,0.0,0.0,-0.16915483844244739,4.837593041965411,-0.18254803403646153,4577.283523891115,-9.375562448350491,6.845961971729824,0.0,0.0,0.0,0.001327146303660554,8.319042409962975,-0.16198294616999795,-52.543431727185634,1.0,0.15384615384615388,-5.232087727406083,-0.9859407741545905,7.293196077522962,-0.3548387096774194,-0.008796528618236562,-0.011660788612461476,-2.748053074911538,-0.9452554051640534,1.2580130283211999,Biotechnology,Healthcare,ASND
2017Q3,2017,Q3,2017-09-30,2017-09-30,-33877000.0,434000.0,-31473000.0,-1.04,434000.0,1.0,222040000.0,202150000.0,215742000.0,19890000.0,19890000.0,0.0,177297000.0,1003264614.5400126,796972614.5400126,6.199494551820399,10.846757164404224,0.0,0.0,-0.15459608966195107,6.199494551820399,-0.16758347761563194,2311.6696187557895,-7.403729776397058,4.962971133020097,0.0,0.0,0.0,0.0019546027742749056,10.48456510809452,-0.1525716087191497,-38.74206883456953,1.0,-0.10638297872340435,-7.88643348063809,-0.9306423916514093,41.01411598272464,-0.02252252252252252,-0.10326971927310623,-0.27591519033526574,-7.88643348063809,-0.9306423916514093,41.01411598272464,Biotechnology,Healthcare,ASND
2017Q2,2017,Q2,2017-06-30,2017-06-30,-30706000.0,444000.0,-24667000.0,-0.94,444000.0,1.0,142403000.0,126468000.0,136043000.0,15935000.0,15935000.0,0.0,104042000.0,788584790.0232,661264790.0232,3.8910171831106815,8.537370567932225,0.0,0.0,-0.19481064477980178,3.8910171831106815,-0.24279659676756177,1776.0918694216216,-6.420445434306,6.235449204725307,0.0,0.0,0.0,0.003117911841744907,8.156008785691872,-0.21562747975815116,-32.68745243619482,1.0,-0.205128205128205,-3.773095514487637,-0.9622898983887911,0.0,0.1935483870967742,-0.22144874497792275,-0.04694198039132465,-3.773095514487637,-0.9622898983887911,0.0,Biotechnology,Healthcare,ASND
2017Q1,2017,Q1,2017-03-31,2017-03-31,-25139000.0,372000.0,-23561000.0,-0.78,372000.0,1.0,172764000.0,154827000.0,166443000.0,17937000.0,17937000.0,0.0,134748000.0,849633498.13104,691985498.13104,4.774351328758896,9.279310921558789,0.0,0.0,-0.1520915996375686,4.774351328758896,-0.16236832077092497,2283.9610164812902,-8.449356558843233,5.487631344216707,0.0,0.0,0.0,0.0021532263666041536,8.965769080671238,-0.14551063879048876,-39.2857769515439,1.0,-0.5294117647058824,-15.680691041565339,-0.9689755110024311,0.0,-0.6433365292425696,-0.5283925097276264,-0.05968336781505802,-15.680691041565339,-0.9689755110024311,0.0,Biotechnology,Healthcare,ASND
2016Q4,2016,Q4,2016-12-31,2016-12-31,-16448000.0,1043000.0,-22234000.0,-0.51,1043000.0,1.0,190071000.0,176613000.0,183958000.0,13458000.0,13458000.0,0.0,159254000.0,620655054.193152,440326054.19315195,5.44615933413484,13.669044434537078,0.0,0.0,-0.12605968352912955,5.44615933413484,-0.09313017728026815,595.0671660528782,-9.43359457370428,3.514209340157021,0.0,0.0,0.0,0.0054874231208337934,13.523257541982463,-0.08653608388444319,-37.027505917739646,1.0,0.29166666666666663,-3.4306864682116625,-0.9375032559591873,8.336475151093346,-0.10778443113772455,0.09893721923961872,-0.23645868090312536,-3.4306864682116625,-0.9375032559591873,8.336475151093346,Biotechnology,Healthcare,ASND
2016Q3,2016,Q3,2016-09-30,2016-09-30,-18254000.0,1169000.0,-17982000.0,-0.72,1169000.0,1.0,86752000.0,74401000.0,80570000.0,12351000.0,12351000.0,0.0,59849000.0,451389722.97078,376864722.97078,2.952888644335138,6.523358432515586,0.0,0.0,-0.24093794624394813,2.952888644335138,-0.24534616470208734,386.1332104112746,-6.1820658892678315,6.066984623469846,0.0,0.0,0.0,0.013475193655477684,6.322969800016193,-0.21041589819254888,-28.19247535886453,1.0,-0.3584905660377357,-5.196783971285455,-0.7582287529710372,19.011793695461442,0.029049295774647887,-0.3740308618742943,-0.21401566297596544,-5.196783971285455,-0.7582287529710372,19.011793695461442,Biotechnology,Healthcare,ASND
2016Q2,2016,Q2,2016-06-30,2016-06-30,-13285000.0,1136000.0,-14812000.0,-0.53,1136000.0,1.0,102734000.0,90909000.0,96547000.0,11825000.0,11825000.0,0.0,77977000.0,299835898.2625912,209082898.26259118,3.6113716196697223,8.164651162790697,0.0,0.0,-0.16202962680992475,3.6113716196697223,-0.14613514613514614,263.9400512874922,-5.642376707990048,3.298198179086682,0.0,0.0,0.0,0.011057682948196312,7.8553911205074,-0.12931454046372184,-22.965372109573465,1.0,0.3536585365853658,-1.6663750716205399,-0.8754235743347489,0.0,-0.09697933227344992,0.3525197387659616,0.17214397496087636,-1.6663750716205399,-0.8754235743347489,0.0,Biotechnology,Healthcare,ASND
2016Q1,2016,Q1,2016-03-31,2016-03-31,-20518000.0,1258000.0,-17892000.0,-0.82,1258000.0,1.0,112679000.0,101912000.0,106556000.0,10767000.0,10767000.0,0.0,90759000.0,409028100.18525,307163100.18525,4.055675681569765,9.8965357109687,0.0,0.0,-0.17455933195031487,4.055675681569765,-0.20133055969856348,325.1415740741256,-4.983771568686642,4.013542077333876,0.0,0.0,0.0,0.011164458328526167,9.698523265533575,-0.18209249283362472,-27.228604725419384,1.0,-0.7083333333333333,-16.56998071011587,-0.864601904097379,0.0,-0.3636823469903895,-0.7105460608586911,-0.2772701313535123,-16.56998071011587,-0.864601904097379,0.0,Biotechnology,Healthcare,ASND
2015Q4,2015,Q4,2015-12-31,2015-12-31,-11995000.0,1977000.0,-14008000.0,-0.48,1977000.0,1.0,131774000.0,120329000.0,125654000.0,11445000.0,11445000.0,0.0,111277000.0,423622718.83135676,303973718.83135676,4.788596034692757,10.978942769768457,0.0,0.0,-0.11400015537313152,4.788596034692757,-0.09968503020884409,214.27552798753504,-8.829152122370921,3.520537184148101,0.0,0.0,0.0,0.015002959612670178,10.64525993883792,-0.09102706148405604,-40.93368623358361,1.0,-0.6,-3.2876328112134323,-0.8471202472645184,7.209199390534416,-0.06613131790269249,-0.6409028727770177,-0.914445811124778,-3.2876328112134323,-0.8471202472645184,7.209199390534416,Biotechnology,Healthcare,ASND
2015Q3,2015,Q3,2015-09-30,2015-09-30,-7310000.0,2117000.0,-7317000.0,-0.3,2117000.0,1.0,141263000.0,131716000.0,135358000.0,9547000.0,9547000.0,0.0,123273000.0,388435653.5904,260188653.59039998,5.368148291245153,14.1780664082958,0.0,0.0,-0.05436148310329599,5.368148291245153,-0.0554981930820857,183.48401208804913,-13.284393077647058,2.9490392480063163,0.0,0.0,0.0,0.014986231355698237,13.82340002094899,-0.05174744979223151,-31.05001227741007,1.0,0.5238095238095238,-1.54825779355237,-0.5503975475987908,35.380063412526546,0.08955223880597014,0.5139304475031584,0.4302289363027566,-1.54825779355237,-0.5503975475987908,35.380063412526546,Biotechnology,Healthcare,ASND
2015Q2,2015,Q2,2015-06-30,2015-06-30,-15039000.0,1943000.0,-12842000.0,-0.63,1943000.0,1.0,148112000.0,135730000.0,142258000.0,12382000.0,12382000.0,0.0,127529000.0,382656206.7681808,244802206.7681808,5.662437617442494,11.489097076401228,0.0,0.0,-0.09286070451345733,5.662437617442494,-0.11080085463788403,196.94091959247595,-6.361064677973616,2.8192456109053325,0.0,0.0,0.0,0.013118450902020093,11.462849297367146,-0.10153802527816787,-26.527293363478737,1.0,-11.5,-2.169866134818923,-0.7762347636990596,0.0,-0.06631427198462278,-11.575949367088608,-9.694651320243738,-2.169866134818923,-0.7762347636990596,0.0,Biotechnology,Healthcare,ASND
2015Q1,2015,Q1,2015-03-31,2015-03-31,1422000.0,2081000.0,1477000.0,0.06,2081000.0,1.0,161284000.0,149190000.0,155802000.0,12094000.0,12094000.0,0.0,141473000.0,344474834.80354303,191024834.80354303,6.9772182762805395,12.882586406482554,0.0,0.0,0.009589905380060501,6.9772182762805395,0.009531469937663382,165.53331802188518,60.56167981778184,2.308967322230331,0.0,0.0,0.0,0.012902705786066814,12.85191003803539,0.008816745616428165,-47.70458867241975,1.0,1.2857142857142858,2.4310030430614233,-0.7367861741679621,0.0,-0.2636234961075725,1.2822548630408892,1.2091771703724685,2.4310030430614233,-0.7367861741679621,0.0,Biotechnology,Healthcare,ASND
2014Q4,2014,Q4,2014-12-31,2014-12-31,-5038000.0,2826000.0,-7061000.0,-0.21,2826000.0,1.0,58671000.0,45810000.0,53162000.0,12861000.0,12861000.0,0.0,39559000.0,334035152.27180624,283868152.27180624,2.1424114835874493,4.133582147577949,0.0,0.0,-0.13381706870299417,2.1424114835874493,-0.10997598777559485,118.20069082512606,-16.575781672876452,7.291751850508758,0.0,0.0,0.0,0.04816689676330726,4.085374387683695,-0.08586865742871265,-43.43195322738347,1.0,-0.75,-2.129142955774704,-0.743185132933382,2.6727848659442124,-0.13046153846153846,-1.5444444444444445,-2.1550491510277032,-2.129142955774704,-0.743185132933382,2.6727848659442124,Biotechnology,Healthcare,ASND
2014Q3,2014,Q3,2014-09-30,2014-09-30,-1980000.0,3250000.0,-2238000.0,-0.12,3250000.0,1.0,15728000.0,2499000.0,10122000.0,13229000.0,13229000.0,0.0,-2486000.0,251918826.51650396,244009826.51650396,0.1475574198531157,0.7651371985788797,0.0,0.0,-0.9182834190123487,0.1475574198531157,-0.7923169267707083,77.51348508200122,-31.807932640972723,100.80785374810083,0.0,0.0,0.0,0.2066378433367243,0.7053443192985108,-0.12589013224821974,-73.12592932264266,1.0,0.4000000000000001,0.0,0.0,0.0,-0.16943521594684385,0.07390084190832553,-0.026605504587155965,0.0,0.0,0.0,Biotechnology,Healthcare,ASND
2014Q2,2014,Q2,2014-06-30,2014-06-30,-2138000.0,3913000.0,-2180000.0,-0.2,3913000.0,1.0,,,,,,,,148706237.76212397,,,0.0,0.0,0.0,0.0,,0.0,38.003127462847935,-17.388474948798407,0.0,0.0,0.0,0.0,0.0,0.0,0.0,-29.64637913917942,1.0,-3.301075268817205,0.0,0.0,0.0,-0.02028042063094642,-3.258964143426295,-3.2745098039215685,0.0,0.0,0.0,Biotechnology,Healthcare,ASND
2014Q1,2014,Q1,2014-03-31,2014-03-31,-502000.0,3994000.0,-510000.0,-0.0465,3994000.0,1.0,,,,,,,,147355657.2413464,,,0.0,0.0,0.0,0.0,,0.0,36.89425569387741,-73.38429145485378,0.0,0.0,0.0,0.0,0.0,0.0,0.0,-55.48029263604909,1.0,-1.2214285714285715,0.0,0.0,0.0,-0.2815254542183846,-1.222715173025732,-1.3179551122194513,0.0,0.0,0.0,Biotechnology,Healthcare,ASND
2013Q4,2013,Q4,2013-12-31,2013-12-31,2254000.0,5559000.0,1604000.0,0.21,5559000.0,1.0,26700000.0,6301000.0,21199000.0,20399000.0,20399000.0,0.0,2134000.0,147969927.29748318,128539927.29748318,0.5833207121530302,1.0392176087063092,0.0,0.0,0.30041072180847217,0.5833207121530302,0.3577209966671957,26.618083701651948,16.411926275231053,23.483562497616756,0.0,0.0,0.0,0.20820224719101124,1.0360802000098044,0.08441947565543072,-41.10275758263422,1.0,0.0,0.0,0.0,0.0,0.0,0.0,0.0,0.0,0.0,0.0,Biotechnology,Healthcare,ASND
