Quarters,Year,Quarter,FillingDate,Date,NetIncome,Revenue,OperatingIncome,EPSDiluted,GrossProfit,GrossProfitRatio,TotalAssets,CommonStockEquity,CurrentAssets,CurrentLiability,TotalLiability,Inventory,RetainedEarnings,MarketCap,EnterpriseValue,bookValuePerShare,currentRatio,debtToAssets,debtToEquity,roic,shareholdersEquityPerShare,roe,priceToSalesRatio,peRatio,pbRatio,payoutRatio,inventoryTurnover,dividendYield,assetTurnover,quickRatio,returnOnAssets,priceToFreeCashFlowsRatio,grossProfitMargin,epsdilutedGrowth,fiveYNetIncomeGrowthPerShare,fiveYRevenueGrowthPerShare,fiveYShareholdersEquityGrowthPerShare,grossProfitGrowth,netIncomeGrowth,operatingIncomeGrowth,threeYNetIncomeGrowthPerShare,threeYRevenueGrowthPerShare,threeYShareholdersEquityGrowthPerShare,Industry,Sector,Symbol
2023Q1,2023,Q1,2023-05-09,2023-03-31,-33800000.0,399000000.0,-33800000.0,-0.96,399000000.0,1.0,8204100000.0,1244500000.0,778200000.0,174700000.0,6959600000.0,0.0,370900000.0,1028078062.72,1390878062.72,35.455872780282874,4.454493417286777,0.04865859753050304,0.3207713941341904,-0.015824713086693094,35.455872780282874,-0.027159501807955,2.5766367486716795,-7.604127682840236,0.8260972782000804,-0.07692307692307693,0.0,0.0025289908366696832,0.048634219475628036,38.256439610761305,-0.004119891273875257,27.26997513846154,1.0,0.6913183279742765,-2.3163094437817926,-0.10817096578635559,-0.32754051289493713,0.07344632768361582,0.6904761904761905,0.7800646141532975,-0.7671410909742382,-0.10766815762829224,-0.2526713032015157,Insurance—Property & Casualty,Financial Services,ARGO
2022Q4,2022,Q4,2023-03-06,2022-12-31,-109200000.0,371700000.0,-153681500.0,-3.11,371700000.0,1.0,10034400000.0,1232900000.0,51900000.0,158700000.0,8801500000.0,0.0,407300000.0,907335000.0,1256235000.0,35.12535612535613,0.3270321361058601,0.03977318025990592,0.3237083299537675,-0.07144668249714163,35.12535612535613,-0.08857166031308297,2.4410411622276027,-2.077232142857143,0.7359355989942412,-0.12362637362637363,0.0,0.014878738282993602,0.037042573546998324,40.93509766855703,-0.010882563979909112,-18.110479041916168,1.0,-1.2374100719424461,-4.6644367550941945,-0.20512707432222316,-0.3429317346226727,39.84615384615385,-1.2377049180327868,-3.329056338028169,-0.03302140475422183,-0.25552735165360707,-0.32356424956503554,Insurance—Property & Casualty,Financial Services,ARGO
2022Q3,2022,Q3,2022-11-09,2022-09-30,-48800000.0,9100000.0,-35500000.0,-1.39,9100000.0,1.0,9858700000.0,1324900000.0,503800000.0,503100000.0,8533800000.0,0.0,530000000.0,674373145.32,1026473145.32,37.83895337038004,1.0013913734843967,0.045797113209652386,0.34078043625934035,-0.01778063515992308,37.83895337038004,-0.036832968525926484,74.10693904615385,-3.4547804575819674,0.50899927943241,-0.2827868852459016,0.0,0.020463448308653657,0.0009230425918224512,16.045915324985092,-0.004949942690212705,10.264431435616439,1.0,-2.0217391304347823,0.21560564829021747,-0.979580125647549,-0.2779624495143189,-0.9799338478500551,-2.0123456790123457,-18.75,-0.9045669149044073,-0.9817701679140554,-0.31452619594167347,Insurance—Property & Casualty,Financial Services,ARGO
2022Q2,2022,Q2,2022-08-09,2022-06-30,-16200000.0,453500000.0,2000000.0,-0.46,453500000.0,1.0,9876100000.0,1460700000.0,8041200000.0,3131200000.0,8415400000.0,0.0,592600000.0,1288801532.78,1576901532.78,41.776332996642076,2.568088911599387,0.0458885592490963,0.3102622030533306,0.003989317494265356,41.776332996642076,-0.011090573012939002,2.8418997415214995,-19.888912542901235,0.8823177468200178,-0.8148148148148148,0.0,0.010242073480101343,0.0459189356122356,2.568088911599387,-0.0016403236095219773,21.44428507121464,1.0,-15.027874564459932,-1.3498092208406443,0.00908366464731334,-0.23285991382996923,-0.056976502391349555,-15.2,-0.8876404494382022,-1.5501966221831327,-0.10188146710741916,-0.2593309546474033,Insurance—Property & Casualty,Financial Services,ARGO
2022Q1,2022,Q1,2022-05-06,2022-03-31,-1000000.0,480900000.0,17800000.0,-0.0287,480900000.0,1.0,9981000000.0,1610800000.0,8226200000.0,3087700000.0,8370200000.0,0.0,622000000.0,1440339076.8,1742339076.8,46.1653961008468,2.6641836966026493,0.0456868049293658,0.28308914824931714,-0.000694509473421356,46.1653961008468,-0.0006208095356344674,2.9950906150966934,-360.0847692,0.8941762334243855,-13.4,0.0,0.009303364892224383,0.04818154493537722,2.6641836966026493,-0.00010019036168720569,-50.36150618181818,1.0,0.9913030303030302,-1.0269418848772016,0.10890423146986945,-0.13185099450604237,-0.0985941893158388,0.9913269731136166,1.139607843137255,-1.0106846185957832,-0.07845259165516526,-0.16536027468425443,Insurance—Property & Casualty,Financial Services,ARGO
2021Q4,2021,Q4,2022-03-16,2021-12-31,-115300000.0,533500000.0,-127500000.0,-3.3,533500000.0,1.0,10317800000.0,1735200000.0,8647500000.0,3196200000.0,8582600000.0,0.0,636400000.0,2028039000.0,2435139000.0,49.71919770773639,2.705556598460672,0.053616080947488806,0.3188105117565698,-0.04639303410364142,49.71919770773639,-0.06644767173812817,3.80138519212746,-4.3973091934085,1.1687638312586446,-0.11795316565481354,0.0,0.006705985437163684,0.05170675919285119,2.705556598460672,-0.011174862858361279,34.43190152801358,1.0,-6.892857142857142,-4.464392402086726,0.2726481342169022,-0.04316822618569452,0.00736404833836858,-6.147321428571429,0.0,-1.568721905312689,0.29423942819358306,-0.0350484901286634,Insurance—Property & Casualty,Financial Services,ARGO
2021Q3,2021,Q3,2021-11-09,2021-09-30,22400000.0,529600000.0,0.0,0.56,529600000.0,1.0,10518100000.0,1887600000.0,0.0,0.0,8630500000.0,0.0,765500000.0,1822478000.0,2178078000.0,54.08595988538682,0.0,0.05301337694070222,0.29540156812884083,0.0,54.08595988538682,0.01186692095783005,3.4412348942598188,20.34015625,0.9655001059546514,0.5982142857142857,0.0,0.007352626478893024,0.050351299189017026,0.0,0.002129662201348152,27.364534534534535,1.0,-0.7083333333333333,-0.5988538681948424,0.2518653418457326,0.04337151422827401,-0.02521627093686729,-0.6790830945558739,0.0,-0.4625037051674735,0.03064860848929713,0.011452965240169302,Insurance—Property & Casualty,Financial Services,ARGO
2021Q2,2021,Q2,2021-08-06,2021-06-30,69800000.0,543300000.0,0.0,1.92,543300000.0,1.0,10368300000.0,1897900000.0,0.0,0.0,8470400000.0,0.0,756500000.0,1803684000.0,2165184000.0,54.53735632183908,0.0,0.053258489819931906,0.2909531587544128,0.0,54.53735632183908,0.036777490911006905,3.3198674765323024,6.460186246418338,0.950357763844249,0.1977077363896848,0.0,0.007651007604436254,0.05240010416365267,0.0,0.006732058293066365,-20.426772366930916,1.0,1.4615384615384615,1.2543559126585573,0.4276123095640174,0.08836544564584906,0.040206777713957496,1.342281879194631,0.0,0.6266705164164327,0.12894440684947636,0.028777685888567574,Insurance—Property & Casualty,Financial Services,ARGO
2021Q1,2021,Q1,2021-05-07,2021-03-31,29800000.0,522300000.0,0.0,0.78,522300000.0,1.0,10348900000.0,1821000000.0,0.0,0.0,8527900000.0,0.0,700500000.0,1746104000.0,2175404000.0,52.47838616714697,0.0,0.05662437553749674,0.32180120812740254,0.0,52.47838616714697,0.016364634816035145,3.3431054949262875,14.648523489932886,0.9588709500274575,0.44966442953020136,0.0,0.007674227881042595,0.05046913198504189,0.0,0.0028795330904733837,27.937664,1.0,2.368421052631579,0.08636887608069162,0.43088758226860424,0.07826251348065759,0.011229428848015489,41.57142857142857,0.0,0.17391001208515383,0.18088058653302988,-0.004689889746960778,Insurance—Property & Casualty,Financial Services,ARGO
2020Q4,2020,Q4,2021-03-15,2020-12-31,700000.0,516500000.0,0.0,-0.57,516500000.0,1.0,10465800000.0,1857800000.0,0.0,0.0,8608000000.0,0.0,684100000.0,1516390000.0,1922090000.0,53.538904899135446,0.0,0.05298209405874372,0.29847131015179246,0.0,53.538904899135446,0.00037678975131876413,2.935895450145208,541.5678571428572,0.8162288728603726,19.142857142857142,0.0,0.008836776818628453,0.04935122016472702,0.0,6.688451910030767e-05,-44.73126843657817,1.0,0.3736263736263737,-0.9827191111048936,0.3857401345671571,0.13277102095655952,0.0945115490570036,1.0236486486486487,0.0,-0.9762392429424728,0.11725706877980742,0.0015191090655440292,Insurance—Property & Casualty,Financial Services,ARGO
2020Q3,2020,Q3,2020-11-04,2020-09-30,-29600000.0,471900000.0,0.0,-0.91,471900000.0,1.0,10734300000.0,1864500000.0,0.0,0.0,8869800000.0,0.0,714200000.0,1194721000.0,1449521000.0,53.731988472622476,0.0,0.051722049877495506,0.297774202198981,0.0,53.731988472622476,-0.015875569857870742,2.5317249417249417,-10.090548986486487,0.6407728613569322,-0.4358108108108108,0.0,0.01079750000209254,0.0439618792096364,0.0,-0.0027575156274745444,6.08619969434539,1.0,-4.055555555555555,-1.852868863834894,0.2840322576914715,0.15527866899695483,0.04727030625832224,-3.625,0.0,0.5199119932678611,0.06850402020900759,0.02530619596541785,Insurance—Property & Casualty,Financial Services,ARGO
2020Q2,2020,Q2,2020-08-06,2020-06-30,-6400000.0,450600000.0,0.0,-0.18,450600000.0,1.0,10396700000.0,1730000000.0,0.0,0.0,8666700000.0,0.0,756700000.0,1205118000.0,1695318000.0,50.0,0.0,0.06520338184231535,0.39184971098265897,0.0,50.0,-0.003699421965317919,2.674474034620506,-47.074921875,0.6966,-1.65625,0.0,0.008795819164596331,0.04334067540661941,0.0,-0.0006155799436359614,-15.650883116883117,1.0,0.6727272727272727,-1.2339884393063585,0.24191173921124268,0.057388099946072225,0.025255972696245733,0.6595744680851063,0.0,-1.1396531791907514,0.013201177823357557,-0.08184846401945756,Insurance—Property & Casualty,Financial Services,ARGO
2020Q1,2020,Q1,2020-05-08,2020-03-31,-18800000.0,439500000.0,0.0,-0.55,439500000.0,1.0,10201300000.0,1636800000.0,0.0,0.0,8564500000.0,0.0,773700000.0,1278570000.0,1798970000.0,47.44347826086957,0.0,0.06656994696754336,0.41489491691104596,0.0,47.44347826086957,-0.011485826001955034,2.909146757679181,-17.002260638297873,0.7811400293255132,-0.5691489361702128,0.0,0.008368724434328977,0.04308274435611147,0.0,-0.0018429023751874761,-37.93976261127597,1.0,0.8172757475083057,-1.3294263038548753,0.1885341207349081,0.014222756795766312,-0.09920065587210494,0.8180058083252663,0.0,-1.5122615803814716,0.024953358208955233,-0.10781641774773781,Insurance—Property & Casualty,Financial Services,ARGO
2019Q4,2019,Q4,2020-02-28,2019-12-31,-103300000.0,487900000.0,0.0,-3.01,487900000.0,1.0,10514500000.0,1781100000.0,0.0,0.0,8733400000.0,0.0,811100000.0,2255225000.0,2801825000.0,51.927113702623906,0.0,0.06509106472014836,0.38425691988097244,0.0,51.927113702623906,-0.05799786648700241,4.622309899569584,-5.457950145208132,1.2661978552579867,-0.10261374636979671,0.0,0.004700196211021073,0.04640258690379952,0.0,-0.009824528032716724,-116.24871134020619,1.0,-3.1232876712328763,-2.8040484809860766,0.21987962364802044,0.1277063660849396,-0.0022494887525562374,-3.1155378486055776,0.0,-4.158125603693496,0.18422996611772133,-0.0006775128350952843,Insurance—Property & Casualty,Financial Services,ARGO
2019Q3,2019,Q3,2019-11-08,2019-09-30,-25100000.0,489000000.0,0.0,-0.73,489000000.0,1.0,10445800000.0,1893400000.0,0.0,0.0,8552400000.0,0.0,925000000.0,2409232000.0,2962932000.0,55.201166180758015,0.0,0.06689770051121025,0.36907151156649415,0.0,55.201166180758015,-0.013256575472694623,4.926854805725972,-23.996334661354577,1.2724368860251398,-0.3904382470119522,0.0,0.004067686300032541,0.04681307319688296,0.0,-0.0024028796262612726,12.457249224405377,1.0,-1.8795180722891567,-1.5922821400851808,0.3612775819523602,0.2275634588810893,-0.009921036647094554,-1.8715277777777777,0.0,-1.4573615160349855,0.17611504532126435,0.0648849436569847,Insurance—Property & Casualty,Financial Services,ARGO
2019Q2,2019,Q2,2019-08-06,2019-06-30,28800000.0,493900000.0,0.0,0.83,493900000.0,1.0,10166700000.0,1929000000.0,0.0,0.0,8237700000.0,0.0,959900000.0,2550636000.0,3073536000.0,56.40350877192982,0.0,0.06936370700423933,0.3655780196993261,0.0,56.40350877192982,0.014930015552099534,5.164276169265033,22.1409375,1.3222581648522551,0.4131944444444444,0.0,0.004665503035321387,0.04858016858961118,0.0,0.0028327775974505,-37.01939042089985,1.0,-0.6844106463878327,-0.20767602945186803,0.4106759187169107,0.254345166925028,-0.028711897738446412,-0.6842105263157895,0.0,-0.053517288366547434,0.32057400170603795,0.1256069985916926,Insurance—Property & Casualty,Financial Services,ARGO
2019Q1,2019,Q1,2019-05-08,2019-03-31,91200000.0,508500000.0,0.0,2.63,508500000.0,1.0,9954500000.0,1880600000.0,0.0,0.0,8073900000.0,0.0,943000000.0,2423520000.0,2979020000.0,55.311764705882354,0.0,0.07114370385252901,0.3765819419334255,0.0,55.311764705882354,0.048495161118791874,4.766017699115044,6.643421052631579,1.2886950973093694,0.11842105263157894,0.0,0.00445632798573975,0.05108242503390426,0.0,0.00916168566979758,50.17639751552795,1.0,3.0387596899224807,1.4604749780509219,0.5306534076994659,0.2788309584226193,0.26998001998001997,3.091743119266055,0.0,2.393176470588235,0.42176233203536434,0.1364793545071365,Insurance—Property & Casualty,Financial Services,ARGO
2018Q4,2018,Q4,2019-02-26,2018-12-31,-43600000.0,400400000.0,0.0,-1.29,400400000.0,1.0,9558200000.0,1746700000.0,0.0,0.0,7811500000.0,0.0,862600000.0,2279775000.0,2720775000.0,51.525073746312685,0.0,0.060701805779330834,0.3321692334115761,0.0,51.525073746312685,-0.024961355699318715,5.693743756243756,-13.072104357798166,1.305189786454457,-0.21788990825688073,0.0,0.0041670778914585874,0.041890732564708835,0.0,-0.004561528321232031,30.849458728010827,1.0,-2.1025641025641026,-1.995918366843164,0.10092904828442781,0.22018165523905503,-0.20015980823012386,-2.0738916256157633,0.0,-2.1017531574877566,0.09960147811654524,0.0901625743453551,Insurance—Property & Casualty,Financial Services,ARGO
2018Q3,2018,Q3,2018-11-06,2018-09-30,40600000.0,500600000.0,0.0,1.17,500600000.0,1.0,9279700000.0,1818100000.0,0.0,0.0,7461600000.0,0.0,915700000.0,2088620000.0,2550720000.0,53.47352941176471,0.0,0.06256667780208412,0.31934437049667236,0.0,53.47352941176471,0.022331004895220285,4.172233320015981,12.860960591133004,1.148792695671305,0.229064039408867,0.0,0.004452700826382971,0.05394570945181418,0.0,0.004375141437761997,26.010211706102115,1.0,-0.025000000000000022,0.43113266603415556,0.5186674747689191,0.3007101688567269,0.06783276450511945,-0.028708133971291867,0.0,0.19389776703882694,0.3901682324615239,0.14972160237229226,Insurance—Property & Casualty,Financial Services,ARGO
2018Q2,2018,Q2,2018-08-07,2018-06-30,41800000.0,468800000.0,0.0,1.2,468800000.0,1.0,9105700000.0,1797100000.0,0.0,0.0,7308600000.0,0.0,884400000.0,1971285000.0,2425685000.0,53.0117994100295,0.0,0.06381716946527999,0.32335429302765567,0.0,53.0117994100295,0.023259696177174338,4.2049594709897615,11.789982057416267,1.0969256023593568,0.22488038277511962,0.0,0.004768463210545406,0.05148423514941191,0.0,0.00459053120572828,-61.03049535603715,1.0,0.6901408450704225,0.46138382513051,0.40459315720345357,0.33571176294984456,0.0849340430455913,0.6854838709677419,0.0,0.5597935103244839,0.3187532668759699,0.12108091705786804,Insurance—Property & Casualty,Financial Services,ARGO
2018Q1,2018,Q1,2018-05-09,2018-03-31,24800000.0,432100000.0,0.0,0.71,432100000.0,1.0,9141300000.0,1787400000.0,0.0,0.0,7353900000.0,0.0,851800000.0,1714154941.52631,2123154941.52631,52.72566371681416,0.0,0.06374366884359993,0.3260042519861251,0.0,52.72566371681416,0.013874902092424752,3.967032958866721,17.279787716999092,0.9590214510049849,0.375,0.0,0.005425413872866787,0.04726898799951867,0.0,0.0027129620513493703,11.645074331021128,1.0,-0.14052636102492844,-0.1507573308796334,0.4036888861504126,0.29411129042409906,-0.04718853362734289,-0.14186851211072665,0.0,-0.5577462725503181,0.18920420954017905,0.12714265414345363,Insurance—Property & Casualty,Financial Services,ARGO
2017Q4,2017,Q4,2018-02-27,2017-12-31,28900000.0,453500000.0,0.0,0.826087,453500000.0,1.0,8764000000.0,1819700000.0,0.0,0.0,6944300000.0,0.0,977000000.0,1599547366.454068,2003647366.454068,53.45769682726205,0.0,0.06625969876768599,0.3191185360224213,0.0,53.45769682726205,0.0158817387481453,3.5271165743198853,13.836914934723772,0.8790170722943715,0.28719723183391005,0.0,0.005188967938098468,0.051745778183477864,0.0,0.0032975810132359652,-16.388804984160533,1.0,1.465686310433488,7.9400092725704425,0.4657608655691774,0.3564547213401236,0.032794352083807786,1.4714518760195758,0.0,-0.4914305197156956,0.14253106973880353,0.16094619419018227,Insurance—Property & Casualty,Financial Services,ARGO
2017Q3,2017,Q3,2017-11-07,2017-09-30,-61300000.0,439100000.0,0.0,-1.773913,439100000.0,1.0,9058000000.0,1808000000.0,0.0,0.0,7250000000.0,0.0,956400000.0,1610120761.0031998,1955120761.0031998,52.405797101449274,0.0,0.0641201148156326,0.32123893805309733,0.0,52.405797101449274,-0.03390486725663717,3.666865773179685,-6.566561015510604,0.8905535182539823,-0.13539967373572595,0.0,0.0051548928509117615,0.0484764848752484,0.0,-0.006767498344005299,7.8657584807191006,1.0,-2.3783778323595897,-6.114615820895523,0.46634218637992825,0.3109905441338608,-0.01635304659498208,-2.332608695652174,0.0,-2.438104399701715,0.21527984516583093,0.1654000450755014,Insurance—Property & Casualty,Financial Services,ARGO
2017Q2,2017,Q2,2017-08-08,2017-06-30,46000000.0,446400000.0,0.0,1.286957,446400000.0,1.0,8240700000.0,1891300000.0,0.0,0.0,6349400000.0,0.0,1026000000.0,1589980160.892284,1953880160.892284,54.457241577886556,0.0,0.07018821216644217,0.30582139269285674,0.0,54.457241577886556,0.024321894992862053,3.561783514543647,8.6411965265885,0.8406810981294791,0.18043478260869567,0.0,0.005220190920710676,0.05417015544795952,0.0,0.005582050068562137,23.009843138817423,1.0,0.2436974708707042,1.1709550220750555,0.5900152942646507,0.43446022787239585,0.041044776119402986,0.25340599455040874,0.0,0.24620492056411505,0.2555491986363102,0.21106256090375408,Insurance—Property & Casualty,Financial Services,ARGO
2017Q1,2017,Q1,2017-05-05,2017-03-31,36700000.0,428800000.0,0.0,1.034783,428800000.0,1.0,8019500000.0,1834600000.0,0.0,0.0,6184900000.0,0.0,988300000.0,1759333506.17745,2144733506.17745,53.176811594202896,0.0,0.07183739634640564,0.3140194047748828,0.0,53.176811594202896,0.02000436062356917,4.102923288660098,11.98456066878372,0.9589738941335714,0.22615803814713897,0.0,0.004717695633520689,0.05346966768501777,0.0,0.004576345158675728,-42.08931832960407,1.0,0.11214969342296882,1.1710089069801832,0.5387548365786157,0.41233978439755603,0.03474903474903475,0.11550151975683891,0.0,-0.024224295190713105,0.2720392265704505,0.2294699563191005,Insurance—Property & Casualty,Financial Services,ARGO
2016Q4,2016,Q4,2017-02-24,2016-12-31,32900000.0,414400000.0,0.0,0.930435,414400000.0,1.0,7205000000.0,1792700000.0,0.0,0.0,5412300000.0,0.0,959900000.0,1703346007.0488,1984946007.0488,51.96231884057971,0.0,0.05102012491325469,0.20505382941931166,0.0,51.96231884057971,0.018352206169465052,4.110390943650579,12.943358716176292,0.9501567507384392,0.2066869300911854,0.0,0.003992142507664436,0.05751561415683553,0.0,0.004566273421235253,67.32592913236364,1.0,-0.4055552680554837,26.247049115942026,0.49355182952881654,0.40537122409187576,-0.009086561453849833,-0.40398550724637683,0.0,-0.2615624825662483,0.11960701754385959,0.23053619535082107,Insurance—Property & Casualty,Financial Services,ARGO
2016Q3,2016,Q3,2016-11-04,2016-09-30,55200000.0,418200000.0,0.0,1.565217,418200000.0,1.0,7181100000.0,1788400000.0,0.0,0.0,5392700000.0,0.0,933800000.0,1453297017.90075,1699097017.90075,51.83768115942029,0.0,0.05144058709668435,0.20655334377096846,0.0,51.83768115942029,0.03086557817043167,3.475124385224175,6.5819611317968745,0.8126241433128775,0.1213768115942029,0.0,0.004610206941508747,0.05823620336717216,0.0,0.007686844633830472,12.615425502610677,1.0,0.8,6.50528,0.6628422009884678,0.4718634858714678,0.10110584518167456,0.7864077669902912,0.0,0.9175767741935484,0.2503042198778456,0.2609191829252324,Insurance—Property & Casualty,Financial Services,ARGO
2016Q2,2016,Q2,2016-08-04,2016-06-30,30900000.0,379800000.0,0.0,0.869565,379800000.0,1.0,6960800000.0,1740300000.0,0.0,0.0,5220500000.0,0.0,885300000.0,1340375128.59476,1588975128.59476,50.10941549093003,0.0,0.05303988047350879,0.21214733091995633,0.0,50.10941549093003,0.017755559386312705,3.529160422840337,10.84445896921327,0.7701977409611906,0.22330097087378642,0.0,0.005147812618124235,0.05456269394322492,0.0,0.004439144925870589,-37.65098675827977,1.0,0.1224480575807019,0.6306373736493552,0.36003298841059617,0.3521305483782405,0.030385241454150842,0.11552346570397112,0.0,0.05448743393151847,0.11074104510078789,0.26258184877069735,Insurance—Property & Casualty,Financial Services,ARGO
2016Q1,2016,Q1,2016-05-05,2016-03-31,27700000.0,368600000.0,0.0,0.774704,368600000.0,1.0,6819700000.0,1705400000.0,0.0,0.0,5114300000.0,0.0,1007200000.0,1353830648.8616898,1599430648.8616898,48.669396840798505,0.0,0.05403463495461677,0.2160783393925179,0.0,48.669396840798505,0.01624252374809429,3.6728992101510847,12.21868816662175,0.7938493308676496,0.22382671480144403,0.0,0.004579597902598086,0.05404929835623268,0.0,0.0040617622476061994,30.49168128066869,1.0,-0.31944410281638175,1.3533968253968254,0.49527547118472764,0.35233124097116747,-0.02769717752571881,-0.3276699029126214,0.0,-0.08232415902140672,0.15843409064964148,0.1945533068694764,Insurance—Property & Casualty,Financial Services,ARGO
2015Q4,2015,Q4,2016-02-26,2015-12-31,41200000.0,379100000.0,0.0,1.13834,379100000.0,1.0,6630100000.0,1668100000.0,0.0,0.0,4962000000.0,0.0,985700000.0,1416277231.208829,1666277231.208829,47.26366044739116,0.0,0.056062502828011646,0.22282836760386068,0.0,47.26366044739116,0.024698759067202206,3.7358935141356606,8.59391523791765,0.8490361676211432,0.13592233009708737,0.0,0.003954028121471851,0.057178624756790995,0.0,0.006214084252122894,28.3823092426619,1.0,0.1612905858481162,2.8528091397849464,0.4337397271908814,0.22790588736292977,0.014178705189941144,0.1671388101983003,0.0,10.542325936093953,0.18177401905841095,0.19928502660416214,Insurance—Property & Casualty,Financial Services,ARGO
2015Q3,2015,Q3,2015-11-06,2015-09-30,35300000.0,373800000.0,0.0,0.980237,373800000.0,1.0,6627500000.0,1641500000.0,0.0,0.0,4986000000.0,0.0,950200000.0,1335172257.1130674,1612872257.1130674,46.509980591327015,0.0,0.056416446623915505,0.227779469996954,0.0,46.509980591327015,0.021504721291501674,3.5718893983763174,9.455894172188863,0.8133854749394257,0.1671388101983003,0.0,0.004418905477228147,0.056401357978121465,0.0,0.005326291965296115,9.993804319708588,1.0,0.2653052004378448,0.9635865669315877,0.434852194896909,0.2535035232585552,0.009997298027560119,0.26523297491039427,0.0,1.8790659605199804,0.22021274135738236,0.16349999686185246,Insurance—Property & Casualty,Financial Services,ARGO
2015Q2,2015,Q2,2015-08-07,2015-06-30,27900000.0,370100000.0,0.0,0.774704,370100000.0,1.0,6544000000.0,1668900000.0,0.0,0.0,4875100000.0,0.0,920500000.0,1309392367.2055068,1576092367.2055068,47.28632751073144,0.0,0.057029339853300734,0.22362034873269818,0.0,47.28632751073144,0.01671759841811972,3.5379420891799698,11.732906516178376,0.7845840776592407,0.1971326164874552,0.0,0.00420042161368181,0.05655562347188264,0.0,0.004263447432762836,18.599323397805495,1.0,-0.5219508402378694,0.38616858237547896,0.3242904630223044,0.3296428080662339,-0.028608923884514435,-0.5255102040816326,0.0,0.29570833333333335,0.29719795541128463,0.24557091345288454,Insurance—Property & Casualty,Financial Services,ARGO
2015Q1,2015,Q1,2015-05-08,2015-03-31,58800000.0,381000000.0,0.0,1.620553,381000000.0,1.0,6377100000.0,1662800000.0,0.0,0.0,4714300000.0,0.0,898400000.0,1182928922.3305626,1467828922.3305626,46.77816381359627,0.0,0.05864734754041806,0.22492181861919652,0.0,46.77816381359627,0.03536203993264373,3.104800321077592,5.029459703786405,0.7114078195396696,0.09693877551020408,0.0,0.004818548175126256,0.059745025168179894,0.0,0.009220492073199417,120.70703289087373,1.0,-0.010965383394770932,2.742893393161071,0.34844245112855277,0.3611172834088356,-0.08633093525179857,-0.01507537688442211,0.0,2.3759430886303856,0.32697236848052913,0.2423960710387987,Insurance—Property & Casualty,Financial Services,ARGO
2014Q4,2014,Q4,2015-02-27,2014-12-31,59700000.0,417000000.0,0.0,1.63852,417000000.0,1.0,6356300000.0,1646700000.0,0.0,0.0,4709600000.0,0.0,969400000.0,1191697898.9902413,1489197898.9902413,46.04666184771074,0.0,0.0595472208674858,0.22985364668731403,0.0,46.04666184771074,0.03625432683548916,2.857788726595303,4.990359711014412,0.7236885279590948,0.08040201005025126,0.0,0.004027866461850082,0.06560420370341236,0.0,0.009392256501423784,25.627911806241748,1.0,0.34911244552361137,0.9070912024295339,0.4263682952036118,0.33551828750403884,0.10055423594615993,0.33557046979865773,0.0,46.698054872182155,0.449904398918223,0.2453765530518413,Insurance—Property & Casualty,Financial Services,ARGO
2014Q3,2014,Q3,2014-11-10,2014-09-30,44700000.0,378900000.0,0.0,1.214517,378900000.0,1.0,6388600000.0,1626900000.0,0.0,0.0,4761700000.0,0.0,914400000.0,1090037898.9711354,1397837898.9711354,44.96807540285801,0.0,0.05962182637823623,0.23412625238183046,0.0,44.96807540285801,0.027475567029319563,2.876848506125984,6.096408830934762,0.6700091578899351,0.10514541387024609,0.0,0.004311776686330112,0.05930876874432583,0.0,0.006996838117897505,12.471829507678894,1.0,0.16551747963851718,1.110418060200669,0.28644045376197524,0.3474708232084449,0.019096288327057558,0.15803108808290156,0.0,5.251188811188811,0.43666049930300327,0.2768099717237001,Insurance—Property & Casualty,Financial Services,ARGO
2014Q2,2014,Q2,2014-08-06,2014-06-30,38600000.0,371800000.0,0.0,1.042041,371800000.0,1.0,6421200000.0,1633100000.0,0.0,0.0,4788100000.0,0.0,874200000.0,1107880282.4151828,1375080282.4151828,44.96649746751968,0.0,0.06282314832118607,0.2470148796766885,0.0,44.96649746751968,0.023636029636886904,2.9797748316707446,7.175390430150148,0.6783909634530543,0.12176165803108809,0.0,0.004242335633732901,0.057901949791316264,0.0,0.006011337444714384,-13.848503530189785,1.0,-0.026845675190303897,1.2805192533109395,0.1819674847261053,0.44806651521644136,0.031917846239245075,-0.03980099502487562,0.0,0.9479028029844727,0.2731657088122606,0.21335629808755702,Insurance—Property & Casualty,Financial Services,ARGO
2014Q1,2014,Q1,2014-05-08,2014-03-31,40200000.0,360300000.0,0.0,1.070787,360300000.0,1.0,6431400000.0,1594900000.0,0.0,0.0,4836500000.0,0.0,840400000.0,1005356695.3759438,1259456695.3759437,43.25181865639767,0.0,0.06275461019373697,0.2530566179697787,0.0,43.25181865639767,0.025205342027713337,2.7903322103134713,6.252218254825522,0.630357198179161,0.09950248756218906,0.0,0.003978687383689465,0.05602201697919582,0.0,0.00625058307677955,26.73820998340276,1.0,-0.14367799086568106,0.8937637862704907,0.23491431881403824,0.4654356673886176,-0.09267187106522287,-0.1589958158995816,0.0,1.487360287511231,0.3889011909901217,0.20179803725931092,Insurance—Property & Casualty,Financial Services,ARGO
2013Q4,2013,Q4,2014-02-28,2013-12-31,47800000.0,397100000.0,0.0,1.250449,397100000.0,1.0,6591000000.0,1563000000.0,0.0,0.0,5028000000.0,0.0,804400000.0,1019744506.7691444,1265744506.7691445,42.22737944393863,0.0,0.06120467303899257,0.2580934101087652,0.0,42.22737944393863,0.030582213691618683,2.567979115510311,5.333391771805148,0.6524277074658633,0.08368200836820083,0.0,0.003922551162029003,0.060248824154149595,0.0,0.007252313761189501,-242.79631113551056,1.0,0.5535708739239171,4.133028140001094,0.44968294366438,0.4639324481842377,0.10244308717379234,0.5419354838709678,0.0,3.262241541353384,0.43201083276912666,0.09706373430039035,Insurance—Property & Casualty,Financial Services,ARGO
2013Q3,2013,Q3,2013-11-12,2013-09-30,31000000.0,360200000.0,0.0,0.804887,360200000.0,1.0,6650600000.0,1527400000.0,0.0,0.0,5123200000.0,0.0,760500000.0,941475932.372969,1201875932.3729692,41.111025878090764,0.0,0.06044567407451959,0.2631923530182009,0.0,41.111025878090764,0.020295927720309023,2.6137588350165712,7.592547841717493,0.6163912088339459,0.12903225806451613,0.0,0.00424864817300012,0.054160526869756115,0.0,0.004661233572910714,10.809138144350964,1.0,-0.008848958160165435,5.43957950472927,0.29182821992313257,0.42629885252994176,-0.02622330359556637,-0.022082018927444796,0.0,0.6380882592411659,0.3134448276288303,0.10799478150223164,Insurance—Property & Casualty,Financial Services,ARGO
2013Q2,2013,Q2,2013-08-09,2013-06-30,31700000.0,369900000.0,0.0,0.812073,369900000.0,1.0,6575300000.0,1491100000.0,0.0,0.0,5084200000.0,0.0,733500000.0,955410771.6358227,1254510771.6358228,39.688053126788304,0.0,0.061001018964914146,0.2689960431895916,0.0,39.688053126788304,0.021259472872376096,2.5828893528948975,7.53478526526674,0.6407422517844696,0.12933753943217666,0.0,0.004291347891106687,0.056255988319924566,0.0,0.004821072802761851,-45.49575103027727,1.0,-0.028906565771316093,0.7187233117102168,0.5416908094600335,0.32627412826416047,0.0731070496083551,-0.03058103975535168,0.0,0.4795132680573295,0.24335816777041946,0.11598716128268849,Insurance—Property & Casualty,Financial Services,ARGO
2013Q1,2013,Q1,2013-05-09,2013-03-31,32700000.0,344700000.0,0.0,0.836246,344700000.0,1.0,6602500000.0,1546600000.0,0.0,0.0,5055900000.0,0.0,804900000.0,826400078.3565824,1136700078.3565824,40.74275845281838,0.0,0.060810299129117756,0.259601706970128,0.0,40.74275845281838,0.02114315272210009,2.397447282728699,6.318043412512098,0.5343334271024068,0.11314984709480122,0.0,0.004477250301522227,0.0522074971601666,0.0,0.004952669443392654,-9.36961540086828,1.0,7.736856521388867,0.09604937488996254,0.6518173029272532,0.34425554922854795,-0.01288659793814433,7.957446808510638,0.0,0.9491584852734923,0.14239946973044626,0.1855034097718068,Insurance—Property & Casualty,Financial Services,ARGO
2012Q4,2012,Q4,2013-02-28,2012-12-31,-4700000.0,349200000.0,0.0,-0.12413,349200000.0,1.0,6688900000.0,1514100000.0,0.0,0.0,5174800000.0,0.0,776000000.0,685232898.249957,990332898.249957,39.409864543394384,0.0,0.059935116386849854,0.2647777557624992,0.0,39.409864543394384,-0.0031041542830724522,1.9622935230525687,-36.448558417550906,0.45256779489462845,-0.6382978723404256,0.0,0.004378073509987359,0.05220589334569212,0.0,-0.000702656640105249,-17.045594483829774,1.0,-1.3653837662815513,-1.244408714731119,0.6079036018106019,0.3364363848840275,0.043010752688172046,-1.3507462686567164,0.0,-1.1397531823923817,0.11182535462745508,0.1430273703625032,Insurance—Property & Casualty,Financial Services,ARGO
2012Q3,2012,Q3,2012-11-09,2012-09-30,13400000.0,334800000.0,0.0,0.339725,334800000.0,1.0,6649800000.0,1541900000.0,0.0,0.0,5107900000.0,0.0,783700000.0,677498107.5823486,1054598107.5823486,39.97419915493936,0.0,0.07816776444404343,0.3371165445229911,0.0,39.97419915493936,0.008690576561385303,2.023590524439512,12.639890066834862,0.4393917294132879,0.23134328358208955,0.0,0.00457565853735348,0.0503473788685374,0.0,0.0020150981984420582,8.046295814517205,1.0,-0.43478268103258955,-0.8040908206863812,0.40392178399967965,0.24565784670860594,0.052830188679245285,-0.44166666666666665,0.0,-0.40660225442834136,0.0661803022407503,0.19782905005049553,Insurance—Property & Casualty,Financial Services,ARGO
2012Q2,2012,Q2,2012-08-09,2012-06-30,24000000.0,318000000.0,0.0,0.601052,318000000.0,1.0,6347000000.0,1493400000.0,0.0,0.0,4853600000.0,0.0,773400000.0,606702635.4510132,905202635.4510132,37.963577183773175,0.0,0.0589727430282023,0.2506361323155216,0.0,37.963577183773175,0.016070711128967456,1.9078699228019282,6.319819119281387,0.40625594981318686,0.12916666666666668,0.0,0.005109587166529298,0.05010241058767922,0.0,0.0037813140066172996,-18.725389983055962,1.0,0.24324290781975572,1.5825735146055357,14.487748217812724,-0.11940570341429857,-0.015784586815227482,0.22448979591836735,0.0,0.3090986621182239,-0.06666411724777485,0.22254985408560304,Insurance—Property & Casualty,Financial Services,ARGO
2012Q1,2012,Q1,2012-05-10,2012-03-31,19600000.0,323100000.0,0.0,0.483455,323100000.0,1.0,6339600000.0,1506100000.0,0.0,0.0,4833500000.0,0.0,752400000.0,626873805.845493,912973805.845493,37.651570947486874,0.0,0.0593097356300082,0.24965141756855455,0.0,37.651570947486874,0.013013744107296991,1.9401851001098513,7.995839360274146,0.416223229430644,0.15816326530612246,0.0,0.004945173926702664,0.050965360590573536,0.0,0.003091677708372768,-41.241697752992955,1.0,12.813,1.750823240839617,13.191162331078084,-0.1531086225458124,0.004351880634131178,13.0,0.0,-0.1488341262216392,0.02086402436774927,0.27569098164381733,Insurance—Property & Casualty,Financial Services,ARGO
2011Q4,2011,Q4,2012-02-29,2011-12-31,1400000.0,321700000.0,0.0,0.035,321700000.0,1.0,6401900000.0,1479000000.0,0.0,0.0,4922900000.0,0.0,752000000.0,605348009.6895787,881448009.6895787,36.97408766438688,0.0,0.058888767397178965,0.2549019607843137,0.0,36.97408766438688,0.0009465855307640297,1.8817159144842357,108.09785887313903,0.40929547646354203,2.2142857142857144,0.0,0.005121021214870558,0.050250706821412396,0.0,0.00021868507786750808,-6.832370312523461,1.0,1.121756070409796,1.019582789245208,48.939160572158826,-0.17917878180588068,0.059967051070840195,1.115702479338843,0.0,-0.8608869334623744,0.08672170918388872,0.28181211779349574,Insurance—Property & Casualty,Financial Services,ARGO
2011Q3,2011,Q3,2011-11-08,2011-09-30,-12100000.0,303500000.0,0.0,-0.28746,303500000.0,1.0,6502700000.0,1466300000.0,0.0,0.0,5036400000.0,0.0,753700000.0,614605583.2631505,873205583.2631505,35.219082243030165,0.0,0.05819121288080336,0.25806451612903225,0.0,35.219082243030165,-0.008252063015753939,2.0250595824156523,-12.69846246411468,0.41915404982824145,-0.2727272727272727,0.0,0.005369297139279431,0.046672920479185566,0.0,-0.0018607655281652237,10.578409350484517,1.0,-1.5365862764130518,-1.7181681859365274,2.959804128547216,-0.24729038911921394,-0.09672619047619048,-1.530701754385965,0.0,-0.5463763051932956,-0.028664130747316836,0.22188477464295372,Insurance—Property & Casualty,Financial Services,ARGO
2011Q2,2011,Q2,2011-08-09,2011-06-30,22800000.0,336000000.0,0.0,0.53572,336000000.0,1.0,6513700000.0,1548600000.0,0.0,0.0,4965100000.0,0.0,769100000.0,643418470.3497106,974118470.3497106,37.059598683745286,0.0,0.05829252191534765,0.24518920315123338,0.0,37.059598683745286,0.014722975590856257,1.9149359236598529,7.055027087167879,0.41548396638880963,0.14473684210526316,0.0,0.005128854939781858,0.051583585366228105,0.0,0.0035003147212797642,178.7273528749196,1.0,1.2455088722686611,1.809353987528552,2.514962831170332,-0.1906604471774203,0.13055181695827725,1.2412698412698413,0.0,0.11145013838822511,0.2591012685090364,0.23843784377844068,Insurance—Property & Casualty,Financial Services,ARGO
2011Q1,2011,Q1,2011-05-10,2011-03-31,-94500000.0,297200000.0,0.0,-2.18208,297200000.0,1.0,6335600000.0,1520400000.0,0.0,0.0,4815200000.0,0.0,749600000.0,720194960.1910547,993394960.1910547,35.989257192525486,0.0,0.05975756045204874,0.2490134175217048,0.0,35.989257192525486,-0.062154696132596686,2.4232670262148543,-1.9052776724631078,0.47368781912066205,-0.03597883597883598,0.0,0.004720943894272797,0.046909527116610894,0.0,-0.01491571437590757,-98.65684386178832,1.0,-8.2736,-1.5915160704194298,-0.1449238031924903,-0.21380438449194264,-0.060979462875197475,-8.3828125,0.0,-3.8461433707752914,0.2797116732743339,0.18741981473076272,Insurance—Property & Casualty,Financial Services,ARGO
2010Q4,2010,Q4,2011-02-28,2010-12-31,12800000.0,316500000.0,0.0,0.3,316500000.0,1.0,6481900000.0,1626100000.0,0.0,0.0,4855800000.0,0.0,847500000.0,813776310.7838943,1106776310.7838943,38.49127277082721,0.0,0.058084820808713494,0.23153557591784024,0.0,38.49127277082721,0.007871594612877437,2.5711731778322093,15.894068569997938,0.5004466581292014,0.265625,0.0,0.004178052316028772,0.04882827565991453,0.0,0.001974729631743779,-23.11864519272427,1.0,-0.4036425512966799,1.007467511161794,-0.47524189852939014,-0.08977087758403748,-0.050405040504050404,-0.4434782608695652,0.0,-0.3946682711315611,0.3253302993097777,0.30528582189840425,Insurance—Property & Casualty,Financial Services,ARGO
2010Q3,2010,Q3,2010-11-05,2010-09-30,23000000.0,333300000.0,0.0,0.503054,333300000.0,1.0,6676000000.0,1675400000.0,0.0,0.0,5000600000.0,0.0,838200000.0,804273943.0117437,1112073943.0117435,37.10398872308043,0.0,0.05599161174355902,0.22311089888981736,0.0,37.10398872308043,0.013728064939715888,2.4130631353487657,8.742108076214604,0.4800489095211553,0.15217391304347827,0.0,0.004351751079854261,0.04992510485320551,0.0,0.003445176752546435,13.035234084469103,1.0,-0.1046519285293485,1.0070091185850905,-0.6100634906675262,-0.6317262198976515,-0.0802980132450331,-0.11877394636015326,0.0,-0.7127524403486631,0.193909208766048,0.1562176522398644,Insurance—Property & Casualty,Financial Services,ARGO
2010Q2,2010,Q2,2010-08-09,2010-06-30,26100000.0,362400000.0,0.0,0.561853,362400000.0,1.0,6629200000.0,1627600000.0,0.0,0.0,5001600000.0,0.0,818700000.0,714958081.9216348,1031358081.9216348,35.563180745889426,0.0,0.058257406625233814,0.23728188744163184,0.0,35.563180745889426,0.016035881051855494,1.9728423894084846,6.848257489670832,0.43927137006735983,0.13793103448275862,0.0,0.005035260235570831,0.054667229831653896,0.0,0.003937126651783021,-238.31936064054494,1.0,0.2835811689127601,-0.9434626180000811,-0.6208557325376944,-0.7990852894356616,-0.0265914585012087,0.2608695652173913,0.0,1.5445552346599154,14.170897837790328,-0.17508474025829118,Insurance—Property & Casualty,Financial Services,ARGO
2010Q1,2010,Q1,2010-05-07,2010-03-31,20700000.0,372300000.0,0.0,0.437723,372300000.0,1.0,6632100000.0,1609700000.0,0.0,0.0,5022400000.0,0.0,796200000.0,776488104.7780273,1114288104.7780273,34.36747470904432,0.0,0.05688997451787518,0.23439150152202273,0.0,34.36747470904432,0.012859539044542461,2.0856516378673846,9.377875661570378,0.48238063289931493,0.178743961352657,0.0,0.004765044019647551,0.05613606549961551,0.0,0.0031211833355950605,-18.846798659660855,1.0,-0.49687011494252875,-0.9399168716424704,-0.726865229310217,-0.851299481485329,-0.02768346826847741,-0.4951219512195122,0.0,1.6772131248319775,12.965208729673172,-0.22697732754475666,Insurance—Property & Casualty,Financial Services,ARGO
2009Q4,2009,Q4,2010-03-01,2009-12-31,41000000.0,382900000.0,0.0,0.87,382900000.0,1.0,6896800000.0,1614900000.0,0.0,0.0,5281900000.0,0.0,779200000.0,691340388.8919064,1053840388.8919064,34.478495935662345,0.0,0.05518501333951978,0.23568022787788717,0.0,34.478495935662345,0.025388568951637873,1.8055377093024454,4.21549017617016,0.42810105201059284,0.0,0.0,0.0,0.055518501333951975,0.0,0.005944785987704443,14.402924768581382,1.0,0.49625420499026585,-0.917365250581247,-0.7161899683502524,-0.8469546413364033,-0.002344971339239187,0.4855072463768116,0.0,1.4897830553559104,49.76319267284371,-0.23458068006177393,Insurance—Property & Casualty,Financial Services,ARGO
2009Q3,2009,Q3,2009-11-09,2009-09-30,27600000.0,383800000.0,0.0,0.581452,383800000.0,1.0,6821100000.0,1573300000.0,0.0,0.0,5247800000.0,0.0,738200000.0,804273491.9249334,1167873491.9249334,33.37220712192129,0.0,0.055826772807904886,0.24203902625055615,0.0,33.37220712192129,0.017542744549672664,2.095553652748654,7.285085977580918,0.5112016093084176,0.0,0.0,0.0,0.05626658456847136,0.0,0.004046268197211594,12.112552589230924,1.0,0.2535210356684739,1.0171385602457885,-0.8176023832948992,-0.8744162045003725,-0.057002457002457,0.2602739726027397,0.0,0.4466652907219864,3.4221978248775824,-0.28676219148369425,Insurance—Property & Casualty,Financial Services,ARGO
2009Q2,2009,Q2,2009-08-10,2009-06-30,21900000.0,407000000.0,0.0,0.463855,407000000.0,1.0,6919700000.0,1459200000.0,0.0,0.0,5460500000.0,0.0,710600000.0,671701534.7096987,1022801534.7096987,31.052784519914525,0.0,0.05459774267670564,0.25890899122807015,0.0,31.052784519914525,0.015008223684210526,1.6503723211540509,7.66782573869519,0.4603217754315369,0.0,0.0,0.0,0.058817578796768646,0.0,0.0031648770900472565,4.532399019633594,1.0,-0.19318199607249012,-0.9695076958147596,-0.7547082297338911,-0.8965729776441261,0.09673942333602803,-0.18888888888888888,0.0,1.3996063611116285,2.786170264601431,-0.3218424475744039,Insurance—Property & Casualty,Financial Services,ARGO
2009Q1,2009,Q1,2009-05-11,2009-03-31,27000000.0,371100000.0,0.0,0.574919,371100000.0,1.0,6479500000.0,1384300000.0,0.0,0.0,5095200000.0,0.0,682200000.0,715808406.8172178,1140408406.8172178,29.514648523242034,0.0,0.06719654294312832,0.31452719786173516,0.0,29.514648523242034,0.019504442678610127,1.928882799291883,6.627855618677943,0.517090519986432,0.0,0.0,0.0,0.057272937726676444,0.0,0.004166988193533451,44.18570412451962,1.0,1.2996759999999998,-0.9617784325380958,-0.787618287171144,-0.9011171016821504,0.06914433880726016,1.2881355932203389,0.0,-0.8477732839559373,-0.03830060916793591,-0.35524406246835555,Insurance—Property & Casualty,Financial Services,ARGO
2008Q4,2008,Q4,2009-03-02,2008-12-31,11800000.0,347100000.0,0.0,0.25,347100000.0,1.0,6381500000.0,1352900000.0,0.0,0.0,5028600000.0,0.0,655200000.0,805848694.2993438,1228448694.2993438,28.84516939037358,0.0,0.06717856303376948,0.3168748614088255,0.0,28.84516939037358,0.008722004582748171,2.321661464417585,17.07306555718949,0.5956454241254666,0.0,0.0,0.0,0.05439160072083366,0.0,0.0018490950403510147,-5.805826327805071,1.0,2.3195258152030487,-0.9814404660430583,-0.8370773415088848,-0.8950631238841119,-0.012236767216846899,2.340909090909091,0.0,1.006200693901575,-0.4816388720213527,-0.31787879874840336,Insurance—Property & Casualty,Financial Services,ARGO
2008Q3,2008,Q3,2008-11-10,2008-09-30,-8800000.0,351400000.0,0.0,-0.189462,351400000.0,1.0,6470100000.0,1349600000.0,0.0,0.0,5120500000.0,0.0,643400000.0,873976671.0352534,1278276671.0352535,28.823570744075695,0.0,0.07030803233334879,0.33706283343212806,0.0,28.823570744075695,-0.006520450503852994,2.4871276921891106,-24.828882699865154,0.6475820028417705,0.0,0.0,0.0,0.05431137076706697,0.0,-0.0013601026259254106,5.448732363062677,1.0,-1.3866666122435651,-1.0144601141858596,-0.8214597389953897,-0.898849400384592,0.17446524064171123,-1.382608695652174,0.0,0.9974138192931031,-0.6035385484016955,-0.713913093463043,Insurance—Property & Casualty,Financial Services,ARGO
2008Q2,2008,Q2,2008-08-11,2008-06-30,23000000.0,299200000.0,0.0,0.489988,299200000.0,1.0,6233600000.0,1402000000.0,0.0,0.0,4831600000.0,0.0,652200000.0,796431682.4589398,1171131682.4589398,29.924472083861264,0.0,0.06318981006160164,0.28095577746077033,0.0,29.924472083861264,0.016405135520684736,2.6618705964536757,8.656866113684128,0.568068247117646,0.0,0.0,0.0,0.04799794661190965,0.0,0.003689681724845996,60.796311638087005,1.0,-0.3750001594426396,-0.9582937771229152,-0.8757570040922855,-0.8909102629142159,0.15924060441689267,-0.37669376693766937,0.0,-0.9513314294161334,-0.6942239528056219,-0.8309412566193326,Insurance—Property & Casualty,Financial Services,ARGO
2008Q1,2008,Q1,2008-05-12,2008-03-31,36900000.0,258100000.0,0.0,0.783981,258100000.0,1.0,4980400000.0,1423000000.0,0.0,0.0,3557400000.0,0.0,629200000.0,844723012.7847629,1163223012.7847629,30.308789482922467,0.0,0.07417074933740261,0.2595924104005622,0.0,30.308789482922467,0.025931131412508784,3.2728516574380584,5.72305564217319,0.5936212317531713,0.0,0.0,0.0,0.05182314673520199,0.0,0.007409043450325275,-14.149464200749797,1.0,0.5679620000000001,-0.9393887750712625,-0.8906471774206945,-0.8845336712778535,-0.027505651846269782,0.5702127659574469,0.0,-0.8931512191486697,-0.8110995588628381,-0.8688605214721665,Insurance—Property & Casualty,Financial Services,ARGO
2007Q4,2007,Q4,2008-03-05,2007-12-31,23500000.0,265400000.0,0.0,0.5,265400000.0,1.0,5123500000.0,1384500000.0,0.0,0.0,3739000000.0,0.0,592300000.0,1001919496.8648752,1329119496.8648753,29.4887695285356,0.0,0.07209915097101591,0.26681112314915134,0.0,29.4887695285356,0.016973636691946552,3.775129980651376,10.658718051753992,0.7236688312494585,0.0,0.0,0.0,0.051800526983507365,0.0,0.004586708304869718,44.72854896718193,1.0,-0.7165462177061106,-0.9439578464251666,-0.8969957586910007,-0.881609285833003,0.025898724391186703,-0.683288409703504,0.0,-0.9527493558477547,-0.8037524210217057,-0.8691033588743415,Insurance—Property & Casualty,Financial Services,ARGO
2007Q3,2007,Q3,2007-11-09,2007-09-30,74200000.0,258700000.0,0.0,1.763956,258700000.0,1.0,5099100000.0,1342800000.0,0.0,0.0,3756300000.0,0.0,568900000.0,930888617.8559996,1224788617.8559995,32.09083398026428,0.0,0.07244415681198643,0.2750968126303247,0.0,32.09083398026428,0.05525767053917188,3.5983325004097395,3.136417176064689,0.6932444279535297,0.77088948787062,0.0,0.061446663868059394,0.05073444333313722,0.0,0.014551587535055206,2.831212816058637,1.0,2.499999574819447,-0.7086541670482884,-0.8706626588191981,-0.8916739188600061,43.882026370575986,7.415910073497622,0.0,1.0519117228086312,-0.8614817803078684,-0.8792381721332794,Insurance—Property & Casualty,Financial Services,ARGO
2007Q2,2007,Q2,2007-08-06,2007-06-30,-11565000.0,5764000.0,0.0,-1.175971,5764000.0,1.0,1168748000.0,476086000.0,0.0,0.0,692662000.0,0.0,-524798000.0,338094266.28516,492721266.28516,43.11131395123506,0.0,0.14296922861044467,0.35097650424503135,0.0,43.11131395123506,-0.024291829627420256,58.656187766335876,-7.308566067556421,0.7101537669353016,0.0,0.0,0.0,0.004931773145280248,0.0,-0.009895204098744982,-5.261921875790391,1.0,-0.49999936222944186,-1.099053915393148,-0.983001124206347,-0.85016635905974,-0.08172693962083798,-0.6069195498124218,0.0,-1.0685191372642961,-0.9852180182868762,-0.8564098227981471,Insurance—Property & Casualty,Financial Services,ARGO
2007Q1,2007,Q1,2007-05-09,2007-03-31,-7197000.0,6277000.0,0.0,-0.783981,6277000.0,1.0,1253322000.0,490297000.0,0.0,0.0,763025000.0,0.0,-512071000.0,350075910.18498,507676910.18498,44.458559798624975,0.0,0.13331849277360486,0.34079547702718965,0.0,44.458559798624975,-0.014678857916732103,55.771213985180815,-12.160480414929136,0.7140078568397931,0.0,0.0,0.0,0.005008289968579503,0.0,-0.0057423391594498465,-2.7469430029737447,1.0,0.561345426467626,-1.0641537842552027,-0.9843011473214744,-0.7757490616071647,2.5343468468468466,0.6348554033485541,0.0,-1.0433296308589355,-0.9847219808355112,-0.8510505302320108,Insurance—Property & Casualty,Financial Services,ARGO
