Quarters,Year,Quarter,FillingDate,Date,NetIncome,Revenue,OperatingIncome,EPSDiluted,GrossProfit,GrossProfitRatio,TotalAssets,CommonStockEquity,CurrentAssets,CurrentLiability,TotalLiability,Inventory,RetainedEarnings,MarketCap,EnterpriseValue,bookValuePerShare,currentRatio,debtToAssets,debtToEquity,roic,shareholdersEquityPerShare,roe,priceToSalesRatio,peRatio,pbRatio,payoutRatio,inventoryTurnover,dividendYield,assetTurnover,quickRatio,returnOnAssets,priceToFreeCashFlowsRatio,grossProfitMargin,epsdilutedGrowth,fiveYNetIncomeGrowthPerShare,fiveYRevenueGrowthPerShare,fiveYShareholdersEquityGrowthPerShare,grossProfitGrowth,netIncomeGrowth,operatingIncomeGrowth,threeYNetIncomeGrowthPerShare,threeYRevenueGrowthPerShare,threeYShareholdersEquityGrowthPerShare,Industry,Sector,Symbol
2023Q1,2023,Q1,2023-07-06,2022-12-31,-2589000.0,21299000.0,-2080000.0,-0.44,1261000.0,0.0592046575,99767000.0,38573000.0,41155000.0,37398000.0,61194000.0,8322000.0,29367000.0,12733591.2,46823591.2,6.5422320217096335,1.1004599176426546,0.35329317309330743,0.9137738832862364,-0.023925428646491623,6.5422320217096335,-0.06711948772457418,0.597849251138551,-1.2295858632676708,0.33011669302361757,0.0,2.407834655130978,0.0,0.2134874257018854,0.8311674421092037,-0.02595046458247717,-49.93565176470588,0.05920465749565707,0.6302521008403361,-1.6520199372362812,-0.18041750659808573,-0.2785199618479004,1.3410873681363267,0.6258670520231214,0.6860377358490566,-0.836283458739361,-0.22642559428874356,0.041737773971015274,Aerospace & Defense,Industrials,SIF
2022Q4,2022,Q4,2022-12-23,2022-09-30,-6920000.0,18633000.0,-6625000.0,-1.19,-3697000.0,-0.1984114206,97266000.0,40690000.0,38778000.0,32589000.0,56576000.0,8969000.0,31956000.0,17898100.0,51352100.0,6.979416809605489,1.1899107060664642,0.3560134065346575,0.8510199066109609,-0.07273833702604084,6.979416809605489,-0.17006635536986975,0.9605592228841303,-0.6466076589595375,0.439864831653969,0.0,2.4896866986286095,0.0,0.19156745419776694,0.8578968363558256,-0.07114510723171509,-16.3154968094804,-0.198411420597864,-1.5869565217391304,-0.7455352078717044,-0.38323392186072547,-0.2338609060727446,-10.885026737967914,-1.593703148425787,-1.6404942208051017,-3.769747132011283,-0.4236975858912921,0.08638395560842085,Aerospace & Defense,Industrials,SIF
2022Q3,2022,Q3,2022-08-15,2022-06-30,-2668000.0,21454000.0,-2509000.0,-0.46,374000.0,0.0174326466,102264000.0,46968000.0,42629000.0,31145000.0,55296000.0,12515000.0,38876000.0,18104000.0,50705000.0,8.042465753424658,1.3687269224594638,0.3198779629195025,0.6964741951967297,-0.026298368846399956,8.042465753424658,-0.05680463294157725,0.8438519623380255,-1.6964017991004499,0.38545392607732926,0.0,1.6843787455053936,0.0,0.20979034655401704,0.9262481939316102,-0.026089337401236017,6.275216637781629,0.017432646592709985,-1.7540983606557379,0.5949347978778388,-0.3303513069483982,-0.13919615434762259,-0.7436600411240576,-1.733168452871668,-1.0072,0.6546665489489043,-0.17718837723030248,0.17714719963030753,Aerospace & Defense,Industrials,SIF
2022Q2,2022,Q2,2022-05-05,2022-03-31,3639000.0,24568000.0,-1250000.0,0.61,1459000.0,0.0593861934,108479000.0,49748000.0,47436000.0,33821000.0,58731000.0,14535000.0,41544000.0,28957056.0,65019056.0,8.51849315068493,1.4025605393098963,0.3335760838503305,0.7273860255688671,-0.012207013756823468,8.51849315068493,0.07314866929323792,1.178649299902312,1.9893553173948888,0.5820747768754524,0.0,1.5898864809081528,0.0,0.22647701398427345,0.9349812246828894,0.03354566321592198,-5.301548150860491,0.059386193422338,1.953125,3.0603832020237927,-0.263646814987532,-0.16810166881857375,161.11111111111111,1.9859116770522893,0.6577217962760131,3.754491664307337,-0.14594447133849703,0.04713500322639533,Aerospace & Defense,Industrials,SIF
2022Q1,2022,Q1,2022-02-04,2021-12-31,-3691000.0,19247000.0,-3652000.0,-0.64,9000.0,0.0004676053,107773000.0,45981000.0,45327000.0,36236000.0,61792000.0,14979000.0,37905000.0,37700000.0,73688000.0,7.927758620689655,1.2508830996798763,0.3408645950284394,0.798938692068463,-0.03649886012918337,7.927758620689655,-0.08027228637915661,1.958746817685873,-2.553508534272555,0.8199038733389878,0.0,1.2843313972895387,0.0,0.1785883291733551,0.8027652058726129,-0.03424790995889509,48.77102199223803,0.00046760534109211826,0.0,-0.3334939400748072,-0.423570783714996,-0.2411084313125257,-0.9927884615384616,-0.4769907963185274,-0.7017707362534948,-1.7475502985636664,-0.36809401703318023,-0.054735055997991354,Aerospace & Defense,Industrials,SIF
2021Q4,2021,Q4,2021-12-10,2021-09-30,-2499000.0,24317000.0,-2146000.0,0.0,1248000.0,0.0513221203,110668000.0,49622000.0,47573000.0,35966000.0,61046000.0,12546000.0,41596000.0,0.0,37046000.0,0.0,1.3227214591558694,0.33787544728376767,0.7535367377372939,-0.017638370957537845,0.0,-0.0503607270968522,0.0,0.0,0.0,0.0,1.8387533875338753,,0.21972928037011602,0.9240671745537452,-0.022581053240322405,0.0,0.05132212032734301,-1.0,1.0,-1.0,-1.0,-0.6206686930091185,-10.838582677165354,-17.50769230769231,1.0,-1.0,-1.0,Aerospace & Defense,Industrials,SIF
2021Q3,2021,Q3,2021-08-06,2021-06-30,254000.0,25330000.0,130000.0,0.04,3290000.0,0.12988551125148046,117360000.0,48337000.0,52682000.0,39586000.0,69023000.0,15864000.0,44095000.0,58194530.0,96927530.0,8.364249870219762,1.330824028697014,0.3321404226312202,0.8064215818110351,0.001460058124639794,8.364249870219762,0.005254773775782527,2.297454796683774,57.27808070866142,1.2039334257401162,0.0,1.389309127584468,0.0,0.21583162917518744,0.8897590057090891,0.0021642808452624405,-20.81349427753934,0.12988551125148046,1.1538461538461537,1.2288028081971671,-0.22725821913048128,-0.3367234430991133,0.1994166970470288,1.170355466130114,1.1180744777475022,1.1587961182945181,-0.1541256981500518,-0.0014209259379150529,Aerospace & Defense,Industrials,SIF
2021Q2,2021,Q2,2021-05-06,2021-03-31,-1491000.0,24866000.0,-1101000.0,-0.26,2743000.0,0.11031126839861659,116386000.0,47708000.0,50574000.0,39184000.0,68678000.0,15568000.0,43841000.0,72443580.0,108820580.0,8.258265535745197,1.2906798693344221,0.31522691732682623,0.7690114865431374,-0.012255385355370274,8.258265535745197,-0.031252620105642656,2.913358803185072,-12.146810865191146,1.518478661859646,0.0,1.4210560123329907,0.0,0.21365112642414036,0.8433799510004083,-0.012810819170690633,75.4620625,0.11031126839861659,-1.5098039215686274,-3.716445042415345,-0.191100570635385,-0.3576682531094854,-0.3007902115727759,-1.4981623788840628,-1.4741602067183464,0.29904728625901866,-0.14282374135914175,-0.05937854222966006,Aerospace & Defense,Industrials,SIF
2021Q1,2021,Q1,2021-02-05,2020-12-31,2993000.0,25078000.0,2322000.0,0.51,3923000.0,0.15643193237100247,103350000.0,49141000.0,53331000.0,40237000.0,-29332000.0,16563000.0,45332000.0,47804400.0,76075400.0,8.634862062906343,1.3254218753883242,0.28496371552975325,0.5993162532305,0.024315409183726898,8.634862062906343,0.06090637146171222,1.9062285668713614,3.9930170397594384,0.9728007163061395,0.0,1.2772444605445874,0.0,0.24265118529269472,0.5507865894574645,0.02895984518626028,-81.43850085178876,0.15643193237100247,-0.42369898467051564,2.103658803001755,-0.11546625877720601,-0.33257814496192895,-0.3684803605924018,-0.4041409516225363,-0.5719815668202765,4.176291411651768,-0.0002411739098217746,-0.04774386021305051,Aerospace & Defense,Industrials,SIF
2020Q4,2020,Q4,2020-12-23,2020-09-30,5023000.0,29052000.0,5425000.0,0.884954193093728,6212000.0,0.21382348891642572,121948000.0,45523000.0,55206000.0,43297000.0,76425000.0,15569000.0,42339000.0,20887680.0,45080680.0,8.020260747004933,1.2750536988705914,0.2018893298783088,0.5408255167717417,0.06351736634843962,8.020260747004933,0.11033982821870264,0.718975629904998,1.0396018315747562,0.4588379500472289,0.0,1.4670177917656881,0.0,0.23823268934299865,0.8614684620181536,0.04118968740774757,-6.089702623906706,0.21382348891642572,1.2691133156249437,13.546429133655085,-0.19930553986136615,-0.3837600401229066,0.49722824777054714,1.2324444444444445,1.1656686626746506,2.3014031834038997,-0.012266237017785042,-0.11960619785394119,Aerospace & Defense,Industrials,SIF
2020Q3,2020,Q3,2020-08-06,2020-06-30,2250000.0,27777000.0,2505000.0,0.39,4149000.0,0.14936818230910465,115349000.0,41323000.0,49321000.0,42098000.0,74026000.0,15288000.0,37316000.0,22704000.0,44889000.0,7.28030303030303,1.1715758468335788,0.19483480567668554,0.5438617718945865,0.0303697957263284,7.28030303030303,0.05444909614500399,0.8173668862728156,2.522666666666667,0.5494276795005203,0.0,1.5455259026687598,0.0,0.2408083295043737,0.7723644828732956,0.019506020858438305,-165.72262773722628,0.14936818230910465,-0.31578947368421045,3.144607199917701,-0.07158749217136151,-0.4732447387134825,-0.33901545324199456,-0.3098159509202454,-0.2857142857142857,1.351473097745868,-0.10793900914227232,-0.2207722061693683,Aerospace & Defense,Industrials,SIF
2020Q2,2020,Q2,2020-05-12,2020-03-31,3260000.0,30537000.0,3507000.0,0.57,6277000.0,0.20555391819759636,115296000.0,38690000.0,49935000.0,46741000.0,76606000.0,13402000.0,35067000.0,12777750.0,36386750.0,6.812819158302518,1.0683340108256134,0.2077608936996947,0.6191263892478677,0.044139313557428145,6.812819158302518,0.08425949857844404,0.41843501326259946,0.9798888036809816,0.3302597570431636,0.0,1.8101775854350097,0.0,0.2648574104912573,0.7421107806850517,0.02827504857063558,-7.335103329506315,0.20555391819759636,3.375,49.77586282796267,0.18793824259684727,-0.5111225543948551,0.8883874849578821,3.429210134128167,3.7122969837587005,2.8981237506114437,-0.05879610939124719,-0.3346742448249769,Aerospace & Defense,Industrials,SIF
2020Q1,2020,Q1,2020-02-18,2019-12-31,-1342000.0,26207000.0,-1293000.0,-0.24,3324000.0,0.12683634143549433,111484000.0,35244000.0,45643000.0,45939000.0,76240000.0,12246000.0,31806000.0,22167400.0,45143400.0,6.280114041339986,0.9935566729793857,0.20994043988375014,0.6640846668936556,-0.01579944304424277,6.280114041339986,-0.038077403245942575,0.8458579768764071,-4.129545454545455,0.6289694699807059,0.0,1.8686101584190755,0.0,0.2350740913494313,0.693114782646553,-0.01203760180833124,-6.783170134638923,0.12683634143549433,-1.560033264033264,0.07914402173913047,0.2609429885589503,-0.5501046649030811,-0.2488135593220339,-1.558004158004158,-1.4455547898001377,0.4989167930408119,-0.18883243189429869,-0.3988306374602843,Aerospace & Defense,Industrials,SIF
2019Q4,2019,Q4,2019-12-16,2019-09-30,2405000.0,31123000.0,2902000.0,0.42854597291518176,4425000.0,0.1421778106223693,96099000.0,36054000.0,49458000.0,46684000.0,60045000.0,10509000.0,33148000.0,15208520.0,38247520.0,6.424447612259444,1.05942078656499,0.24329077305695168,0.6484717368391857,0.04659904196785443,6.424447612259444,0.06670549730959117,0.48865854834045563,1.580927234927235,0.4218261496643923,0.0,2.5404891045770293,0.0,0.3238639319868053,0.8030588638505698,0.02502627498725273,-2.5121440370003305,0.1421778106223693,1.324656040087259,2.1272897242881768,-0.08764794580562303,-0.5453751637474458,2.190338860850757,1.3263229308005426,1.3871914609739826,1.317117059275487,-0.048999097745060186,-0.41821343223086993,Aerospace & Defense,Industrials,SIF
2019Q3,2019,Q3,2019-08-16,2019-06-30,-7370000.0,24873000.0,-7495000.0,-1.32,1387000.0,0.05576327744944317,89039000.0,38062000.0,43998000.0,41425000.0,50977000.0,11944000.0,30743000.0,16100190.0,36138190.0,6.8321665769161735,1.0621122510561256,0.23292040566493336,0.5448741526982293,-0.1219060917980172,6.8321665769161735,-0.1936314434343965,0.6472958629839585,-0.5461394165535957,0.42299905417476746,0.0,1.966342933690556,0.0,0.2793494985343501,0.7369221484610742,-0.08277271757319826,14.730274473924977,0.05576327744944317,-4.739130434782608,-4.75510135310988,-0.22037572285714635,-0.522510488033269,-0.335727969348659,-4.858505564387917,-6.931216931216931,-5.886755391440367,-0.21286919255194336,-0.4582160990377953,Aerospace & Defense,Industrials,SIF
2019Q2,2019,Q2,2019-05-10,2019-03-31,-1258000.0,27392000.0,-945000.0,-0.23,2088000.0,0.07622663551401869,97445000.0,45239000.0,45851000.0,43155000.0,52206000.0,10342000.0,38114000.0,15348359.999999998,39675360.0,8.135047653299766,1.062472482910439,0.2691774847349787,0.5798094564424501,-0.013589808168576583,8.135047653299766,-0.027807864895333673,0.5603227219626168,-3.0501510333863275,0.33927275138707746,0.0,2.4467221040417715,0.0,0.28110216019292933,0.7880894450237516,-0.01290984658012212,9.393121175030599,0.07622663551401869,0.0,-1.8577576303413397,-0.08299693046441803,-0.41352511751320864,-0.237120935330654,0.0187207488299532,0.37250996015936255,-3.1339693120808496,-0.07431800790513347,-0.3672521975027413,Aerospace & Defense,Industrials,SIF
2019Q1,2019,Q1,2019-02-19,2018-12-31,-1282000.0,29067000.0,-1506000.0,-0.23,2737000.0,0.09416176419995184,102588000.0,46421000.0,52217000.0,46600000.0,56167000.0,11813000.0,39414000.0,19095750.0,47338750.0,8.386811201445347,1.1205364806866953,0.2842827621164269,0.6282501454083281,-0.014222339692492104,8.386811201445347,-0.027616811356928977,0.6569563422437816,-3.7238202028081124,0.4113601602722906,0.0,2.2289003640057565,0.0,0.283337232424845,0.8357510729613734,-0.012496588294927282,-48.838235294117645,0.09416176419995184,0.5265712160654519,-2.31534966599226,0.059677172038116996,-0.38517372116828996,0.20838852097130242,0.5232428412049089,0.13448275862068965,0.5139431137703729,0.054126368221452496,-0.3517509545440622,Aerospace & Defense,Industrials,SIF
2018Q4,2018,Q4,2018-12-06,2018-09-30,-2689000.0,30486000.0,-1740000.0,-0.4858175248419151,2265000.0,0.07429639834678213,102237000.0,44189000.0,49583000.0,47817000.0,58048000.0,18269000.0,37097000.0,28442151.0,56719151.0,7.983559168925023,1.0369324717150805,0.28882889756154817,0.6682432279526579,-0.024467890859921855,7.983559168925023,-0.06085224829708751,0.932957783900807,-2.6443055968761624,0.6436477630179457,0.0,1.5447479336581094,0.0,0.2981895008656357,0.6144049187527448,-0.026301632481391276,-68.20659712230216,0.07429639834678213,-0.7350625887211252,-1.8990800580178318,0.08016140191303818,-0.40378013399693424,-0.3092406221408966,-0.7552219321148825,-0.2710007304601899,-5.887673051198526,-0.1383795559947296,-0.3865800206343676,Aerospace & Defense,Industrials,SIF
2018Q3,2018,Q3,2018-08-09,2018-06-30,-1532000.0,28681000.0,-1369000.0,-0.28,3279000.0,0.11432655765140685,104578000.0,46362000.0,50532000.0,45807000.0,58216000.0,21032000.0,39786000.0,29999700.0,58154700.0,8.376151761517615,1.1031501735542604,0.2852416378205741,0.6434148656227082,-0.015729495410091797,8.376151761517615,-0.033044303524438115,1.0459781737038458,-4.895512402088772,0.6470751908890902,0.0,1.2077786230505896,0.0,0.27425462334334183,0.5869845220162857,-0.01464935263630974,-31.71215644820296,0.11432655765140685,0.24324324324324317,-1.600257368729189,-0.08048019250940545,-0.3409645461861195,0.29655990510083036,0.24828263002944062,0.21140552995391704,-0.49743771916368634,-0.01695206554043457,-0.3939562692172601,Aerospace & Defense,Industrials,SIF
2018Q2,2018,Q2,2018-05-04,2018-03-31,-2038000.0,27794000.0,-1736000.0,-0.37,2529000.0,0.0909908613369792,105800000.0,48595000.0,49112000.0,44590000.0,57205000.0,18874000.0,41318000.0,30563716.499999996,57996716.5,8.779584462511291,1.1014128728414443,0.26765595463138,0.5827348492643276,-0.02260423093312202,8.779584462511291,-0.041938471036114824,1.099651597467079,-3.7492292075564277,0.628947762115444,0.0,1.3386139663028505,0.0,0.262703213610586,0.6098901098901099,-0.019262759924385635,424.49606249999994,0.0909908613369792,-1.176470588235294,-2.3763326817937167,-0.08983835989606771,-0.2790862448234127,0.2464268112370626,-1.2371020856201975,-0.6254681647940075,-30.28569331526648,0.10936073710388404,-0.3699904950102082,Aerospace & Defense,Industrials,SIF
2018Q1,2018,Q1,2018-02-08,2017-12-31,-911000.0,24251000.0,-1068000.0,-0.17,2029000.0,0.08366665292152901,108869000.0,49891000.0,51052000.0,45714000.0,58978000.0,19362000.0,43356000.0,36589950.6,66806950.6,9.067793529625591,1.116769479809249,0.28794238947726164,0.6283297588743461,-0.010405183345867455,9.067793529625591,-0.01825980637790383,1.5088017236402622,-10.04115,0.733397819245956,0.0,1.1477120132217746,0.0,0.22275395199735462,0.6297851861574135,-0.00836785494493382,-149.34673714285714,0.08366665292152901,0.75,-1.258909710990227,-0.17989695226442834,-0.2379405824868879,0.030995934959349592,0.756547300908605,0.6668746101060512,0.362390690575328,0.19015868550516227,-0.35040064849998737,Aerospace & Defense,Industrials,SIF
2017Q4,2017,Q4,2017-12-20,2017-09-30,-3742000.0,28516000.0,-3206000.0,-0.68,1968000.0,0.06901388694066489,110887000.0,50131000.0,52134000.0,45725000.0,60756000.0,20381000.0,44267000.0,31366763.7,61235763.7,9.10985598428186,1.1401640240568616,0.28198075518320453,0.6237258383036445,-0.042290756042163175,9.10985598428186,-0.0746444315892362,1.0999706726048535,-2.0955881680919295,0.6256959506094034,0.0,1.302585741622099,0.0,0.2571626971601721,0.6032804811372334,-0.03374606581474835,8.769014173888733,0.06901388694066489,0.3982300884955751,-4.033584057181975,-0.12289939928015034,-0.1911371262002406,-0.4484304932735426,0.3966462431473718,0.3948659871649679,-5.962261262765758,-0.1475038754797939,-0.35534274149339284,Aerospace & Defense,Industrials,SIF
2017Q3,2017,Q3,2017-08-09,2017-06-30,-6202000.0,30167000.0,-5298000.0,-1.13,3568000.0,0.11827493618855041,116442000.0,51377000.0,54934000.0,47305000.0,65065000.0,23798000.0,48009000.0,36568350.0,69642350.0,9.342971449354428,1.161272592749181,0.2934765806152419,0.665141989606244,-0.06817212934660087,9.342971449354428,-0.12071549526052514,1.2121971027944443,-1.4740547404063207,0.7117649921170952,0.0,1.117698966299689,0.0,0.2590731866508648,0.5882253461579114,-0.053262568489033164,20.660084745762713,0.11827493618855041,-2.766666666666666,-3.4617530176988716,-0.05615764713144569,-0.16980450822767476,-0.02487018311013938,-2.7429088714544356,-3.044274809160305,-4.201366354162882,-0.042059032918724204,-0.3470342346827,Aerospace & Defense,Industrials,SIF
2017Q2,2017,Q2,2017-05-05,2017-03-31,-1657000.0,31302000.0,-1310000.0,-0.3,3659000.0,0.11689348923391477,124336000.0,56104000.0,57027000.0,50261000.0,68232000.0,25449000.0,54211000.0,44379900.0,78649900.0,10.239824785544807,1.1346172977059747,0.28653004761291984,0.6349992870383573,-0.013599820061625134,10.239824785544807,-0.029534436047340653,1.4177975848188613,-6.695820760410379,0.791029160131185,0.0,1.086211638964203,0.0,0.25175331360185305,0.5843695907363562,-0.013326791918671985,7.9906193734245585,0.11689348923391477,0.375,-1.9323676903460545,-0.10898049115461252,-0.04900192672996832,-0.12212092130518235,0.3648907627443465,0.23881464264962232,-2.1467217556668623,0.06358138631962557,-0.261786741304239,Aerospace & Defense,Industrials,SIF
2017Q1,2017,Q1,2017-01-31,2016-12-31,-2609000.0,31473000.0,-1721000.0,-0.48,4168000.0,0.13243097257967146,128140000.0,57111000.0,59228000.0,52513000.0,71029000.0,27247000.0,55877000.0,41822550.0,81470550.0,10.446497164807024,1.1278730980899967,0.3173638208209771,0.7120694787343944,-0.02012325171175563,10.446497164807024,-0.04568296825480205,1.3288390048613097,-4.007526830203143,0.7323028838577508,0.0,1.0021286747164826,0.0,0.24561417199937569,0.5561860872545846,-0.02036054315592321,-33.592409638554216,0.13243097257967146,0.6448077964266378,-3.1322309142298215,0.0700049087612631,0.007461661928300848,0.22014051522248243,0.6468597726042231,0.7048533699193963,-3.7101655724884006,0.16166274384879126,-0.23418080789067522,Aerospace & Defense,Industrials,SIF
2016Q4,2016,Q4,2016-12-06,2016-09-30,-7388000.0,31881000.0,-5831000.0,-1.3513810133528443,3416000.0,0.1071484583294125,130457000.0,60370000.0,58075000.0,50763000.0,70087000.0,28496000.0,58476000.0,54193824.300000004,92354824.30000001,11.042619352478507,1.1440419202962788,0.29612822615881096,0.6399204903097565,-0.07061618739505825,11.042619352478507,-0.12237866489978466,1.6998784322950975,-1.8338462472929076,0.8976946215007455,0.0,0.9989121280179675,0.0,0.24437937404662072,0.5398026121387625,-0.05663168706930253,91.69851827411168,0.1071484583294125,-6.112531649225497,-4.278831497141357,0.020451164939454,0.09559886814551119,0.140567612687813,-6.036190476190476,-2.2484679665738163,-3.500938434209083,0.14363831145518974,-0.17532658162235415,Aerospace & Defense,Industrials,SIF
2016Q3,2016,Q3,2016-08-09,2016-06-30,-1050000.0,31004000.0,-1795000.0,-0.19,2995000.0,0.09660043865307702,144984000.0,68929000.0,66707000.0,33687000.0,76055000.0,29325000.0,65865000.0,54671478.6,93264478.6,12.61050128064398,1.9802000771811084,0.2718368923467417,0.571776755792192,-0.008287975785382063,12.61050128064398,-0.015233065908398498,1.763368552444846,-13.017018714285715,0.7931564160222839,0.0,0.9551236146632566,0.0,0.21384428626607074,0.9724522812954552,-0.007242178447276941,-43.8775911717496,0.09660043865307702,-2.8000000000000003,-1.4919683200163376,0.038372712541757434,0.2299182584133008,-0.1591802358225716,-2.511705685618729,-7.507109004739337,-1.416596897926783,0.00654344627657772,-0.007806010333800597,Aerospace & Defense,Industrials,SIF
2016Q2,2016,Q2,2016-05-16,2016-03-31,-299000.0,29075000.0,-211000.0,-0.05,3562000.0,0.12251074806534824,148256000.0,70249000.0,67418000.0,38836000.0,78007000.0,28134000.0,66915000.0,50760559.99999999,88676560.0,12.856698389458272,1.7359666289010196,0.26216814159292035,0.5532890147902462,-0.001074679465679093,12.856698389458272,-0.004256288345741576,1.7458490111779876,-42.4419397993311,0.7225805349542342,0.0,0.9068387005047274,0.0,0.19611347938700627,0.8893809867133587,-0.0020167817828620764,16.931474316210803,0.12251074806534824,0.8958333333333334,-1.1446905147201827,0.04720543474532222,0.3099315087862859,0.6897533206831119,0.8849114703618168,0.9500946073793756,-1.2045490024028038,-0.03551798764954821,0.05569583101498913,Aerospace & Defense,Industrials,SIF
2016Q1,2016,Q1,2016-02-16,2015-12-31,-2598000.0,27161000.0,-4228000.0,-0.48,2108000.0,0.0776112808806745,147301000.0,70536000.0,65638000.0,34671000.0,76765000.0,26533000.0,67215000.0,51794000.0,92151000.0,12.937637564196626,1.8931672002538145,0.28305306820727627,0.5911024157876829,-0.0215865703036501,12.937637564196626,-0.036832255869343314,1.906925370936269,-4.984026173979985,0.7342917091981399,0.0,0.9442204047789545,0.0,0.18439114466296902,1.0069798967436763,-0.017637354804108593,6.824878113058374,0.0776112808806745,-5.857142857142856,-3.077969470329935,0.22450479460989076,0.3751371508571499,-0.4810438207779419,-5.5606060606060606,-3.2407221664994985,-1.745133087485727,-0.07306502616435864,0.08728198474701343,Aerospace & Defense,Industrials,SIF
2015Q4,2015,Q4,2016-01-29,2015-09-30,-396000.0,35889000.0,-997000.0,-0.07,4062000.0,0.11318231212906461,156689000.0,73069000.0,71535000.0,33150000.0,83620000.0,27943000.0,69811000.0,63385288.94,111647288.94,13.014833943265447,2.157918552036199,0.31226825112164863,0.669627338543021,-0.002094142936769455,13.014833943265447,-0.005419534960106201,1.7661480938449106,-40.01596523989898,0.8674716903201084,0.0,1.1389972443903662,0.0,0.22904607215567144,1.1827149321266968,-0.0025272992998870373,-157.28359538461538,0.11318231212906461,0.631578947368421,-1.2725496941913266,0.4874498783850911,0.42478011006958916,-0.1822025367425005,0.6067527308838133,0.32498307379823965,-1.3146645078917218,0.08198809907212067,0.15558533565623847,Aerospace & Defense,Industrials,SIF
2015Q3,2015,Q3,2015-08-12,2015-06-30,-1007000.0,28717000.0,-1477000.0,-0.19,4967000.0,0.17296374969530243,136920000.0,75297000.0,80286000.0,20589000.0,61623000.0,27450000.0,70207000.0,81175200.0,97272200.0,13.82103524229075,3.8994608771674195,0.28385188431200703,0.516156022152277,-0.008767375104816105,13.82103524229075,-0.013373706787787031,2.826729811609848,-20.15273088381331,1.0780668552531973,0.0,0.8652094717668488,0.0,0.20973561203622554,2.4135217834766136,-0.007354659655273152,-28.91884574278589,0.17296374969530243,-18.0,-1.9997056427062068,0.44001028224270017,0.5152346234235201,0.34206971088894894,-14.734375,-0.13006885998469778,-1.4034491533223727,-0.09311331179435478,0.2281061985444725,Aerospace & Defense,Industrials,SIF
2015Q2,2015,Q2,2015-05-05,2015-03-31,-64000.0,24615000.0,-1307000.0,-0.01,3701000.0,0.150355474304286,114845000.0,75782000.0,59487000.0,18329000.0,39063000.0,25660000.0,71215000.0,118494020.0,131382020.0,13.935638102243471,3.2455125756997107,0.15303234794723322,0.23191523052967722,-0.0100935826968831,13.935638102243471,-0.000844527724261698,4.813894779605931,-462.86726562499996,1.5636169538940645,0.0,0.8150428682774746,0.0,0.21433236100831557,1.6222379835233782,-0.0005572728460098394,-50.74690364025696,0.150355474304286,0.9615384615384615,-1.0622094190358828,0.20798708023745638,0.5547844389725253,0.23407802600866956,0.9545454545454546,0.33486005089058524,-1.0362832998688443,-0.2940449273690178,0.29423747598986605,Aerospace & Defense,Industrials,SIF
2015Q1,2015,Q1,2015-02-03,2014-12-31,-1408000.0,20080000.0,-1965000.0,-0.26,2999000.0,0.14935258964143427,109771000.0,75686000.0,53548000.0,13778000.0,34085000.0,23990000.0,71278000.0,158051300.0,170028300.0,13.959055699004058,3.886485701843519,0.1544305873135892,0.2239780144280316,-0.014976167498482365,13.959055699004058,-0.01860317628095024,7.871080677290837,-28.063085937499995,2.0882501387310732,-0.7741477272727273,0.7120050020842017,0.0068964949987757145,0.18292627378815898,1.8826389896937146,-0.01282670286323346,-31.272516818361694,0.14935258964143427,-2.897335127860027,-1.683586199111896,-0.07874950462964998,0.5969135610756153,-0.5649840440963156,-2.8950201884253026,-2.1887477313974593,-2.160252123787729,-0.31166334435709586,0.34621330304339715,Aerospace & Defense,Industrials,SIF
2014Q4,2014,Q4,2014-12-02,2014-09-30,743000.0,32958000.0,1653000.0,0.13703430468461822,6894000.0,0.2091753140360459,109697000.0,76620000.0,52901000.0,19154000.0,33077000.0,18919000.0,72683000.0,163202200.0,169035200.0,14.131316857248247,2.76187741463924,0.09507096821243972,0.13611328634821196,0.010257231988079322,14.131316857248247,0.009697206995562516,4.95182353298137,54.91325706594886,2.130020882276168,0.0,1.3776626671599979,0.0,0.30044577335752115,1.6143364310326824,0.006773202548839075,-41.643837713702474,0.2091753140360459,-0.6193491536538382,-0.5438789067061608,0.5439716248855444,0.6550303464815663,-0.03674724046388152,-0.6103828002097536,-0.3520188161505292,-0.667516126133795,0.06367928268813915,0.4020454984470494,Aerospace & Defense,Industrials,SIF
2014Q3,2014,Q3,2014-08-08,2014-06-30,1907000.0,30999000.0,2551000.0,0.36,7157000.0,0.2308784154327559,107283000.0,77452000.0,51838000.0,19574000.0,29831000.0,22462000.0,73029000.0,168885600.0,170799600.0,14.308516534269351,2.6483089813017267,0.060624702888621686,0.08397459071424883,0.022997474322245855,14.308516534269351,0.024621701182667974,5.448098325752444,22.14022024121657,2.180519547590766,0.0,1.0614370937583475,0.0,0.2889460585554095,1.300449575968121,0.017775416421986708,811.95,0.2308784154327559,0.3846153846153845,-0.22884307655226835,0.28772045485876613,0.6041073669614495,0.13531091370558376,0.3373071528751753,0.10194384449244061,-0.0977432666406025,0.0483705749266435,0.39552784973887944,Aerospace & Defense,Industrials,SIF
2014Q2,2014,Q2,2014-05-05,2014-03-31,1426000.0,29044000.0,2315000.0,0.26,6304000.0,0.21704999311389617,104436000.0,75001000.0,51851000.0,18657000.0,29435000.0,21375000.0,71123000.0,165075710.0,167198710.0,13.87109302755687,2.7791713565953797,0.06352215711057489,0.08845215397128038,0.01801885590658907,13.87109302755687,0.019013079825602325,5.683642404627462,28.94034186535764,2.200980120265063,0.0,1.063859649122807,0.0,0.2781033360144012,1.431366243233103,0.013654295453674978,71.3995285467128,0.21704999311389617,0.5294117647058822,-0.4166825423091667,0.09642595875988288,0.6523979747781418,0.13177737881508078,0.5058078141499472,0.4764030612244898,-0.30266298259056185,0.05711665006592034,0.4132852204887198,Aerospace & Defense,Industrials,SIF
2014Q1,2014,Q1,2014-02-03,2013-12-31,947000.0,26652000.0,1568000.0,0.17,5570000.0,0.2089899444694582,101283000.0,73361000.0,49398000.0,14441000.0,27922000.0,19373000.0,69697000.0,150960460.0,155394460.0,13.640944589066567,3.420677238418392,0.09023231934283148,0.12457572824797918,0.013794335810939586,13.640944589066567,0.012908766238191954,5.664132522887588,39.85228616684266,2.0577753847412112,1.1414994720168954,1.088215557734992,0.007160815487711153,0.26314386422203134,1.7921889065854166,0.009350038999634687,51.034638269100746,0.2089899444694582,-0.6853888506538196,-0.4279848371118873,0.11486906201645454,0.7095978981539793,-0.3872387238723872,-0.6741225051617343,-0.7669787486996582,-0.2321346965433154,0.2180905902967303,0.4498914182849162,Aerospace & Defense,Industrials,SIF
2013Q4,2013,Q4,2013-11-27,2013-09-30,2906000.0,27423000.0,6729000.0,0.5403495723317219,9090000.0,0.33147358057105347,105765000.0,72013000.0,52472000.0,19921000.0,33752000.0,18340000.0,68750000.0,98955199.99999999,106220199.99999999,13.39029378951283,2.634004317052357,0.11131281614900959,0.16348437087748047,0.05711453257303225,13.39029378951283,0.040353825003818754,3.6084746380775257,8.513007570543701,1.374129671031619,0.0,0.999618320610687,0.0,0.2592823712948518,1.4717634656894734,0.02747600813123434,24.530292513634105,0.33147358057105347,0.1746729833298301,3.0873585507092383,0.08441537792527472,0.7429535046454052,0.20765245117576725,0.17271993543179984,0.8532084825117048,1.0879488617873074,0.18650529668984442,0.4658830333489036,Aerospace & Defense,Industrials,SIF
2013Q3,2013,Q3,2013-08-09,2013-06-30,2478000.0,30284000.0,3631000.0,0.46,7527000.0,0.24854708757099458,101896000.0,68302000.0,50543000.0,18597000.0,33594000.0,20664000.0,66925000.0,86413919.99999999,93314919.99999999,12.709713435057685,2.7178039468731514,0.11295831043416817,0.16851629527685866,0.03178393747163759,12.709713435057685,0.036280050364557406,2.853451327433628,8.718111380145277,1.265174079821967,0.0,1.1012872628726287,0.0,0.297204993326529,1.464160886164435,0.024318913401899976,45.84292838196286,0.24854708757099458,0.7037037037037037,0.13066756670521598,0.09147102481979051,0.5702502432951081,0.317521442324523,0.7268292682926829,0.8534966819806024,1.4939251318452893,0.5394982490072155,0.3933976372234878,Aerospace & Defense,Industrials,SIF
2013Q2,2013,Q2,2013-05-10,2013-03-31,1435000.0,29594000.0,1959000.0,0.27,5713000.0,0.19304588767993514,103103000.0,65325000.0,51235000.0,19412000.0,37778000.0,19987000.0,64447000.0,96712920.0,105525920.0,12.17841163310962,2.6393467957964147,0.1402190042966742,0.22130884041331803,0.017990239112304223,12.17841163310962,0.02196708763872943,3.2679908089477596,16.848940766550523,1.4804886337543055,0.0,1.1948266373142542,0.0,0.28703335499452004,1.4514218009478672,0.013918120714237219,-25.598973001588142,0.19304588767993514,-0.5714285714285714,-0.2546231012122632,0.11848147244306571,0.5827657377805262,0.004925241864555849,-0.5797950219619327,0.3538355217691776,0.41409473960979354,0.4723686197005256,0.3587325359369471,Aerospace & Defense,Industrials,SIF
2013Q1,2013,Q1,2013-02-11,2012-12-31,3415000.0,28700000.0,1447000.0,0.63,5685000.0,0.19808362369337978,98800000.0,63541000.0,46527000.0,20160000.0,35259000.0,19256000.0,63012000.0,84105000.0,89106000.0,11.899063670411985,2.307886904761905,0.10678137651821862,0.16603452888686046,0.012702799740767708,11.899063670411985,0.05374482617522545,2.930487804878049,6.157027818448024,1.3236335594340662,0.3142020497803807,1.1952118820108018,0.012757862196064444,0.29048582995951416,1.2131448412698413,0.034564777327935226,46.673140954495004,0.19808362369337978,1.8105263157894735,2.1528234878975905,0.2317072437909748,0.6518229491772567,-0.08557181920540453,1.8529657477025898,-0.1272617611580217,0.6834475720550504,0.33694696248035655,0.3612508287891432,Aerospace & Defense,Industrials,SIF
2012Q4,2012,Q4,2012-11-30,2012-09-30,1197000.0,31549000.0,1658000.0,0.22415730337078651,6217000.0,0.19705854385242005,106545000.0,60142000.0,51906000.0,16682000.0,46403000.0,18692000.0,59597000.0,91848000.0,106357000.0,11.2625468164794,3.1114974223714182,0.2035290252944765,0.3605633334441821,0.014532010764384077,11.2625468164794,0.019902896478334608,2.911280864686678,19.182957393483708,1.527185660603239,0.0,1.3552321848919324,0.0,0.2961096250410625,1.8301162930104304,0.011234689567788258,26.614894233555493,0.19705854385242005,-0.5127015144113337,2.1012338961115358,0.3830029284716689,0.6184284062508465,-0.21512435298573412,-0.5096272019664072,-0.4968133535660091,-0.2538884732652024,0.5006600445876361,0.3190459847612851,Aerospace & Defense,Industrials,SIF
2012Q3,2012,Q3,2012-08-09,2012-06-30,2441000.0,30968000.0,3295000.0,0.46,7921000.0,0.25578016016533195,107718000.0,59961000.0,52835000.0,14750000.0,47757000.0,19141000.0,59474000.0,122437440.0,140462440.0,11.253941441441441,3.5820338983050846,0.2334243116285115,0.4193392371708277,0.02862141187262494,11.253941441441441,0.04070979469988826,3.953676052699561,12.53968045882835,2.041951268324411,0.0,1.2040645734287654,0.0,0.28749141276295515,2.1212881355932205,0.022661022298965817,-2007.1711475409836,0.25578016016533195,0.43750000000000006,0.12280958046240362,0.27076281176689143,0.7183388217126625,0.05924043861995186,0.41589327146171695,0.21497050147492625,0.0028446439411714715,0.3069557369497917,0.26166331291805034,Aerospace & Defense,Industrials,SIF
2012Q2,2012,Q2,2012-05-10,2012-03-31,1724000.0,34079000.0,2712000.0,0.32,7478000.0,0.21943132134158866,107395000.0,57229000.0,51487000.0,16970000.0,50166000.0,18244000.0,57032000.0,99496800.0,117200800.0,10.767450611476953,3.034001178550383,0.23011313375855486,0.4318265215188104,0.021164133826437417,10.767450611476953,0.030124587184818887,2.919592711053728,14.428190255220416,1.7385731010501666,0.0,1.4580684060513045,0.0,0.3173238977606034,1.8139068945197407,0.016052888868196842,47.606124401913874,0.21943132134158866,0.4545454545454546,-0.16267079239872256,0.5582710257495271,0.8070714211733294,0.15668986852281516,0.4536256323777403,0.6133254015466983,-0.2825761487443916,0.3087684721132327,0.28267567296835605,Aerospace & Defense,Industrials,SIF
2012Q1,2012,Q1,2012-02-09,2011-12-31,1186000.0,28510000.0,1681000.0,0.22,6465000.0,0.22676253945983865,103870000.0,54946000.0,47140000.0,13667000.0,48924000.0,17069000.0,55308000.0,105503090.0,125423090.0,10.369126250235894,3.449184166239848,0.25709059401174544,0.48600444072361954,0.014089567132593094,10.369126250235894,0.021584828740945656,3.70056436338127,22.23926854974705,1.9201232118807556,0.893760539629005,1.2915226433885991,0.010047099094443585,0.274477712525272,2.0233408941245337,0.01141811880234909,137.73249347258485,0.22676253945983865,-0.4662179487179487,-0.46271867452652027,0.3106437789057859,0.9049797435046328,-0.16472868217054262,-0.45695970695970695,-0.5055882352941177,-0.2729418792989069,0.21037001139881947,0.2995461074818116,Aerospace & Defense,Industrials,SIF
2011Q4,2011,Q4,2011-12-01,2011-09-30,2184000.0,30282000.0,3400000.0,0.41215323645970936,7740000.0,0.25559738458490194,80011000.0,53409000.0,39658000.0,14434000.0,26602000.0,10239000.0,54122000.0,97183660.0,91968660.0,10.079071522928855,2.7475405293058057,0.01519791028733549,0.022767698327997153,0.038839359267734554,10.079071522928855,0.04089198449699489,3.2092880258899674,11.124503205128205,1.81961205040349,0.0,2.201582185760328,0.0,0.3784729599680044,1.901829014826105,0.027296246766069666,100.81292531120332,0.25559738458490194,0.05680317040951114,8.918797109332504,0.4683528979049497,1.0916184639965927,0.13823529411764707,0.05813953488372093,0.21863799283154123,2.117644838648801,0.21532417653723354,0.3119467959858474,Aerospace & Defense,Industrials,SIF
2011Q3,2011,Q3,2011-08-11,2011-06-30,2064000.0,28875000.0,2790000.0,0.39,6800000.0,0.2354978354978355,79055000.0,54198000.0,37759000.0,13976000.0,24857000.0,10026000.0,52998000.0,86426100.00000001,82148100.00000001,10.253121452894439,2.701702919290212,0.02825880715957245,0.041219233182036234,0.03544433144285738,10.253121452894439,0.03808258607328684,2.993111688311689,10.468277616279071,1.5946363334440385,0.0,2.201775384001596,0.0,0.36525203971918285,1.831854607899256,0.026108405540446526,436.4954545454546,0.2354978354978355,0.026315789473684233,-0.38786844321104225,0.2780768527184431,1.2160423917476413,-0.018192318798729425,0.03458646616541353,-0.045501197399931574,-0.04255501480222434,0.05801413458171946,0.2667450401779033,Aerospace & Defense,Industrials,SIF
2011Q2,2011,Q2,2011-05-09,2011-03-31,1995000.0,26804000.0,2923000.0,0.38,6926000.0,0.2583942695120131,79517000.0,51773000.0,37955000.0,15399000.0,27744000.0,10912000.0,50934000.0,93103749.99999999,89107749.99999999,9.81478672985782,2.4647704396389374,0.04352528390155564,0.06684951615707029,0.03516855559981171,9.81478672985782,0.038533598593861663,3.4735020892404114,11.667136591478695,1.7983070326231818,0.0,1.8216642228739004,0.0,0.3370851516028019,1.6147801805312034,0.025088974684658625,21.442595578074616,0.2583942695120131,0.6521739130434782,4.119992812380675,0.0825625094139956,1.4917505130690623,0.3921608040201005,0.654228855721393,0.6779563719862227,0.053739433825236146,0.030127638309034404,0.2755775241993006,Aerospace & Defense,Industrials,SIF
2011Q1,2011,Q1,2011-02-10,2010-12-31,1206000.0,21396000.0,1742000.0,0.23,4975000.0,0.2325200972144326,81379000.0,49478000.0,39996000.0,11253000.0,31901000.0,8880000.0,48939000.0,85774290.0,89297290.0,9.408252519490397,3.5542521994134897,0.14485309477875127,0.23824730183111686,0.018465625701574014,9.408252519490397,0.024374469461174664,4.008893718452047,17.78074004975124,1.733584421358988,0.654228855721393,1.8492117117117117,0.009198560547688592,0.2629179518057484,2.5586954589887143,0.014819548040649307,60.27708362614195,0.2325200972144326,-0.11126377663482728,1.6565324106043773,0.07192064576626035,1.3954117336313432,-0.05705079605761941,-0.11388684790595151,-0.18023529411764705,0.1305618938961779,-0.06761286127892215,0.30604960640662826,Aerospace & Defense,Industrials,SIF
2010Q4,2010,Q4,2010-12-15,2010-09-30,1361000.0,22601000.0,2125000.0,0.25879444761361475,5276000.0,0.23344099818592098,69650000.0,48039000.0,47966000.0,12334000.0,21611000.0,6272000.0,47733000.0,62424329.99999999,43896329.99999999,9.134626354820307,3.8889249229771363,0.0020531227566403447,0.0029767480588688356,0.02707488017121669,9.134626354820307,0.028331147609234164,2.7620162824653773,11.466629316678912,1.2994510710048086,0.0,2.7622767857142856,0.0,0.3244938980617373,3.2077995784011675,0.019540559942569993,-31.072339472374313,0.23344099818592098,0.4377469311867487,3.686728837849495,0.057487011195351656,1.129699920746122,0.22897740507803402,0.383130081300813,0.5613519470977223,2.5804415069056383,0.006012189945422036,0.31264615490851394,Aerospace & Defense,Industrials,SIF
2010Q3,2010,Q3,2010-08-06,2010-06-30,984000.0,19481000.0,1361000.0,0.18,4293000.0,0.22036856424208204,68695000.0,48544000.0,48056000.0,12289000.0,20151000.0,7408000.0,47161000.0,58275899.99999999,33731899.99999999,9.121382938744834,3.9104890552526648,0.002474707038357959,0.003501977587343441,0.018242576642580957,9.121382938744834,0.02027027027027027,2.991422411580514,14.805868902439023,1.2004758569545153,0.0,2.050215982721382,0.0,0.28358686949559647,3.1190495565139558,0.014324186622024893,51.61727192205491,0.22036856424208204,-0.05263157894736847,2.391352307105837,-0.08057645140241525,0.9449925702138657,0.03420862442784871,-0.0199203187250996,0.011895910780669145,-0.5468700433124075,-0.19970163264158047,0.39272329547018253,Aerospace & Defense,Industrials,SIF
2010Q2,2010,Q2,2010-05-12,2010-03-31,1004000.0,19886000.0,1345000.0,0.19,4151000.0,0.20873981695665292,67466000.0,47567000.0,47764000.0,11890000.0,19899000.0,6933000.0,46177000.0,90590490.0,67022490.0,8.963067646504616,4.0171572750210265,0.0029792784513680967,0.004225618601131036,0.019126896372611963,8.963067646504616,0.0211070700275401,4.555490797546012,22.557392928286852,1.904481888704354,0.0,2.269580268282129,0.0,0.29475587703435807,3.2376787216148024,0.014881569975987906,22.23079509202454,0.20873981695665292,-0.5,1.7289726431334358,-0.013317762829012333,0.7841452418372744,-0.31057963793389803,-0.5012419274714357,-0.5638780804150454,-0.5116323669440667,-0.08933683715762931,0.5042468244783602,Aerospace & Defense,Industrials,SIF
2010Q1,2010,Q1,2010-02-11,2009-12-31,2013000.0,21302000.0,3084000.0,0.38,6021000.0,0.28264951647732606,64684000.0,46320000.0,46089000.0,10203000.0,18364000.0,7080000.0,45173000.0,76305600.0,56758600.0,8.741271938101528,4.5172008232872685,0.003524828396512275,0.004922279792746114,0.041782482114024425,8.741271938101528,0.043458549222797925,3.5820861890902265,9.476602086438152,1.647357512953368,0.0,2.158333333333333,0.0,0.3293240986951951,3.587082230716456,0.03112052439552285,-1192.275,0.28264951647732606,0.2648366834170855,-0.16000426409130916,0.09849062833104925,0.5800108120800584,0.11520651972587516,0.26444723618090454,0.248582995951417,-0.08807140963059477,-0.02071786116271301,0.6059160215326791,Aerospace & Defense,Industrials,SIF
2009Q4,2009,Q4,2009-12-15,2009-09-30,1592000.0,20862000.0,2470000.0,0.3004340441592753,5399000.0,0.25879589684594,65770000.0,45245000.0,47594000.0,12054000.0,20525000.0,7568000.0,43160000.0,77895300.0,58275300.0,8.538403472353274,3.9483988717438194,0.003877147635700167,0.0056359818764504365,0.03617532739341028,8.538403472353274,0.03518620842081998,3.7338366407822834,12.232302135678392,1.721633329649685,0.0,2.043208245243129,0.0,0.31719629010187017,3.133731541397047,0.024205564847194768,29.75374331550802,0.25879589684594,-0.33236879075716597,1.3467928063419219,-0.010491317684055288,0.7949857150572521,-0.23211491964158726,-0.3418768085985945,-0.3935673950405107,6.772309980795488,0.011583718251537636,0.7718975716363502,Aerospace & Defense,Industrials,SIF
2009Q3,2009,Q3,2009-08-12,2009-06-30,2419000.0,23548000.0,4073000.0,0.45,7031000.0,0.29858162051978937,64776000.0,47231000.0,50412000.0,12090000.0,17545000.0,9101000.0,42097000.0,55809299.99999999,38496299.99999999,8.919924457034938,4.169727047146402,0.004338026429541806,0.005949482331519553,0.054704751702456235,8.919924457034938,0.051216362135038426,2.3700229318838115,5.767806945018602,1.1816243568842497,0.0,1.8148555103834743,0.0,0.36352970235889837,2.967245657568238,0.0373440780536001,8.76402324120603,0.29858162051978937,0.0,10.425836141934182,0.008666475060297437,0.5954634616818248,0.1471691956273454,0.010442773600668337,0.19302870533099004,-0.2838035916926551,0.04051943869434449,0.9278939412539401,Aerospace & Defense,Industrials,SIF
2009Q2,2009,Q2,2009-05-12,2009-03-31,2394000.0,25941000.0,3414000.0,0.45,6129000.0,0.23626691338036312,61773000.0,44449000.0,48203000.0,11693000.0,17324000.0,11339000.0,39678000.0,30711529.499999996,20115529.499999996,8.394523135033051,4.122380911656546,0.00496980881614945,0.006906792053814484,0.04716978152760456,8.394523135033051,0.05385947940336116,1.1838992136000923,3.2071354949874684,0.690938592544264,0.0,1.7472440250463004,0.0,0.4199407508134622,2.6996493628666722,0.03875479578456607,8.016583007047767,0.23626691338036312,0.4516129032258065,4.547752852002144,0.12323236993185167,0.49624071977089773,0.13879598662207357,0.4687116564417178,0.3552997221119492,4.729849764375763,0.04375023620660341,1.131177977108396,Aerospace & Defense,Industrials,SIF
2009Q1,2009,Q1,2009-02-13,2008-12-31,1630000.0,23537000.0,2519000.0,0.31,5382000.0,0.22866125674469984,59426000.0,42249000.0,46514000.0,11296000.0,17177000.0,13467000.0,37284000.0,31505250.0,24508250.0,7.9790368271954675,4.117740793201133,0.005620435499612964,0.007905512556510213,0.03727180875466544,7.9790368271954675,0.03858079481171152,1.3385414453838638,4.832093558282209,0.7457040403323155,0.0,1.3481101952921957,0.0,0.3960724262107495,2.4513987252124645,0.02742907145020698,-10.536872909698996,0.22866125674469984,1.3449285714285713,4.154429817252679,0.11475049438110922,0.38726616737386105,0.27264128635611257,1.3285714285714285,4.204545454545454,1.8813200967480077,0.17116574191329154,1.0315226870606888,Aerospace & Defense,Industrials,SIF
2008Q4,2008,Q4,2008-12-15,2008-09-30,700000.0,24898000.0,484000.0,0.13220018885741266,4229000.0,0.1698530002409832,60149000.0,40679000.0,47771000.0,13456000.0,19470000.0,11730000.0,35658000.0,42492375.0,32415375.0,7.682530689329556,3.5501634958382877,0.00603501305092354,0.008923523193785492,0.005244201199828003,7.682530689329556,0.01720789596597753,1.706658165314483,15.175848214285713,1.0445776690675779,0.0,1.7620630861040067,0.0,0.41393871884819367,2.2948127229488704,0.011637766213902143,10.588680538250685,0.1698530002409832,-0.6694995278564683,1.6470428619495732,0.1423713514779908,0.3258777907742894,-0.33464443045940845,-0.6757758221398795,-0.8445229681978799,2.3724639884958427,0.15704181765159164,0.7911498910473677,Aerospace & Defense,Industrials,SIF
2008Q3,2008,Q3,2008-08-11,2008-06-30,2159000.0,27333000.0,3113000.0,0.4,6356000.0,0.2325394212124538,62100000.0,42850000.0,47315000.0,13949000.0,19250000.0,13341000.0,34958000.0,53469929.4,46818929.4,8.094068757083491,3.391999426482185,0.006505636070853462,0.009428238039673279,0.047964685767979506,8.094068757083491,0.050385064177362895,1.9562407858632422,6.191515678554886,1.247839659276546,0.0,1.5723708867401245,0.0,0.4401449275362319,2.0204315721557102,0.03476650563607085,14.795221195351411,0.2325394212124538,0.11111111111111122,8.235720659692822,0.2016691508219,0.35468390831156543,-0.008114856429463172,0.1369141653501843,-0.12776688147940599,4.068920156658957,0.2968286935474839,0.7259338524706105,Aerospace & Defense,Industrials,SIF
2008Q2,2008,Q2,2008-05-12,2008-03-31,1899000.0,26099000.0,3569000.0,0.36,6408000.0,0.24552664853059505,63964000.0,40711000.0,49465000.0,15992000.0,23253000.0,16837000.0,32799000.0,55026400.0,51963400.0,7.6943866943866945,3.0931090545272637,0.03761490838596711,0.059099506275945075,0.05073444025095364,7.6943866943866945,0.046645869666674854,2.1083719682746467,7.244128488678252,1.351634693326128,0.0,1.1695076320009503,0.0,0.4080263898442874,1.6633941970985493,0.02968857482333813,-228.3253112033195,0.24552664853059505,0.7999999999999998,1.626130034889159,0.40728271156920104,0.27480102215418584,0.22360129845331297,0.7714552238805971,0.9696467991169978,2.3829733409379426,0.2988681524185229,0.5316076985092948,Aerospace & Defense,Industrials,SIF
2008Q1,2008,Q1,2008-02-12,2007-12-31,1072000.0,23061000.0,1812000.0,0.2,5237000.0,0.22709336108581588,57766000.0,38071000.0,43694000.0,12409000.0,19695000.0,15178000.0,30900000.0,88788000.0,85892000.0,7.203595080416273,3.521154001128213,0.04298376207457674,0.0652202463817604,0.028549856691131557,7.203595080416273,0.028157915473720155,3.8501365942500327,20.70615671641791,2.3321688424259936,0.0,1.1743312689418897,0.0,0.3992140705605373,1.8331855911032315,0.01855762905515355,263.4658753709199,0.22709336108581588,1.7670157068062826,1.3773968039712334,0.3167576904331871,0.10788881867405997,-0.10631399317406143,1.806282722513089,-0.4173633440514469,-0.5514849506862044,0.19234803258944327,0.30207116235493464,Aerospace & Defense,Industrials,SIF
2007Q4,2007,Q4,2007-12-14,2007-09-30,382000.0,22577000.0,3110000.0,0.07228003784295176,5860000.0,0.25955618549851617,60889000.0,36778000.0,47862000.0,15512000.0,24111000.0,16897000.0,29828000.0,93491650.0,91054650.0,6.958940397350993,3.0854822073233628,0.05046888600568247,0.08355538637228778,0.013482537933882092,6.958940397350993,0.010386644189461091,4.141012977809275,61.185634816753925,2.5420536733917016,0.0,0.9893472214002486,0.0,0.3707894693622822,1.6105595667870036,0.006273711179359162,273.3673976608187,0.25955618549851617,-0.8192999053926205,1.0505921777127583,0.19597777842368413,-0.003944232767891082,0.04886343296939324,-0.8217452169855343,0.2040263259775455,1.083433278129987,0.07368980408816064,0.4629431187721989,Aerospace & Defense,Industrials,SIF
2007Q3,2007,Q3,2007-08-10,2007-06-30,2143000.0,24022000.0,2583000.0,0.4,5587000.0,0.23257846973607527,60185000.0,34397000.0,44593000.0,15616000.0,25788000.0,12873000.0,29446000.0,98107360.0,94975360.0,6.549314546839299,2.8555968237704916,0.04399767383899643,0.07698345785969707,0.1019670046705975,6.549314546839299,0.062301944937058464,4.084062942302889,11.445095660289313,2.8522068785068466,0.0,1.4320671172220927,0.0,0.39913599734153027,1.6746285860655739,0.03560687879039628,-41.04910460251046,0.23257846973607527,0.05263157894736847,5.711854675148565,0.1811746630033735,-0.24754400706068672,-0.03539364640883978,0.057749259624876606,-0.1694533762057878,9.418746556929941,0.03739456650924196,0.1714440081723253,Aerospace & Defense,Industrials,SIF
2007Q2,2007,Q2,2007-05-11,2007-03-31,2026000.0,21520000.0,3110000.0,0.38,5792000.0,0.26914498141263943,55566000.0,31163000.0,39904000.0,17703000.0,24403000.0,12335000.0,27303000.0,50469500.0,49222500.0,5.958508604206501,2.2540812291701973,0.048014973185041214,0.08561435035137824,0.08950759057425386,5.958508604206501,0.06501299618136894,2.3452369888475837,6.227727048371174,1.6195327792574528,0.0,1.2750709363599513,0.0,0.38728719000827844,1.256284245608089,0.03646114530468272,-26.745892951775303,0.26914498141263943,-0.09523809523809519,2.5152302415948156,0.03408514175285399,-0.29070879974583463,0.5314648334214701,-0.06936150666054203,9.264026402640264,4.0397154324496585,-0.056613972581090945,0.062045223928484716,Aerospace & Defense,Industrials,SIF
2007Q1,2007,Q1,2007-02-07,2006-12-31,2177000.0,21453000.0,303000.0,0.42,3782000.0,0.17629236004288446,49918000.0,28446000.0,32498000.0,17012000.0,21472000.0,9594000.0,25277000.0,,,,,,,,,,,,,,,,,,,,,,,,,,,,,,,Aerospace & Defense,Industrials,SIF
