Quarters,Year,Quarter,FillingDate,Date,NetIncome,Revenue,OperatingIncome,EPSDiluted,GrossProfit,GrossProfitRatio,TotalAssets,CommonStockEquity,CurrentAssets,CurrentLiability,TotalLiability,Inventory,RetainedEarnings,MarketCap,EnterpriseValue,bookValuePerShare,currentRatio,debtToAssets,debtToEquity,roic,shareholdersEquityPerShare,roe,priceToSalesRatio,peRatio,pbRatio,payoutRatio,inventoryTurnover,dividendYield,assetTurnover,quickRatio,returnOnAssets,priceToFreeCashFlowsRatio,grossProfitMargin,epsdilutedGrowth,fiveYNetIncomeGrowthPerShare,fiveYRevenueGrowthPerShare,fiveYShareholdersEquityGrowthPerShare,grossProfitGrowth,netIncomeGrowth,operatingIncomeGrowth,threeYNetIncomeGrowthPerShare,threeYRevenueGrowthPerShare,threeYShareholdersEquityGrowthPerShare,Industry,Sector,Symbol
2023Q1,2023,Q1,2023-05-08,2023-03-31,-36410000.0,34752000.0,-39370000.0,-0.77,4443000.0,0.1278487569,677679000.0,389674000.0,223470000.0,89388000.0,172397000.0,23560000.0,-1364412000.0,401715160.00000006,277198160.00000006,8.216117061651346,2.5,0.09777342960310118,0.17003700529160273,-0.0847010344153647,8.216117061651346,-0.09343707817303695,11.559483195211788,-2.7582749244712996,1.0309005989622093,0.0,1.286460101867572,0.0,0.05128091618598186,2.1778314762607955,-0.05372750225401702,-11.970771798080936,0.12784875690607736,0.1348314606741573,-3.9656326501440184,-0.40177783967108177,-0.4618657979914605,16.427083333333332,0.1347844684188014,-0.004798121586442754,0.6901331429695858,-0.06572038662425754,-0.17852781504918386,Other Precious Metals & Mining,Basic Materials,MUX
2022Q4,2022,Q4,2023-03-14,2022-12-31,-42082000.0,28240000.0,-39182000.0,-0.89,-288000.0,-0.0101983003,528719000.0,322809000.0,81652000.0,84186000.0,172445000.0,31735000.0,-1321336000.0,277922220.0,304525220.0,6.806439369979126,0.9698999833701566,0.12555818875432886,0.2056479218361322,-0.12051876684613362,6.806439369979126,-0.13036191679909792,9.841438385269122,-1.651075400408726,0.8609494159084784,0.0,0.8989443831731526,0.0,0.053412114941963504,0.5200745967262965,-0.07959237326443726,-18.400570709745764,-0.010198300283286119,-3.2380952380952386,-14.807722776984509,-0.17580109934109608,-0.5598866492367907,-1.1916167664670658,-2.9918421551887686,-1.3986531986531987,-0.41353053604003986,-0.2633431820818262,-0.4544126718924034,Other Precious Metals & Mining,Basic Materials,MUX
2022Q3,2022,Q3,2022-11-04,2022-09-30,-10542000.0,25988000.0,-16335000.0,-0.21,1503000.0,0.0578343851,545136000.0,360141000.0,96068000.0,58060000.0,146811000.0,30152000.0,-1284144000.0,165536280.0,176812280.0,7.092461302138721,1.654633138132966,0.12136054122274074,0.18370027294865066,-0.03630580018812753,7.092461302138721,-0.02927186851816372,6.369719870709559,-3.9256374501992033,0.4596429731688422,0.0,0.8120522685062351,0.0,0.047672507410994686,1.004168101963486,-0.01933829356344105,-10.973568445475639,0.05783438510081576,0.19230769230769237,0.19220269231179116,0.19689868036083785,-0.5642885845911649,-0.6451003541912633,0.15338901381304207,0.14386792452830188,0.3441691673547391,-0.43299416263268403,-0.4622840370891651,Other Precious Metals & Mining,Basic Materials,MUX
2022Q2,2022,Q2,2022-08-10,2022-06-30,-12452000.0,30647000.0,-19080000.0,-0.26,4235000.0,0.1381864457,520639000.0,359899000.0,72313000.0,44198000.0,138658000.0,18761000.0,-1273614000.0,208303776.00000003,230981776.00000003,7.588323353293413,1.6361147563238156,0.12810988035855939,0.1853269945179064,-0.04457767249147111,7.588323353293413,-0.03459859571713175,6.796873299180998,-4.182134918085448,0.5787839810613534,-0.022968197879858657,1.4078140824049892,0.001372994793910985,0.05886420341157693,1.0976514774424182,-0.023916763822917606,-6.323349401979237,0.13818644565536595,0.4222222222222222,-3.7313827935152464,0.31939926705997407,-0.5107728038265693,1.7065398732065398,0.40884922142043295,0.2085943008834875,0.2999638460985418,-0.38371496457254334,-0.46043903925991714,Other Precious Metals & Mining,Basic Materials,MUX
2022Q1,2022,Q1,2022-05-10,2022-03-31,-21064000.0,25542000.0,-24109000.0,-0.45,-5994000.0,-0.2346723044,535773000.0,366340000.0,95295000.0,59105000.0,156393000.0,16293000.0,-1259759000.0,390566475.7,394087475.7,7.8949013083459585,1.6123001438118603,0.12562036534129192,0.1837200414915106,-0.053068719776671554,7.8949013083459585,-0.057498498662444726,15.29114696186673,-4.635473743116217,1.0661311232734618,0.0,1.9355551463818819,0.0,0.047673175020017805,1.169731833178242,-0.03931515772537997,-19.860995458937197,-0.2346723044397463,0.021739130434782625,-3.5059829384421395,0.11171594880821968,-0.4658426832030398,-0.016449041885704594,-0.0017120030435609664,-0.06994186304531132,-0.5162415942490777,0.19155011758083026,-0.4634905263882194,Other Precious Metals & Mining,Basic Materials,MUX
2021Q4,2021,Q4,2022-03-07,2021-12-31,-21028000.0,34966000.0,-22533000.0,-0.46,-5897000.0,-0.1686495453,510564000.0,375164000.0,85026000.0,52399000.0,135400000.0,15792000.0,-1240432000.0,407069275.5,406064275.5,8.17017903381411,1.6226645546670737,0.10435910091584992,0.14202322184431343,-0.04474271186310942,8.17017903381411,-0.056050154065955156,11.641859963964995,-4.839609990251094,1.0850435422908382,0.0,2.5875759878419453,0.0,0.06848504790780392,1.272619706482948,-0.04118582587099756,-53.902181607521186,-0.16864954527255047,-0.21387288086891562,-2.0547164031449294,1.043713053041904,-0.44754719470410914,-18.142441860465116,-0.20843629676455377,-0.2924744751634737,0.2613334475247457,-0.025761021091600025,-0.4307862801317423,Other Precious Metals & Mining,Basic Materials,MUX
2021Q3,2021,Q3,2021-11-03,2021-09-30,-17401000.0,37129000.0,-17434000.0,-0.3789523658117499,344000.0,0.009264995017371866,539776000.0,395951000.0,92127000.0,46312000.0,128911000.0,19252000.0,-1219404000.0,477554480.0,468194480.0,8.622870420983173,1.9892684401451028,0.09964133270097225,0.13583498968306684,-0.03656293928192269,8.622870420983173,-0.043947357122472226,12.862034528266316,-6.861020630998219,1.2060948955805137,0.0,1.9107105755246208,0.0,0.06878594083471662,1.4385472447745724,-0.032237446644534026,-24.984539081301662,0.009264995017371866,-1.905493404575054,-3.688238372587107,0.7981791697026954,-0.42443113123805115,-0.915250061591525,-1.9054934045750542,-0.9485861182519281,0.03878974781684804,0.01343225950877376,-0.41236543801886005,Other Precious Metals & Mining,Basic Materials,MUX
2021Q2,2021,Q2,2021-08-04,2021-06-30,-5989000.0,40706000.0,-8947000.0,-0.13042616624599565,4059000.0,0.09971502972534761,520604000.0,387972000.0,74941000.0,44985000.0,132632000.0,25430000.0,-1202003000.0,633678060.0,645755060.0,8.449106790915248,1.6659108591752807,0.10431921383623637,0.13998175126040024,-0.01705636697275578,8.449106790915248,-0.015436680997597764,15.567190586154375,-26.45174737017866,1.6333087439299743,0.0,1.4410931970114038,0.0,0.07818994859816675,1.017783705679671,-0.011503945417246121,-77.11793355239138,0.09971502972534761,0.5377707549295412,-1.465675907371088,0.8092183409489526,-0.4302918447303792,1.8140794223826715,0.519573239210653,0.41842173686947476,0.18280734012334687,-0.1257180830351415,-0.44136483785166236,Other Precious Metals & Mining,Basic Materials,MUX
2021Q1,2021,Q1,2021-05-07,2021-03-31,-12466000.0,23740000.0,-15384000.0,-0.2821677071214186,-4986000.0,-0.2100252737994945,528180000.0,393749000.0,81012000.0,45733000.0,134431000.0,27910000.0,-1196014000.0,459465760.0,465877760.0,8.912502206910913,1.771412328078193,0.10188572077700783,0.1366708232909798,-0.029231476130586555,8.912502206910913,-0.0316597629454297,19.354075821398485,-9.214378309000482,1.1669001318098586,0.0,1.02923683267646,0.0,0.04494679843992578,1.0693372400673475,-0.023601802415843084,-22.714344473007714,-0.2100252737994945,0.5159125447024535,-1.6480882657474478,-0.24369190723148373,-0.38143561982660146,0.6357127200993644,0.47047829411264974,0.31989389920424405,-0.8251393532481212,-0.5612891193478622,-0.4162543903614507,Other Precious Metals & Mining,Basic Materials,MUX
2020Q4,2020,Q4,2021-03-10,2020-12-31,-23542000.0,27703000.0,-22620000.0,-0.5828858071688369,-13687000.0,-0.49406201494422985,499936000.0,365328000.0,53497000.0,45554000.0,134608000.0,26964000.0,-1183548000.0,397828695.0,430641695.0,9.045302275141314,1.1743644904947974,0.10732573769442488,0.14687075723733192,-0.053031927440696985,9.045302275141314,-0.0644407217623615,14.360491463018446,-4.22466968609294,1.088963055117593,0.0,1.535009642486278,0.0,0.055413092875888116,0.582451595908153,-0.04709002752352301,-59.65342555105713,-0.49406201494422985,-1.407649826140315,-0.15986808714737288,0.792718189657328,-0.3550703716201372,-18.524964336661913,-1.407649826140315,-1.2451612903225806,-10.070575066294667,-0.05057662470474757,-0.4151188196082127,Other Precious Metals & Mining,Basic Materials,MUX
2020Q3,2020,Q3,2020-10-29,2020-09-30,-9778000.0,27395000.0,-10075000.0,-0.24209741833730722,-701000.0,-0.025588611060412485,506180000.0,380801000.0,57546000.0,35983000.0,125379000.0,34244000.0,-1160006000.0,428120220.0,473781220.0,9.428404479470743,1.5992552038462606,0.10592081868110158,0.14079532354169239,-0.02254533246804859,9.428404479470743,-0.025677453578115603,15.627677313378353,-10.946006852116996,1.124262331243878,0.0,0.8204648989604019,0.0,0.05412106365324588,0.3643109246032849,-0.01931723892686396,-71.65191966527196,-0.025588611060412485,0.5106330710077223,-3.7632942321652463,-0.09414467573224494,-0.34803793752264256,0.9210140845070423,0.5065105480973049,0.5232800227122173,0.05801250174521264,0.5862496943582901,-0.42078450825548847,Other Precious Metals & Mining,Basic Materials,MUX
2020Q2,2020,Q2,2020-08-06,2020-06-30,-19814000.0,18291000.0,-21134000.0,-0.49471552733619134,-8875000.0,-0.4852113061068285,504707000.0,382712000.0,58198000.0,32679000.0,121995000.0,33371000.0,-1150228000.0,404518130.0,439995130.0,9.55554501352016,1.780899048318492,0.10676887778453638,0.1408030059156755,-0.047669072753444085,9.55554501352016,-0.051772612303768895,22.1156924170357,-5.103943297668315,1.0569779102824055,0.0,0.8140601120733572,0.0,0.03624082883732542,0.7597233697481564,-0.03925842122261035,-36.14673666339022,-0.4852113061068285,0.8003152950574236,-0.05325061937054117,-0.15068790767177737,-0.3378080238630264,-1.3355263157894737,0.8002439737476182,0.7872665962051437,-7.915369079459332,-0.06751057800799332,-0.3839439521452987,Other Precious Metals & Mining,Basic Materials,MUX
2020Q1,2020,Q1,2020-05-18,2020-03-31,-99191000.0,31400000.0,-99345000.0,-2.4774833279216724,-3800000.0,-0.12101910828025478,523626000.0,400438000.0,73114000.0,47827000.0,123188000.0,38327000.0,-1130414000.0,264564496.0,277388496.0,10.001698428953219,1.528718088109227,0.0794421972934881,0.10388125003121582,-0.21908424217804137,10.001698428953219,-0.24770626164350038,8.425620891719745,-0.6668056980976097,0.6606877868733736,0.0,0.9184126073003366,0.0,0.059966464614056594,0.7273506596692245,-0.1894310060997735,-15.195249899488829,-0.12101910828025478,-2.9468008912939676,-13.231262359099098,0.018833712894761177,-0.3362576008603066,-4.414195867026056,-2.946800891293968,-3.0736868003444457,-23.59218250371554,0.5839617550826093,-0.32329991375898354,Other Precious Metals & Mining,Basic Materials,MUX
2019Q4,2019,Q4,2020-03-16,2019-12-31,-25132000.0,32362000.0,-24387000.0,-0.627719359592377,1113000.0,0.034392188369074844,631223000.0,499479000.0,91978000.0,48795000.0,131744000.0,38376000.0,-1031223000.0,508469900.0,506533900.0,12.475435222419263,1.8849882160057383,0.07052341248655387,0.08912486811257331,-0.042122348440473155,12.475435222419263,-0.050316429719768,15.711943019590878,-5.0579927980264205,1.0180005565799561,0.0,0.8142849697727746,0.0,0.05126872753369253,1.0450865867404446,-0.039814772275408215,-25.058888177024297,0.034392188369074844,-0.9829416402997746,0.9117876921666751,0.7663499854317867,-0.15454655657211078,-0.2692055154300722,-1.192062799825556,-0.3715973003374578,-3.187241753504483,1.1693887082955703,-0.1564335178717335,Other Precious Metals & Mining,Basic Materials,MUX
2019Q3,2019,Q3,2019-10-30,2019-09-30,-11465000.0,32691000.0,-17780000.0,-0.3165596741906537,1523000.0,0.046587745862775684,607211000.0,477708000.0,56886000.0,40429000.0,129503000.0,34368000.0,-1006091000.0,564993000.0,608167000.0,13.18997722095672,1.4070592891241436,0.07812111440668894,0.0992991534577608,-0.028022399066433626,13.18997722095672,-0.024000016746631835,17.28283013673488,-12.319952027911034,1.1827162199502623,0.0,0.9068901303538175,0.0,0.05383795748100743,0.2691632244181157,-0.018881410251131815,-36.91075978310577,0.046587745862775684,0.15594303192862732,0.2782157675040941,2.0298105128759496,-0.3977631313954651,-0.6621561668145519,0.1190256646688182,-0.58820902188477,-3.2456328028196775,1.0073311823709306,-0.11958084751129433,Other Precious Metals & Mining,Basic Materials,MUX
2019Q2,2019,Q2,2019-07-30,2019-06-30,-13014000.0,36383000.0,-11195000.0,-0.3750453893106012,4508000.0,0.12390402110875959,623207000.0,488014000.0,65176000.0,34295000.0,135193000.0,32987000.0,-994626000.0,572546700.0,617724700.0,14.063885094438584,1.9004519609272488,0.07919679977920659,0.10113644280696865,-0.019766111247164035,14.063885094438584,-0.026667267742318868,15.736654481488607,-10.998668741355463,1.1732177765391978,0.0,0.9662897505077758,0.0,0.05838028135114015,0.5217670214316956,-0.020882307162788608,-90.8371727748691,0.12390402110875959,-0.2527056222260183,0.8928592143305306,1.6774828395009576,-0.36809026824443275,71.4375,-0.2839384372533544,-0.06669842782277274,-2.33906873903778,1.139900955062379,-0.05169738868827929,Other Precious Metals & Mining,Basic Materials,MUX
2019Q1,2019,Q1,2019-04-30,2019-03-31,-10136000.0,15640000.0,-10495000.0,-0.2993882861674696,-64000.0,-0.004092071611253197,628976000.0,498197000.0,65660000.0,32982000.0,130779000.0,30682000.0,-981612000.0,484136510.0,525731510.0,14.715306432890179,1.9907828512521981,0.078349571366793,0.09891669359711118,-0.019139612051095888,14.715306432890179,-0.02034536538758764,30.955019820971867,-11.941014946724547,0.971777248759025,0.0,0.5118310410012386,0.0,0.024865813639948105,0.5255290764659512,-0.016115082292488106,-17.712527347894486,-0.004092071611253197,0.5170803754347515,-1.4973775576074193,0.23338503550748393,-0.42842017106521757,-1.0261865793780687,0.5170803754347515,0.4235416895528947,-1.6876408259003348,-0.3498062397440127,0.021302905895967342,Other Precious Metals & Mining,Basic Materials,MUX
2018Q4,2018,Q4,2019-02-20,2018-12-31,-20989000.0,26462000.0,-18206000.0,-0.6199546900521921,2444000.0,0.0923588542060313,616941000.0,485946000.0,59376000.0,36012000.0,130995000.0,22039000.0,-971476000.0,616173740.0,652754740.0,14.353447130025373,1.6487837387537487,0.07975803196740044,0.10125816448741218,-0.037395298010211644,14.353447130025373,-0.043192041914122146,23.285229385533974,-7.339246033636667,1.2679880892115585,0.0,1.0897953627660057,0.0,0.04289227008741517,0.5538431633899811,-0.034021081432422225,-23.015603615717914,0.0923588542060313,-0.5725111062196685,-0.6241304394006818,1.2666424570826755,-0.42883710773089734,-0.1324103656372027,-0.5793077501881113,-0.19729054320662895,-0.23363041546934793,1.0428475829381696,0.02340010780818833,Other Precious Metals & Mining,Basic Materials,MUX
2018Q3,2018,Q3,2018-10-30,2018-09-30,-13290000.0,26896000.0,-15206000.0,-0.3942450311480273,2817000.0,0.10473676383105295,620646000.0,494656000.0,77770000.0,39880000.0,125990000.0,27806000.0,-950487000.0,647232000.0,658687000.0,14.673865321862948,1.950100300902708,0.07916267888619277,0.09932559192651054,-0.02474919069507734,14.673865321862948,-0.02686715616509251,24.06424747174301,-12.175169300225734,1.3084486997024194,-0.1269375470278405,0.865964180392721,0.002606484228221102,0.043335492374074754,1.1723169508525577,-0.02141317272648176,-23.72725273113865,0.10473676383105295,-1.4701649593790906,-4.588849720583872,1.0127812972705423,-0.4245757560398776,-0.6780939321220432,-1.470260223048327,-0.743207612060071,-5.499903502123685,0.06555618616683868,0.014678943885717383,Other Precious Metals & Mining,Basic Materials,MUX
2018Q2,2018,Q2,2018-07-31,2018-06-30,-5380000.0,34179000.0,-8723000.0,-0.1596027138394539,8751000.0,0.2560344070920741,585010000.0,509829000.0,58220000.0,39020000.0,75181000.0,27299000.0,-937197000.0,697770090.0,681990090.0,15.124552415251848,1.4920553562275756,0.0,0.0,-0.012234734980980554,15.124552415251848,-0.01055255781840578,20.41516984113052,-32.42426068773234,1.3686355425054282,0.0,0.9314626909410602,0.0,0.058424642313806605,0.5964633521271143,-0.009196423992752261,-25.805106878698226,0.2560344070920741,-0.032354825026943215,0.9631511353862962,1.8802186060542572,-0.40410978365360495,-0.3131083202511774,-0.03243139512569564,-0.9793510324483776,0.660205415201395,0.8856618863737823,0.04811993851445518,Other Precious Metals & Mining,Basic Materials,MUX
2018Q1,2018,Q1,2018-05-02,2018-03-31,-5211000.0,41285000.0,-4407000.0,-0.1546006372714812,12740000.0,0.30858665374833477,588147000.0,514619000.0,79625000.0,40332000.0,73528000.0,29051000.0,-931817000.0,701088960.0,671545960.0,15.267784561890691,1.974238817812159,0.0,0.0,-0.007023740111819275,15.267784561890691,-0.01012593782973423,16.981687295627953,-33.63504893494531,1.362345657661299,-0.323354442525427,0.9825823551684968,0.0024034039845670942,0.07019503627494487,0.9316671625508282,-0.008860029890486561,2738.62875,0.30858665374833477,-3.4058171745152355,0.5822066296835217,1.6930522247336723,-0.48649033057957614,4.27317880794702,-3.4058171745152355,0.5213944396177237,-1.763258801397345,0.5911740328277434,0.013215508010264531,Other Precious Metals & Mining,Basic Materials,MUX
2017Q4,2017,Q4,2018-02-21,2017-12-31,2166000.0,24351000.0,-9208000.0,0.0642611745020204,2416000.0,0.09921563796148002,592129000.0,521273000.0,86864000.0,37639000.0,70856000.0,31951000.0,-929606000.0,768501360.0,741899360.0,15.465196314031246,2.3078190175084354,0.0,0.0,0.003770796640757749,15.465196314031246,0.0041552123359544805,31.559334729579895,88.70052631578947,1.474278084612094,0.0,0.686519983725079,0.0,0.041124484698435645,1.0726639921358165,0.0036579866887114123,-55.543607979184735,0.09921563796148002,1.2500366316163412,1.0731373786100653,2.891231887726397,-0.48406289725440504,-0.21634771326629906,1.268334985133796,-0.3605200945626478,1.0090305108808246,0.5787375578367748,0.04806792259151865,Other Precious Metals & Mining,Basic Materials,MUX
2017Q3,2017,Q3,2017-11-02,2017-09-30,-8072000.0,13430000.0,-6768000.0,-0.2570070396749842,3083000.0,0.22956068503350707,571037000.0,511251000.0,108450000.0,25771000.0,59786000.0,19560000.0,-931772000.0,612450150.0,543488150.0,16.277887269682275,4.208218540219627,0.0,0.0,-0.012373560869760705,16.277887269682275,-0.01578872217364856,45.60313849590469,-18.968352019326066,1.1979441605004195,-0.19338453914767095,0.5289877300613497,0.0025487788679617435,0.02351861613170425,3.340964650188196,-0.014135686479159843,252.76522905489063,0.22956068503350707,-3.631576104068057,-1.7968682140749224,25.35884803139961,-0.4644464183782459,-0.374010152284264,-3.7149532710280373,-1.585179526355997,0.41400107467216296,0.4353096674813034,-0.2567732534658604,Other Precious Metals & Mining,Basic Materials,MUX
2017Q2,2017,Q2,2017-08-02,2017-06-30,-1712000.0,15110000.0,-2618000.0,-0.055490190358579425,4925000.0,0.3259430840502978,531272000.0,478545000.0,66074000.0,19077000.0,52727000.0,20018000.0,-923700000.0,811415490.0,786634490.0,15.51083711749205,3.4635424857157835,0.0,0.0,-0.006007648357807074,15.51083711749205,-0.0035775109968759467,53.700561879549966,-118.48941150700935,1.6955886907187412,0.0,0.5087920871215905,0.0,0.028441175141923535,2.314829375688001,-0.003222454787754672,-150.54090723562152,0.3259430840502978,0.44918907300624816,0.9267008739600138,8.625057887088026,-0.48977246693046883,-0.23130950522865615,0.43273691186216034,0.6477868962733755,0.9841478851322635,0.2506393233605221,-0.3030767205219433,Other Precious Metals & Mining,Basic Materials,MUX
2017Q1,2017,Q1,2017-05-04,2017-03-31,-3018000.0,14833000.0,-7433000.0,-0.10074271885170659,6407000.0,0.43194229083799635,499378000.0,442775000.0,81715000.0,23366000.0,56603000.0,29453000.0,-921990000.0,910708000.0,881818000.0,14.780105148961027,3.4971753830351795,0.0,0.0,-0.00892916698999188,14.780105148961027,-0.006816102986844334,61.39742466122834,-75.43969516235917,2.05681892609113,-0.4963552021206097,0.28608291175771566,0.0016448740979545585,0.02970295047038516,2.1637849867328596,-0.006043518136561883,-126.48722222222223,0.43194229083799635,0.32798931195724784,0.8714167196779473,5.327755513320524,-0.5845343542542534,1.3289712831697564,0.32798931195724784,-0.5495101104857203,-1.1673651567689063,0.3219564634804967,-0.42590322456356766,Other Precious Metals & Mining,Basic Materials,MUX
2016Q4,2016,Q4,2017-03-01,2016-12-31,-4491000.0,11162000.0,-4797000.0,-0.1499123758658099,2751000.0,0.24646120766887655,498318000.0,443039000.0,78574000.0,20581000.0,55279000.0,26620000.0,-918972000.0,871763250.0,834323250.0,14.788917633313861,3.8177931101501383,0.0,0.0,-0.009903514077820287,14.788917633313861,-0.010136805111965312,78.10098996595592,-48.528348363393455,1.9676896390611212,0.0,0.3159654395191585,0.0,0.022399351418170725,2.443370098634663,-0.009012317435854214,1337.060199386503,0.24646120766887655,-2.07248980970824,0.7746484138184968,0.0,0.6527498862831368,-0.29024767801857587,-2.0672528517110265,-2.575369458128079,0.6072660521915877,0.08050953124356,-0.41150854617331595,Other Precious Metals & Mining,Basic Materials,MUX
2016Q3,2016,Q3,2016-11-03,2016-09-30,4208000.0,13423000.0,3045000.0,0.13977976714444684,3876000.0,0.28875810176562616,499835000.0,447212000.0,74803000.0,19231000.0,52623000.0,22337000.0,-914481000.0,1095531700.0,1056719700.0,14.981474657465412,3.889709323488118,0.0,0.0,0.007956580449630128,14.981474657465412,0.009409407618757994,81.61600983386724,65.08624643536122,2.449692092340993,0.35575095057034223,0.42740744056945873,0.0013664597747376913,0.026854862104494483,2.5554053351359785,0.008418778196804946,272.24942842942346,0.28875810176562616,-0.4983273533820081,1.0871207993167868,0.0,-0.06943321432600136,-0.44770589911655745,-0.4962288997964803,-0.5474810521622827,0.28323409863761245,0.13437945025641848,-0.4125130946012178,Other Precious Metals & Mining,Basic Materials,MUX
2016Q2,2016,Q2,2016-08-04,2016-06-30,8353000.0,14613000.0,6729000.0,0.2786274437858375,7018000.0,0.48025730513925957,493104000.0,442303000.0,64704000.0,17064000.0,50801000.0,19172000.0,-918689000.0,1148212450.0,1111463450.0,14.830587754034543,3.791842475386779,0.0,0.0,0.016950621009149125,14.830587754034543,0.018885243826064938,78.574724560323,34.365271459355924,2.595986122635388,0.0,0.3961506363446693,0.0,0.029634722087024237,2.5724331926863573,0.01693963139621662,-1506.8404855643046,0.48025730513925957,-0.35937360144754005,1.3114326853612936,0.0,-0.1600748155651964,-0.3726086179152512,-0.356719291490181,-0.3511089681774349,1.0646643324476548,0.39182927078784113,-0.41569165799683044,Other Precious Metals & Mining,Basic Materials,MUX
2016Q1,2016,Q1,2016-05-05,2016-03-31,12985000.0,21190000.0,10370000.0,0.43492969446063356,11186000.0,0.5278905143935819,479990000.0,429718000.0,56972000.0,17287000.0,50272000.0,15769000.0,-927042000.0,560694960.0,526071960.0,14.408366360204129,3.295655695030948,0.0,0.0,0.028184510393581063,14.408366360204129,0.030217491471150847,26.460356772062294,10.795051212938006,1.3047974718303632,0.11467077396996535,0.634409284038303,0.0026556329309612484,0.04414675305735536,2.268120553016718,0.027052646930144378,39.728970452774035,0.5278905143935819,1.8654543764033111,1.8082024180404157,0.0,-0.32276439946603463,1.3574288724973655,1.8663597544702428,1.3883022541750918,2.176585292454468,0.5621561166035576,-0.515395608542662,Other Precious Metals & Mining,Basic Materials,MUX
2015Q4,2015,Q4,2016-03-11,2015-12-31,-14988000.0,11411000.0,-26706000.0,-0.502544913191301,4745000.0,0.4158268337569012,475085000.0,418292000.0,54443000.0,22039000.0,56793000.0,14975000.0,-940027000.0,316136520.0,293657520.0,14.02525465896822,2.4703026453105856,0.007146089647115779,0.008116339781779235,-0.03883043671284161,14.02525465896822,-0.03583142876268253,27.70454123214442,-5.273160528422738,0.7557795033134748,-6.672004270082733e-05,0.44514190317195323,3.1631903836987895e-06,0.024018859782986204,1.676028857933663,-0.03154803877200922,-246.7888524590164,0.4158268337569012,-6.736035805597482,0.12584592288467095,0.0,0.033407198222984116,-0.5690281562216167,-6.692366122293961,-15.122686409307246,0.4280400588775582,1.0607960214917491,-0.5321010411324675,Other Precious Metals & Mining,Basic Materials,MUX
2015Q3,2015,Q3,2015-11-05,2015-09-30,2633000.0,22503000.0,1891000.0,0.08761188566865205,11010000.0,0.4892680975869884,504750000.0,434614000.0,56868000.0,26912000.0,70136000.0,12425000.0,-925039000.0,262873591.0,237142591.0,14.461584533989951,2.1131093935790726,0.010244675581971273,0.011897914011053487,0.011165136075210141,14.461584533989951,0.0060582493891130984,11.681713149357863,24.95951300797569,0.6048438177325166,0.0,0.9249899396378269,0.0,0.044582466567607726,1.5833828775267538,0.005216443784051511,24.876842150089903,0.4892680975869884,1.1865259280249363,1.1370247854372004,0.0,0.03374497647672449,0.29514174802964355,1.1865259280249363,1.063727968186567,1.953432631696392,45.157166065389745,-0.5242040158657975,Other Precious Metals & Mining,Basic Materials,MUX
2015Q2,2015,Q2,2015-08-06,2015-06-30,-14116000.0,16160000.0,-29673000.0,-0.46970352377466473,8501000.0,0.5260519801980198,506615000.0,433670000.0,55463000.0,28468000.0,72945000.0,13771000.0,-927672000.0,288178217.0,271571217.0,14.430173360396633,1.9482576928481101,0.011377475992617668,0.013291212212050638,-0.03605514770156143,14.430173360396633,-0.03255009569488321,17.832810457920793,-5.103751363700765,0.6645103811654023,0.0,0.5561687604386029,0.0,0.03189798959762344,1.1999437965434874,-0.027863367646042855,2596.200153153153,0.5260519801980198,-3.3189983009201045,0.4395992842928504,0.0,-0.011311187063335924,-0.29051911200133534,-3.344461052981232,-6.741679566563468,0.37955055536655374,9.371817481480628,-0.5253207999239623,Other Precious Metals & Mining,Basic Materials,MUX
2015Q1,2015,Q1,2015-05-08,2015-03-31,6021000.0,22882000.0,5168000.0,0.20254586801046873,11982000.0,0.5236430381959619,526733000.0,447923000.0,43547000.0,22331000.0,78810000.0,12931000.0,-913556000.0,303200100.0,286631100.0,15.068644766278112,1.9500694102368905,0.0,0.0,0.01429980971768854,15.068644766278112,0.013442042493910783,13.250594353640416,12.589275037369207,0.6769022800793886,0.0,0.8429355811615498,0.0,0.043441364030732836,1.295015897183288,0.011430838774103768,55.91003134796238,0.5236430381959619,1.0284634179052718,1.3759987951841348,0.0,-0.02158627044016521,2.8183556405353727,1.0282974973563623,1.0194666264878711,1.2585296107440576,7.728280711256452,-0.5764235663252311,Other Precious Metals & Mining,Basic Materials,MUX
2014Q4,2014,Q4,2015-03-09,2014-12-31,-212775000.0,13683000.0,-265480000.0,-7.116006541609115,3138000.0,0.229335672001754,522958000.0,441215000.0,39701000.0,24081000.0,81743000.0,12404000.0,-919577000.0,331899990.0,319519990.0,14.755910357213327,1.6486441592957104,0.0,0.0,-0.4790718760688793,14.755910357213327,-0.48224788368482485,24.256375794781846,-0.3899659146986253,0.752240948290516,0.0,0.850128990648178,0.0,0.026164625075053828,1.0465096964411778,-0.40686823798469474,-59.3738801431127,0.229335672001754,-15.225128273848933,-22.314088579750145,0.0,-0.07296548271861959,2.299917149958575,-15.325865111639684,-16.999864397586276,-9.696937808957086,0.0,0.6490611260118113,Other Precious Metals & Mining,Basic Materials,MUX
2014Q3,2014,Q3,2014-11-07,2014-09-30,-13033000.0,8853000.0,-14749000.0,-0.4385793703140353,-2414000.0,-0.2726759290635943,783460000.0,650838000.0,39702000.0,19768000.0,132622000.0,9202000.0,-706802000.0,582441440.0,564819440.0,21.90164353690218,2.0083974099554838,0.0,0.0,-0.013581092731177939,21.90164353690218,-0.020024952445923564,65.79029029707443,-11.17243612368603,0.8949100083277253,0.0,1.2244077374483808,0.0,0.011299874913843719,1.4414710643464184,-0.016635182396038086,-214.84376244928072,-0.2726759290635943,0.8747091961315876,0.6287674942468446,0.0,0.35176712971324603,-7.838526912181303,0.8747091961315876,0.8859971864516827,0.728947632899758,0.0,0.36040960540267986,Other Precious Metals & Mining,Basic Materials,MUX
2014Q2,2014,Q2,2014-08-06,2014-06-30,-104022000.0,11637000.0,-129374000.0,-3.500491311195165,353000.0,0.030334278594139383,796270000.0,661373000.0,42081000.0,13693000.0,134897000.0,10170000.0,-693769000.0,855832320.0,840683320.0,22.256161580810595,3.073176075366976,0.0,0.0,-0.15766944682808265,22.256161580810595,-0.15728189690235314,73.54406805877804,-2.0568541270115936,1.2940236749912684,0.0,1.1095378564405114,0.0,0.01461438959147023,2.1640254144453372,-0.13063659311540055,-166.5691553133515,0.030334278594139383,-6.839892727532561,-9.138305432407668,0.0,0.13635994044225727,-0.5641975308641975,-6.81550846983843,-229.20284697508896,-2.8923531377531493,0.0,0.2604699780349372,Other Precious Metals & Mining,Basic Materials,MUX
2014Q1,2014,Q1,2014-05-07,2014-03-31,17887000.0,11130000.0,-562000.0,0.5994102074327268,810000.0,0.07277628032345014,924611000.0,765035000.0,43692000.0,13384000.0,159576000.0,9323000.0,-589747000.0,704266830.0,684795830.0,25.744971547218828,3.264494919306635,0.0,0.0,0.01228029332724317,25.744971547218828,0.023380629644395353,63.27644474393531,9.843277659752893,0.9205681177985321,0.0,1.10693982623619,0.0,0.012037494686954838,2.4321578003586373,0.019345432836079174,-165.5151186839013,0.07277628032345014,2.5703088938596634,2.267088945050244,0.0,0.4582640856931596,-0.6987727779843809,2.5769196861500485,0.98323939041484,2.117366414579195,0.0,0.2100893904715774,Other Precious Metals & Mining,Basic Materials,MUX
2013Q4,2013,Q4,2014-03-10,2013-12-31,-11343000.0,10247000.0,-33531000.0,-0.38171483953035246,2689000.0,0.26241826876158875,923066000.0,746767000.0,46771000.0,11189000.0,176299000.0,8800000.0,-607634000.0,582431640.0,558110640.0,25.13021648343143,4.180087586021986,0.0,0.0,-0.015120931793936561,25.13021648343143,-0.015189476771201726,56.83923489801893,-12.83680772282465,0.7799375708889119,0.0,0.8588636363636364,0.0,0.011101048029068344,3.2095808383233533,-0.01228839541267905,-94.09234894991923,0.26241826876158875,-4.4838378977099405,0.41745446282765836,0.0,0.38904804908307555,-0.07910958904109588,-4.475183823529412,-2.7909553420011304,0.3360243542175464,0.0,0.8516417162004252,Other Precious Metals & Mining,Basic Materials,MUX
2013Q3,2013,Q3,2013-11-07,2013-09-30,3264000.0,11778000.0,-8845000.0,0.1095673365805189,2920000.0,0.24791985056885718,973251000.0,757697000.0,50920000.0,11392000.0,215554000.0,7807000.0,-596291000.0,713100000.0,682038000.0,25.500950778291966,4.469803370786517,0.0,0.0,0.004284539265790305,25.500950778291966,0.004307790581195386,60.54508405501783,54.61856617647059,0.9411413797335874,0.0,1.134622774433201,0.0,0.012101708603433235,3.6157830056179776,0.003353708344507224,-139.8235294117647,0.24791985056885718,1.025296762533756,1.0096889525550197,0.0,0.35998398398855447,0.588683351468988,1.0253650500073825,0.9366649003966947,1.1718094542466075,0.0,0.8228624740588094,Other Precious Metals & Mining,Basic Materials,MUX
2013Q2,2013,Q2,2013-08-09,2013-06-30,-128681000.0,10459000.0,-139654000.0,-4.331279009885661,1838000.0,0.17573381776460464,982371000.0,754075000.0,57804000.0,12005000.0,228296000.0,7967000.0,-599555000.0,531803629.99999994,497030629.99999994,25.38144107816639,4.814993752603082,0.0,0.0,-0.16891543777013604,25.38144107816639,-0.17064748201438848,50.84650827038913,-1.0331821131324748,0.7052397042734475,0.0,1.0820886155390987,0.0,0.010646690506946967,3.7667638483965016,-0.13099022670661084,-51.92887706278683,0.17573381776460464,-10.704865434309294,-10.68887431342814,0.0,-0.15618356046676113,-0.14591078066914498,-10.717446731014387,-6.603528066641259,-4.167625393910663,0.0,0.7390190833788055,Other Precious Metals & Mining,Basic Materials,MUX
2013Q1,2013,Q1,2013-05-08,2013-03-31,-10982000.0,13498000.0,-18367000.0,-0.37004090599707523,2152000.0,0.15943102681878796,1124963000.0,882387000.0,66680000.0,13917000.0,242576000.0,6692000.0,-470874000.0,836913960.0,791791960.0,29.732224086691062,4.791262484730905,0.0,0.0,-0.013103568714524297,29.732224086691062,-0.012445786259317058,62.00281226848422,-19.051947732653435,0.9484658772171394,0.0,1.6954572624028692,0.0,0.011998616843398405,3.9303729251993964,-0.009762098842361927,-33.05477941466883,0.15943102681878796,0.578846448841847,0.36770169481131315,0.0,-0.02608504050828198,-0.9050434629131183,0.5788464488418469,0.4689776801202729,0.31309491694016583,0.0,0.9305263816338115,Other Precious Metals & Mining,Basic Materials,MUX
2012Q4,2012,Q4,2013-03-11,2012-12-31,-26076000.0,5510000.0,-34588000.0,-0.8786365566180782,22663000.0,4.113067150635208,1150937000.0,889591000.0,91918000.0,25195000.0,261346000.0,7262000.0,-459892000.0,1136659740.0,1065738740.0,29.974964451542903,3.6482635443540383,0.0,0.0,-0.026401798258444912,29.974964451542903,-0.029312346909984476,206.290333938294,-10.897566152784169,1.2777329581796577,0.0,-2.362021481685486,0.0,0.004787403654587523,3.245247072831911,-0.022656322631038884,-139.72461462814996,4.113067150635208,-8.561725079737332,-0.6461385243199045,0.0,-0.034545985747122115,4.362462908011869,-9.095238095238095,-2.2772408565472806,-1.8786666215976275,0.0,0.8831658656206678,Other Precious Metals & Mining,Basic Materials,MUX
2012Q3,2012,Q3,2012-11-07,2012-09-30,-2583000.0,456000.0,-10554000.0,-0.0918910080859818,-6740000.0,-14.780701754385966,1111205000.0,854371000.0,36020000.0,7504000.0,256834000.0,2783000.0,-433816000.0,1335195930.0,1316675930.0,30.394507343952135,4.800106609808102,0.0,0.0,-0.0035643055255145718,30.394507343952135,-0.003023276773205083,2928.06125,-129.22918408826948,1.5627823626972357,0.0,2.5856988860941432,0.0,0.000410365324130111,3.5534381663113006,-0.0023245035794475367,-63.32444534028931,-14.780701754385966,0.8786176359437052,0.8496189722187758,0.0,-0.03698666339130824,0.45163127491660565,0.8784527786927674,0.5900722442321137,0.9222194852358955,0.0,0.8759457883677023,Other Precious Metals & Mining,Basic Materials,MUX
2012Q2,2012,Q2,2012-08-08,2012-06-30,-21251000.0,-1803000.0,-25746000.0,-0.7570375548408713,-12291000.0,-6.816971713810316,1137218000.0,853362000.0,48479000.0,8733000.0,283856000.0,834000.0,-433691000.0,844945016.3000001,821547016.3000001,30.39984342706632,5.551242413832589,0.0,0.0,-0.023290626810426034,30.39984342706632,-0.024902679050625643,-468.6328432057682,-9.940061835913605,0.9901366785725167,0.0,12.575539568345324,0.0,-0.0015854479967781024,4.914118859498454,-0.01868683049336187,-31.499590527139876,6.816971713810316,0.033752798692819906,0.16317103383350068,0.0,-0.10071846473910562,-3.3833808844507844,-0.1067076346213936,-0.12060935799782373,-1.1925716029827012,0.0,0.5521618200336975,Other Precious Metals & Mining,Basic Materials,MUX
2012Q1,2012,Q1,2012-05-09,2012-03-31,-19202000.0,-2804000.0,-22975000.0,-0.7834822743255752,-2804000.0,-1.0,1161993000.0,871886000.0,73346000.0,9136000.0,290107000.0,2379000.0,-412440000.0,1088178820.8,1047045820.8,35.574794932638156,8.02823992994746,0.0,0.0,-0.023561834910774036,35.574794932638156,-0.022023521423672362,-388.0808918687589,-14.167519279241745,1.248074657466687,0.0,0.0,0.0,-0.002413095431728074,7.357267950963222,-0.016525056519273353,-60.27689695895419,1.0,-0.17774779195289503,0.5172827475685485,0.0,-0.33834455397775204,0.0,-0.177747791952895,-0.43048378058651393,-0.6492543929299017,0.0,1.0150515882690665,Other Precious Metals & Mining,Basic Materials,MUX
2011Q4,2011,Q4,2012-03-12,2011-12-31,-16304000.0,0.0,-16061000.0,-0.6652377356840005,0.0,0.0,310355000.0,219304000.0,47883000.0,6124000.0,91051000.0,22810000.0,-393238000.0,823486626.182936,810070626.182936,8.948067554596905,7.818909209666884,0.0,0.0,-0.07243652201742154,8.948067554596905,-0.07434428920585123,0.0,-12.627064312177012,3.7550004841814832,0.0,0.0,0.0,0.0,3.074624428478119,-0.05253338918335455,-42.82969918255245,0.0,0.5888674456986429,0.5732637120896654,0.0,-0.08358114652164685,0.0,0.31148648648648647,0.2437967889260323,-0.015237622545939907,0.0,-0.5054043490643568,Other Precious Metals & Mining,Basic Materials,MUX
2011Q3,2011,Q3,2011-11-03,2011-09-30,-23680000.0,0.0,-21239000.0,-1.6180614469084007,0.0,0.0,327086000.0,235610000.0,64722000.0,6768000.0,91476000.0,26613000.0,-376934000.0,586855330.430406,554048330.430406,16.099300864918046,9.562943262411348,0.0,0.0,-0.09014473069903654,16.099300864918046,-0.10050507194091932,0.0,-6.19568549863182,2.4907912670532064,0.0,0.0,0.0,0.0,5.179521276595745,-0.07239686198736724,-21.36427720085937,0.0,-0.7991950243695874,-4.3895154455218135,-1.0,0.005460432966959529,0.0,-0.8002128630074502,-0.5840542959427207,0.8572878761881668,0.0,-0.14141274495773443,Other Precious Metals & Mining,Basic Materials,MUX
2011Q2,2011,Q2,2011-08-05,2011-06-30,-13154000.0,0.0,-13408000.0,-0.8993252121044224,0.0,0.0,347660000.0,258261000.0,94926000.0,4607000.0,89399000.0,34220000.0,-353254000.0,881979261.973478,828628261.973478,17.65703425599059,20.604731929672237,0.0,0.0,-0.05191647209605786,17.65703425599059,-0.05093297090927395,0.0,-16.76256769753455,3.41506949161305,0.0,0.0,0.0,0.0,12.38571738658563,-0.03783581660242766,-38.55815607123712,0.0,-0.6694128279188979,-2.1774416682410935,-1.0,2.013011854388543,0.0,-0.9124745565571387,-0.8053049683586913,-1.427019674140826,0.0,-0.4129846397325691,Other Precious Metals & Mining,Basic Materials,MUX
2011Q1,2011,Q1,2011-05-06,2011-03-31,-6878000.0,0.0,-7427000.0,-0.5387075006638877,0.0,0.0,360898000.0,271634000.0,115714000.0,4540000.0,89264000.0,33089000.0,-340100000.0,1127378853.402791,1052337853.402791,21.275264249020392,25.487665198237885,0.0,0.0,-0.027341938048992393,21.275264249020392,-0.02532083612508007,0.0,-40.97771348512616,4.150359871749453,0.0,0.0,0.0,0.0,17.66850220264317,-0.019058016392443294,-151.224527619422,0.0,0.06294277929155301,0.9727419245519938,-1.0,2.122175625154394,0.0,0.06294277929155313,0.026860587002096436,0.07949683182995268,0.0,-0.30310298823103343,Other Precious Metals & Mining,Basic Materials,MUX
2010Q4,2010,Q4,2011-03-14,2010-12-31,-7340000.0,0.0,-7632000.0,-0.574892854735815,0.0,0.0,261625000.0,173280000.0,17222000.0,3680000.0,88345000.0,0.0,-331366000.0,1030345039.597209,1018958039.597209,13.571856943792946,4.6798913043478265,0.0,0.0,-0.044050322736007196,13.571856943792946,-0.04235918744228993,0.0,-35.0934958990875,5.946127883178723,0.0,0.0,0.0,0.0,4.337771739130435,-0.028055422838031533,-125.05705056405013,0.0,0.10086891215331273,-2.1034300595160142,-1.0,17.659791750129376,0.0,0.10159118727050184,0.12467026035095768,-0.07707018487677697,0.0,-0.5628684134577433,Other Precious Metals & Mining,Basic Materials,MUX
2010Q3,2010,Q3,2010-11-03,2010-09-30,-8170000.0,0.0,-8719000.0,-0.6393871399915839,0.0,0.0,267445000.0,178756000.0,24453000.0,3657000.0,88689000.0,0.0,-324026000.0,635059704.477861,613075704.477861,13.989508885720388,6.686628383921247,0.0,0.0,-0.04877598514175748,13.989508885720388,-0.04570475956051825,0.0,-19.43267149565058,3.552662313308985,0.0,0.0,0.0,0.0,6.277276456111567,-0.03054833704126082,-89.243915750121,0.0,0.23715066814141725,0.04329419374706766,-1.0,11.608118996712331,0.0,0.23666261795758198,0.2737192836318201,-0.04636674757189879,0.0,-0.5567592697884215,Other Precious Metals & Mining,Basic Materials,MUX
2010Q2,2010,Q2,2010-08-06,2010-06-30,-10703000.0,0.0,-12005000.0,-0.8381565183177138,0.0,0.0,273718000.0,186377000.0,30741000.0,2265000.0,87341000.0,3616000.0,-315856000.0,639761493.560618,614855493.560618,14.595263111691583,13.572185430463577,0.0,0.0,-0.05427542896047474,14.595263111691583,-0.05742661379891296,0.0,-14.943508678889517,3.432620406813169,0.0,0.0,0.0,0.0,11.410596026490067,-0.03910228775601166,-100.11916957130173,0.0,-0.5558656920217254,-36.925922633797214,-1.0,63.87838507526424,0.0,-0.5561209653969177,-0.6163996229971724,0.0735021338150632,0.0,-0.5682461111976413,Other Precious Metals & Mining,Basic Materials,MUX
2010Q1,2010,Q1,2010-05-07,2010-03-31,-6878000.0,0.0,-7427000.0,-0.5387075006638877,0.0,0.0,286054000.0,196635000.0,37652000.0,2434000.0,89419000.0,3616000.0,-305153000.0,344725119.0,324827119.0,15.401097011442326,15.469186524239934,0.0,0.0,,15.401097011442326,-0.03497851348946017,0.0,-12.5299912401861,1.7531218704706688,0.0,0.0,0.0,0.0,13.507395234182416,-0.02404441119508904,-46.24079396378269,0.0,-0.7649609825069222,-1.8212107693277635,-1.0,69.25117406349446,0.0,-0.764960982506922,-0.23560327535519643,0.6680928104851281,0.0,-0.7135550680858951,Other Precious Metals & Mining,Basic Materials,MUX
2009Q4,2009,Q4,2010-03-16,2009-12-31,-3896970.0,0.0,-6010829.0,-0.30522346159670694,0.0,0.0,291979000.0,203226000.0,44372000.0,1849000.0,88753000.0,0.0,-298275000.0,316636392.832403,286186392.832403,15.917325711330017,23.997836668469443,0.0,0.0,-0.022175131011147153,15.917325711330017,-0.019175548404239615,0.0,-20.3129862965588,1.5580506078572771,0.0,0.0,0.0,0.0,23.46998377501352,-0.013346747540062813,-22.306788968806703,0.0,0.741645682212312,-2.674632888992148,0.0,37.80589150322855,0.0,0.7416347729786212,0.7139140850656477,0.8042054478352259,0.0,0.6301773863256983,Other Precious Metals & Mining,Basic Materials,MUX
2009Q3,2009,Q3,2009-11-06,2009-09-30,-15083183.0,0.0,-21010573.0,-1.181414207474308,0.0,0.0,297265712.0,206854809.0,47772155.0,2088417.0,90410903.0,0.0,-294377738.0,368967947.29999995,324775840.29999995,16.202231179824764,22.874816188529397,0.0,0.0,-0.07599924931914305,16.202231179824764,-0.07291676259747966,0.0,-6.115551792018965,1.7837049526849529,0.0,0.0,0.0,0.0,22.472021631695203,-0.050739733481270116,-42.6919049000911,0.0,-2.42167339008079,-11.374132118453597,0.0,33.34949627161711,0.0,-2.8600290055280433,-4.032724512436671,-3.474826882326993,-1.0,0.011888808947996966,Other Precious Metals & Mining,Basic Materials,MUX
2009Q2,2009,Q2,2009-08-07,2009-06-30,-3907531.0,0.0,-4174791.0,-0.3452738098554793,0.0,0.0,317469753.0,221652763.0,51621844.0,2510512.0,95816990.0,0.0,-279294555.0,298773948.0,247896159.0,19.585485891159426,20.562277336256507,0.0,0.0,,19.585485891159426,-0.01762906515178428,0.0,-19.11526408875579,1.3479369440569526,0.0,0.0,0.0,0.0,20.562277336256507,-0.012308356821633965,-121.66851397945707,0.0,0.27318796981813676,-2.6163985146467823,-1.0,31.619287368144914,0.0,0.18767685948282817,0.0850388806714814,-1.4520497831175654,-1.0,2.123650160840161,Other Precious Metals & Mining,Basic Materials,MUX
2009Q1,2009,Q1,2009-05-08,2009-03-31,-4810316.0,0.0,-4562807.0,-0.47505241454119124,0.0,0.0,273736044.0,178767401.0,7851363.0,1709365.0,94968643.0,0.0,-275387024.0,206567625.6,199925449.6,17.654533084781704,4.593145992810196,0.0,0.0,-0.025523708318610058,17.654533084781704,-0.026908239271208067,0.0,-10.735657782149863,1.1555105933435816,0.0,0.0,0.0,0.0,3.885756406618832,-0.017572826470744204,-60.20331438254098,0.0,0.2750094385761578,-3.9756993500842195,-1.0,55.67660847267918,-1.0,0.27500943857615784,0.9589472296453883,0.9759628097532962,-1.0,1.9311981496133965,Other Precious Metals & Mining,Basic Materials,MUX
2008Q4,2008,Q4,2009-03-13,2008-12-31,-6635005.0,0.0,-111144923.0,-0.65525324027421,11643494.0,0.0,277676749.0,183193918.0,11548769.0,1277708.0,94482831.0,0.0,-270576708.0,92145362.39999999,81845421.39999999,18.091682645550048,9.038660632945868,0.0,0.0,-0.6067064027747908,18.091682645550048,-0.03621847860691532,0.0,-3.471940202004369,0.5029935677231381,0.0,0.0,0.0,0.0,8.061263606395201,-0.023894708591535693,-20.812499059833016,0.0,0.9422070267126412,-5.572279821030716,-1.0,49.3066687810644,3.0227276636011156,0.9422070267126412,-13.702730414479841,-2.537237600188173,-1.0,23.874048700446114,Other Precious Metals & Mining,Basic Materials,MUX
2008Q3,2008,Q3,2008-11-07,2008-09-30,-114806431.0,0.0,-7559475.0,-11.33793959719209,-5756333.0,0.0,286016876.0,189869265.0,17075858.0,1871302.0,96147611.0,0.0,-263941703.0,133661404.8,117884146.8,18.75091992150003,9.1251214395111,0.0,0.0,-0.03981410577430739,18.75091992150003,-0.6046604277948829,0.0,-0.2910581829688617,0.703965461708613,0.0,0.0,0.0,0.0,8.431166107875693,-0.4013974021588852,-23.499344535870847,0.0,-29.59783188659181,-58.376776393362,-1.0,65.00728251888778,-1.4429770171431384,-29.597831886591813,-0.882276118706169,-15.964795886189016,-1.0,15.899365917656526,Other Precious Metals & Mining,Basic Materials,MUX
2008Q2,2008,Q2,2008-08-08,2008-06-30,-3752110.0,0.0,-4016135.0,-0.3705471563872621,-2356278.0,0.0,399783992.0,304579300.0,23743282.0,953139.0,95204692.0,0.0,-149135272.0,234920054.925864,212897505.925864,30.079339402543823,24.91061849321033,0.0,0.0,-0.01318584355535652,30.079339402543823,-0.012318992131113309,0.0,-15.652529838268602,0.7712935676385887,0.0,0.0,0.0,0.0,23.105285797769266,-0.009385343273074326,-54.98076537875775,0.0,0.3668366393727982,-2.8811107645782044,-1.0,97.6610050991942,0.3326660781453251,0.36590511602565307,0.29656435081342525,-15.76696623085018,-1.0,132.70769335460298,Other Precious Metals & Mining,Basic Materials,MUX
2008Q1,2008,Q1,2008-05-09,2008-03-31,-5917269.0,0.0,-5709314.0,-0.5852315206934966,-3530883.0,0.0,403794235.0,308673933.0,27730407.0,998089.0,95120302.0,0.0,-145383162.0,256819095.2,230664910.2,30.52856288623822,27.783501270928745,0.0,0.0,-0.018496262203002416,30.52856288623822,-0.019169966645677203,0.0,-10.850406462846289,0.8320077199392149,0.0,0.0,0.0,0.0,26.20426134342729,-0.014654169096792577,-55.925335472623225,0.0,-0.09643989162470651,-0.5324288673392742,-1.0,70.80066985491843,0.4489032405282276,-0.09643989162470663,0.11729811913980184,-2.0648572073209777,-1.0,138.25419621966319,Other Precious Metals & Mining,Basic Materials,MUX
2007Q4,2007,Q4,2008-03-18,2007-12-31,-5396802.0,0.0,-6467998.0,-0.5337561367147081,-6407011.0,0.0,408669051.0,313921224.0,32742069.0,986799.0,94747827.0,0.0,-139465893.0,299285244.8,268356017.8,31.04753205126937,33.18007922586059,0.0,0.0,-0.02060388882785447,31.04753205126937,-0.017191580522124876,0.0,-13.864008944556424,0.9533769045192052,0.0,0.0,0.0,0.0,31.34298575495111,-0.013205800602698442,-63.3610546780145,0.0,0.12650000835840491,-2.6209517302349044,-1.0,80.03949014486464,-0.4409330897222762,0.10397835257130457,0.12297666260245502,-5.425973809547306,0.0,74.69281310659926,Other Precious Metals & Mining,Basic Materials,MUX
2007Q3,2007,Q3,2007-11-09,2007-09-30,-6023071.0,0.0,-7374944.0,-0.6110545412961069,-4446432.0,0.0,401721978.0,311100581.0,34178003.0,2168347.0,90621397.0,0.0,-134069091.0,585496731.513694,553499278.513694,31.561875820939495,15.762238700724561,0.0,0.0,-0.023705979514065903,31.561875820939495,-0.019360526363015697,0.0,-24.30225094116,1.882017480107805,0.0,0.0,0.0,0.0,14.756610911445447,-0.014993132887541442,-50.84422125181291,0.0,0.32454058047611734,-1.133395815772276,-1.0,47.71625074785099,0.15172967568354387,0.27977947616920856,0.19164814385111395,-5.400184784829147,0.0,65.91266923697412,Other Precious Metals & Mining,Basic Materials,MUX
2007Q2,2007,Q2,2007-08-14,2007-06-30,-8362815.0,0.0,-9123433.0,-0.9046502626713335,-5241763.0,0.0,453910965.0,312498147.0,36233082.0,4977674.0,141412818.0,0.0,-128046021.0,508433860.0,473043539.0,33.80458981429758,7.27911912270671,0.0,0.0,-0.02919515871561312,33.80458981429758,-0.026761166683013964,0.0,-15.199243914877945,1.6269979994473374,0.0,0.0,0.0,0.0,7.1098109277546095,-0.018423910512935064,-52.92230650529422,0.0,0.4426290111428177,-3.737654166296936,0.0,44.88770424055805,0.2778305445475532,0.041440642394546395,0.017250035681297345,-8.47530858618214,-1.0,55.30095855893828,Other Precious Metals & Mining,Basic Materials,MUX
2007Q1,2007,Q1,2007-05-15,2007-03-31,-8724358.0,0.0,-9283575.0,-1.6230666481694767,-7258356.0,0.0,419351978.0,289006524.0,49523577.0,9162662.0,128877750.0,0.0,-119644576.0,225759702.0,177168985.0,53.7663449254553,5.40493330431702,0.0,0.0,-0.03212237174272232,53.7663449254553,-0.030187408502930543,0.0,-6.4692353867184265,0.7811578052819319,0.0,0.0,0.0,0.0,5.303122280402791,-0.02080438022877288,-24.681213544161785,0.0,-0.04116378335564389,-4.666665060142081,-1.0,77.1796009166613,-0.4164812724522151,-0.04116378335564392,-0.03577168467319093,-16.00000149091456,-1.0,171.60689170951983,Other Precious Metals & Mining,Basic Materials,MUX
