Quarters,Year,Quarter,FillingDate,Date,NetIncome,Revenue,OperatingIncome,EPSDiluted,GrossProfit,GrossProfitRatio,TotalAssets,CommonStockEquity,CurrentAssets,CurrentLiability,TotalLiability,Inventory,RetainedEarnings,MarketCap,EnterpriseValue,bookValuePerShare,currentRatio,debtToAssets,debtToEquity,roic,shareholdersEquityPerShare,roe,priceToSalesRatio,peRatio,pbRatio,payoutRatio,inventoryTurnover,dividendYield,assetTurnover,quickRatio,returnOnAssets,priceToFreeCashFlowsRatio,grossProfitMargin,epsdilutedGrowth,fiveYNetIncomeGrowthPerShare,fiveYRevenueGrowthPerShare,fiveYShareholdersEquityGrowthPerShare,grossProfitGrowth,netIncomeGrowth,operatingIncomeGrowth,threeYNetIncomeGrowthPerShare,threeYRevenueGrowthPerShare,threeYShareholdersEquityGrowthPerShare,Industry,Sector,Symbol
2023Q1,2023,Q1,2023-05-09,2023-03-31,20100000.0,787200000.0,45600000.0,0.39,295600000.0,0.3755081301,5010600000.0,1272100000.0,3341500000.0,1905300000.0,3738500000.0,358400000.0,1368400000.0,5583111744.0,5682211744.0,25.496174271091213,1.753792053744817,0.357661757075001,1.4087728952126406,0.007599788894752923,25.496174271091213,0.01580064460341168,7.092367560975609,69.44168835820896,4.388893753635721,0.0,1.3716517857142858,0.0,0.15710693330140102,0.9959586416837244,0.0040114956292659565,-364.9092643137255,0.3755081300813008,-0.7022900763358778,-0.21442668926948408,0.4761290350784731,0.1640913235918641,-0.11070998796630566,-0.7031019202363368,-0.42351453855878635,9.948138699851766,0.4106296301912525,0.032261408920101806,Software—Infrastructure,Technology,EEFT
2022Q4,2022,Q4,2023-02-22,2022-12-31,67700000.0,865700000.0,79100000.0,1.31,332400000.0,0.3839667321,5403600000.0,1244400000.0,3726700000.0,2354100000.0,4159200000.0,7400000.0,1348266000.0,4702176009.96,4821676009.96,24.977047169486767,1.5830678390892485,0.32687467614183136,1.419398907103825,0.021781125153032977,24.977047169486767,0.054403728704596595,5.4316460782719185,17.364017762038404,3.7786692461909355,0.0,72.06756756756756,0.0,0.1602080094751647,0.8145788199311839,0.012528684580649938,17.114504964403746,0.3839667321242925,-0.30319148936170204,4.129031306435725,0.5175711520422434,0.10051901873789965,-0.17986676535899335,-0.3070624360286592,-0.5305637982195845,-0.3078395699461822,0.35804369822383053,-0.14246873694630874,Software—Infrastructure,Technology,EEFT
2022Q3,2022,Q3,2022-11-04,2022-09-30,97700000.0,931300000.0,168500000.0,1.88,405300000.0,0.4351981102,4827800000.0,1027300000.0,3245900000.0,2170400000.0,3800500000.0,372600000.0,1280509000.0,3737743543.36,4001443543.36,20.82225468311216,1.4955307777368227,0.38876921164919837,1.82702229144359,0.03812659803619365,20.82225468311216,0.09510366981407574,4.013468853602491,9.564338647287615,3.638414818806581,0.0,1.411701556629093,0.0,0.19290359998342932,0.8470328050129009,0.020236960934587184,15.46579971433064,0.43519811016858156,0.7247706422018346,0.039999406662353784,0.5587558496892409,-0.08353828794353538,0.1830122591943958,0.7050610820244329,0.6666666666666666,-0.2194366655745218,0.3009982328607266,-0.21874673948244877,Software—Infrastructure,Technology,EEFT
2022Q2,2022,Q2,2022-08-03,2022-06-30,57300000.0,843300000.0,101100000.0,1.09,342600000.0,0.406261117,5195500000.0,1019100000.0,3509300000.0,2329500000.0,4176400000.0,350800000.0,1182787000.0,5043974196.87,5384774196.87,20.32351177839343,1.5064606138656365,0.43239341738042536,2.20439603571779,0.021697363200632157,20.32351177839343,0.05622608183691492,5.981233483778015,22.0068682236911,4.949439894877834,0.0,1.427309007981756,0.0,0.16231354056394956,0.9019532088430994,0.011028774901356944,34.61391423933407,0.40626111704019924,5.8125,0.16872434518860427,0.6465925268170857,0.00562500583488866,0.3161736457933154,5.987804878048781,1.7547683923705721,-0.08653775818128003,0.3242818896086503,-0.20809380531290314,Software—Infrastructure,Technology,EEFT
2022Q1,2022,Q1,2022-05-05,2022-03-31,8200000.0,718500000.0,36700000.0,0.16,260300000.0,0.3622825331,4898300000.0,1143600000.0,3125800000.0,1771000000.0,3754700000.0,277400000.0,1125569000.0,6612131879.950001,6912031879.950001,22.510068265777768,1.7649915302089214,0.3941775718106282,1.6883525708289613,0.0036578159044373415,22.510068265777768,0.007170339279468346,9.202688768197635,201.58938658384147,5.781857187784191,0.0,1.6517664023071377,0.0,0.14668354327011413,1.0225861095426312,0.001674050180674928,-365.02881086176444,0.36228253305497565,3.6490066225165565,-0.6991027550025314,0.5663285823420231,0.2391020800464144,-0.13530212935587815,3.613129381771829,0.2111012111012111,-0.7572589716538082,0.2722058943192397,-0.09189227137226148,Software—Infrastructure,Technology,EEFT
2021Q4,2021,Q4,2022-02-23,2021-12-31,-3138000.0,811527000.0,30303000.0,-0.0604,301030000.0,0.3709426797,4744276000.0,1255481000.0,3308423000.0,1852641000.0,3488752000.0,0.0,1083882000.0,6095293336.28,5879949336.28,24.54609852481874,1.7857874245469036,0.3348338081511278,1.2652871688221485,-0.0015172603595131483,24.54609852481874,-0.0024994404534994952,7.510894075341917,-485.60335693753984,4.854946698739368,0.0,0.0,0.0,0.17105391844825216,1.0832632981781143,-0.0006614286352648961,80.10952378566641,0.37094267966438577,-1.044087591240876,-1.1109921038588235,0.5964110586318531,0.42720900598978256,-0.09361620127543493,-1.0424731328334371,-0.7353311090537495,-1.0529943194073657,0.2661070913693857,0.03188662075336276,Software—Infrastructure,Technology,EEFT
2021Q3,2021,Q3,2021-10-28,2021-09-30,73882000.0,816560000.0,114494000.0,1.37,332122000.0,0.40673312432644265,4526318000.0,1491376000.0,3038291000.0,1642834000.0,3034861000.0,0.0,1087007000.0,6727444348.88,6382033348.88,28.2161140896843,1.849420574446353,0.30327984025868265,0.9204526558024267,0.028802733234503816,28.2161140896843,0.049539485683020246,8.238763041148232,22.764152123927346,4.510897552917575,0.0,0.0,0.0,0.18040270259402896,1.1387127366489858,0.01632275947028026,61.13024278634452,0.40673312432644265,7.562500000000001,0.20147647641362706,0.5389958837916883,0.5929347556477592,0.3618813302169189,7.556108859293572,2.801135420470768,-0.299772078863266,0.11263138033618673,0.23169336859322065,Software—Infrastructure,Technology,EEFT
2021Q2,2021,Q2,2021-08-03,2021-06-30,8635000.0,714686000.0,30121000.0,0.16,243870000.0,0.34122677651444133,4439083000.0,1439219000.0,2901688000.0,1621459000.0,2999587000.0,0.0,1013125000.0,7149492078.9,6948110078.9,27.246451845845126,1.7895537290797978,0.3059618394159334,0.9436993258149038,0.004160138286741843,27.246451845845126,0.005999781826115414,10.003682846592769,206.99166412565143,4.967619298313877,0.0,0.0,0.0,0.16099856659584874,1.047288275559234,0.0019452215694097182,48.54716253182951,0.34122677651444133,1.9709680551509854,-0.847048952177381,0.47803237279008687,0.6671061737899643,0.11788002970378723,1.9965377957299482,1.882668197913676,-0.8093919243580995,0.10858081098653968,0.29860880913313714,Software—Infrastructure,Technology,EEFT
2021Q1,2021,Q1,2021-05-05,2021-03-31,-8665000.0,652670000.0,10449000.0,-0.164784,218154000.0,0.3342485482709486,4350834000.0,1405458000.0,2813191000.0,1602723000.0,2945107000.0,0.0,1004490000.0,7301753875.500001,7137771875.500001,26.62029489273765,1.7552571467433862,0.303690510830797,0.940125567608566,0.012120489646962404,26.62029489273765,-0.006165250046604025,11.187512641150965,-210.66802872186963,5.195284295581939,0.0,0.0,0.0,0.1500103198605141,0.9962251742815197,-0.0019915721905271497,-383.5357640245825,0.3342485482709486,-1.1257893129770993,-1.2935538947420449,0.4690865088255002,0.6928231233573214,-0.11680330357685068,-1.1233715384067773,-0.7919313407276131,-1.3200371938351485,0.15657582961419475,0.21541584971157454,Software—Infrastructure,Technology,EEFT
2020Q4,2020,Q4,2021-02-22,2020-12-31,70235000.0,706639000.0,50219000.0,1.31,247005000.0,0.34954906253405205,4926711000.0,1445622000.0,3365935000.0,1855441000.0,3480808000.0,0.0,1013155000.0,7642218381.079999,7414636381.079999,27.41344591233645,1.8140889416586137,0.32551675955825293,1.1093681474133625,0.019833272749811663,27.41344591233645,0.048584623089576666,10.814883386113701,27.2023150177262,5.286456889200634,0.0,0.0,0.0,0.1434301707569208,1.0503303527301595,0.014255961025519865,1114.5133996033248,0.34954906253405205,0.7236842105263158,1.109223545403537,0.5101160606191477,0.7630989977233197,-0.03796645024595623,0.7450122984421973,-0.23993522218186222,4.066921192054974,0.1703264964655224,0.2078697049715711,Software—Infrastructure,Technology,EEFT
2020Q3,2020,Q3,2020-11-02,2020-09-30,40249000.0,664351000.0,66072000.0,0.76,256753000.0,0.38647191018001026,4095356000.0,1305701000.0,2654733000.0,1437899000.0,2789598000.0,0.0,942920000.0,4765453298.5,4646158298.5,24.960765251322712,1.8462583255152134,0.31708378954112904,0.9945393317459357,0.017372638711623402,24.960765251322712,0.030825587175011736,7.173095695648836,29.599824209918257,3.6497278461914324,0.0,0.0,0.0,0.16222057374255133,1.0693317124499009,0.00982796123218592,298.53118452045356,0.38647191018001026,1.3431716738875707,0.29602350192409876,0.3924816709053695,0.654828559544375,0.44412009539236863,1.3475613968429416,1.652427644636668,-0.5959107327639547,0.048744701105824004,0.09861232631161276,Software—Infrastructure,Technology,EEFT
2020Q2,2020,Q2,2020-08-06,2020-06-30,-115804000.0,527803000.0,-101271000.0,-2.214635,177792000.0,0.3368529546061694,3961535000.0,1212736000.0,2551757000.0,1436998000.0,2748875000.0,0.0,902671000.0,5010287040.42,4996610040.42,23.193154919575,1.7757554290263453,0.31847579284292576,1.0403360665470474,-0.04165400917142482,23.193154919575,-0.09548986753918412,9.492721792828005,-10.816308245872337,4.131391366645337,0.0,0.0,0.0,0.13323194165897814,0.9673534688287666,-0.02923210321251737,87.03703709580475,0.3368529546061694,-61.84997939277374,-5.299007900522456,0.23554057254661723,0.6317078644763698,-0.20788056190438,-61.283185840707965,-4.204575659768369,-3.265127416123955,-0.011702944933208094,0.14761743962591947,Software—Infrastructure,Technology,EEFT
2020Q1,2020,Q1,2020-05-07,2020-03-31,1921000.0,583907000.0,31602000.0,0.036395,224451000.0,0.38439511771566365,4184385000.0,1289446000.0,2472635000.0,1461590000.0,2895113000.0,0.0,1018475000.0,4475071661.08,4429314661.08,24.699338801945512,1.6917432385279045,0.2921203474345692,0.9479605970315934,0.004519113457762907,24.699338801945512,0.0014897870868574566,7.664014408253369,582.3882952993233,3.470538247495436,0.0,0.0,0.0,0.13954428189566687,0.9311510067802872,0.0004590877751449735,59.27875352461188,0.38439511771566365,-0.9809450261780105,-0.734181526482103,0.4676745237750334,0.8734797914156205,-0.22600167592563855,-0.9819532908704883,-0.705240968912352,-0.9314020358993035,0.23873749967393693,0.3596139169329317,Software—Infrastructure,Technology,EEFT
2019Q4,2019,Q4,2020-03-02,2019-12-31,106446000.0,693747000.0,107213000.0,1.91,289989000.0,0.4180039697468962,4657666000.0,1579274000.0,2918732000.0,1633980000.0,3078324000.0,0.0,1016554000.0,8543037756.24,8321615756.24,29.126689889465776,1.786271557791405,0.26414517485796535,0.7790288448996184,0.032781510849388636,29.126689889465776,0.06740185680255611,12.314341908851498,20.064252663885917,5.409471539606174,0.0,0.0,0.0,0.14894734830707054,1.0120423750596703,0.0228539358554263,78.18640695776324,0.4180039697468962,-0.22357723577235775,2.3667168817064965,0.4290958002590599,1.056567720841408,-0.24067765543787067,-0.2264492358673614,-0.44732718181349557,2.5516471145544353,0.2873723878783033,0.6935430322210064,Software—Infrastructure,Technology,EEFT
2019Q3,2019,Q3,2019-11-07,2019-09-30,137607000.0,786986000.0,193990000.0,2.46,381905000.0,0.48527546868686355,4314124000.0,1445638000.0,2733255000.0,1450721000.0,2868572000.0,0.0,910108000.0,7935384418.500001,7418981418.500001,26.652374761697878,1.8840666123948022,0.2815060485048645,0.8400802967271198,0.0506536171678221,26.652374761697878,0.0951877302616561,10.083259954433752,14.416752815082083,5.489191912844018,0.0,0.0,0.0,0.1824208112701443,1.6501119098710229,0.03189685785573155,28.861295798493543,0.48527546868686355,0.968,2.8084374856520347,0.683052393851223,0.9250556613151807,0.2813196177899455,1.0190894017871555,0.6454193066829521,1.1806374112642146,0.4453820802369248,0.504654182482884,Software—Infrastructure,Technology,EEFT
2019Q2,2019,Q2,2019-08-08,2019-06-30,68153000.0,691867000.0,117897000.0,1.25,298056000.0,0.43079956118733803,4333336000.0,1398183000.0,2701750000.0,1481427000.0,2935113000.0,0.0,772501000.0,9123805625.33,8816285625.33,25.664039396009258,1.8237483183444072,0.2886785146593756,0.894690466126394,0.026719396570709746,25.664039396009258,0.04874397700444076,13.187224748875146,33.46809980972958,6.525473150031147,0.0,0.0,0.0,0.15966151713137408,1.6168019078901628,0.015727605706088797,1230.2866269323085,0.43079956118733803,1.0161290322580645,2.199176981319875,0.6837103283250184,0.7967248978093261,0.3325345589155743,0.972990186144805,1.1017755909722966,0.17045040806446846,0.3872962528123242,0.5702844085366746,Software—Infrastructure,Technology,EEFT
2019Q1,2019,Q1,2019-05-08,2019-03-31,34543000.0,577509000.0,56094000.0,0.62,223676000.0,0.38731171289105454,3814053000.0,1287734000.0,2235529000.0,1744407000.0,2526143000.0,0.0,704348000.0,7530172792.999999,7207294792.999999,24.787883151036745,1.2815409477260753,0.2342439918899921,0.6937915749681223,0.015190007053139354,24.787883151036745,0.02682463925003145,13.039057041535282,54.4985437932432,5.847615107623158,0.0,0.0,0.0,0.15141609201550163,1.1074875301463478,0.009056769793183261,-408.6045250963155,0.38731171289105454,-0.4363636363636364,1.1143578894961501,0.602993850657025,0.911759634249213,-0.11956260750794132,-0.4242065608747833,-0.21173114486867806,0.18931698106932363,0.32108500728079115,0.5762974056535327,Software—Infrastructure,Technology,EEFT
2018Q4,2018,Q4,2019-02-28,2018-12-31,59992000.0,649385000.0,71161000.0,1.1,254051000.0,0.39121784457602193,3321155000.0,1232673000.0,2087587000.0,1378394000.0,2088313000.0,0.0,669805000.0,5305331395.24,4884231395.24,23.7875925815358,1.514506737551092,0.19067372645962022,0.5137266736595999,0.03933493173697462,23.7875925815358,0.04866821938989497,8.169778167404544,22.10849527953727,4.303924394579909,0.0,0.0,0.0,0.1955298683741048,1.2681229024502427,0.01806359534559513,30.437058003155386,0.39121784457602193,-0.4179894179894179,4.8639308602274465,0.6899893570117929,0.8931532294595,-0.2213449638181991,-0.41598278866466126,-0.5284634193210658,0.8333952046333541,0.4122406330280404,0.5299018143458897,Software—Infrastructure,Technology,EEFT
2018Q3,2018,Q3,2018-11-02,2018-09-30,102723000.0,714505000.0,150913000.0,1.89,326269000.0,0.45663641262132526,3460786000.0,1178835000.0,2216488000.0,1513707000.0,2281665000.0,0.0,609813000.0,5920832729.24,5671418729.24,22.908391657504296,1.464278093448732,0.2542364653578696,0.7463792642736261,0.0542649003910084,22.908391657504296,0.08713942154754482,8.286621828034793,14.409705541212777,5.02261362212693,0.0,0.0,0.0,0.2064574348139411,1.2836242416795325,0.029681985537389485,62.640394507463945,0.45663641262132526,1.3048780487804876,1.0938625515675118,0.9336765416698364,0.8845638718414551,0.25145371137500383,1.349350471137133,0.6699642576547268,2.3624272403209754,0.5223853117441183,0.5187619604754437,Software—Infrastructure,Technology,EEFT
2018Q2,2018,Q2,2018-08-03,2018-06-30,43724000.0,622224000.0,90369000.0,0.82,260712000.0,0.4190002314279102,3406961000.0,1069664000.0,2165142000.0,1838464000.0,2336531000.0,0.0,507091000.0,4270751333.6699996,4103492333.6699996,20.981262143164578,1.1776907244308292,0.29237493472922055,0.9312363508541,0.031560823789914136,20.981262143164578,0.040876387351542164,6.863687890004242,24.41880508227747,3.9926101408199206,0.0,0.0,0.0,0.18263314431835292,1.0119191890621737,0.012833724835711357,341.3869970959232,0.4190002314279102,0.673469387755102,1.368044761374668,0.786955846786993,0.9618839114843746,0.25831720489789617,0.655396963616401,0.9873548557353976,0.6647738266972348,0.49390364340298937,0.47609458757796785,Software—Infrastructure,Technology,EEFT
2018Q1,2018,Q1,2018-05-10,2018-03-31,26413000.0,550515000.0,45472000.0,0.49,207191000.0,0.3763585006766392,3157375000.0,1128087000.0,1869942000.0,1318322000.0,2028343000.0,0.0,463367000.0,4064823609.32,3805104609.32,21.90221141106133,1.4184258474029865,0.19824284413476384,0.5548570278710773,0.016925877300500377,21.90221141106133,0.023413974276806665,7.383674576205917,38.47370243175708,3.603289116282698,0.0,0.0,0.0,0.17435844649431886,1.2082692999130713,0.008365493487469813,1190.9825986873718,0.3763585006766392,2.1136363636363633,1.1252868096432256,0.584486061668364,1.0910432085702526,-0.08791924741265082,2.1517463916626696,0.10586346944235026,2.704577888918549,0.4025502659419171,0.6613137215925755,Software—Infrastructure,Technology,EEFT
2017Q4,2017,Q4,2018-03-01,2017-12-31,-22933000.0,604645000.0,41119000.0,-0.44,227163000.0,0.3756964830603081,3140029000.0,1198518000.0,1890186000.0,1407720000.0,1940551000.0,95672000.0,436954000.0,4450143474.66,4081668474.66,22.695697888193713,1.3427286676327679,0.14352383369707733,0.37602188703048267,-0.0168686821111203,22.695697888193713,-0.01913446439686346,7.359927684277551,-48.51244358195613,3.7130384980951474,0.0,3.9455849151266826,0.0,0.19256032348745825,1.1110327337822863,-0.007303435732599922,129.14688823088977,0.3756964830603081,-1.2444444444444445,-0.6458680379946571,0.6078073940644573,1.1429216285974533,-0.16795900651603002,-1.2286668660883437,-0.6482579276481809,-1.7447379001668946,0.27886889724293773,0.6024903569872763,Software—Infrastructure,Technology,EEFT
2017Q3,2017,Q3,2017-10-27,2017-09-30,100290000.0,637834000.0,116901000.0,1.8,273019000.0,0.42804083821182315,3177921000.0,1196683000.0,1925262000.0,1299126000.0,1980407000.0,49108000.0,459887000.0,4992616599.52,4665172599.52,22.72026687987732,1.4819671071166307,0.23121940413245012,0.6140281093656382,0.0520126040195375,22.72026687987732,0.08380665556375415,7.8274544779989785,12.445449694685413,4.172046063594118,0.0,7.428830333143276,0.0,0.20070794711385212,1.2390053004866348,0.0315583678763569,43.48060161220651,0.42804083821182315,0.9354838709677419,5.614145494924816,0.9453243769121993,1.0460907521965377,0.2454280461825497,0.9524968363671761,0.7528752005517986,1.8583926526379857,0.4047409609715291,0.6410462022526858,Software—Infrastructure,Technology,EEFT
2017Q2,2017,Q2,2017-07-31,2017-06-30,51365000.0,536563000.0,66691000.0,0.93,219217000.0,0.4085578021592991,3036685000.0,1061709000.0,1820278000.0,1166248000.0,1973618000.0,48660000.0,359597000.0,4589920305.71,4384740305.71,20.20983135907651,1.5607983893648691,0.2832279278226092,0.8100844958458485,0.025296570448156683,20.20983135907651,0.04837954656125172,8.554298946647458,22.33972698194296,4.3231434467542424,0.0,6.521701602959309,0.0,0.17669366430828354,1.2881977075201845,0.01691482652958736,276.0190213308076,0.4085578021592991,0.823529411764706,7.64657091953193,0.7166817106484586,0.9084909652888998,0.24010454085182692,0.8264409913593855,0.615341762340745,1.5004419471211616,0.35413410351008284,0.41487887479735064,Software—Infrastructure,Technology,EEFT
2017Q1,2017,Q1,2017-05-02,2017-03-31,28123000.0,473380000.0,41286000.0,0.51,176773000.0,0.37342726773416707,2597836000.0,952430000.0,1445246000.0,1007454000.0,1644127000.0,43965000.0,308232000.0,4483643073.12,4316381073.12,18.166435702322914,1.4345528431074768,0.22954682281714472,0.6261090053862226,0.020038665461498743,18.166435702322914,0.029527629327089654,9.47155155080485,39.85743940120186,4.707582786262507,0.0,6.746434663937222,0.0,0.18222089462152347,1.1260663017864836,0.010825548648952436,159.15245893511286,0.37342726773416707,-0.0555555555555556,1.06483740873254,0.5382283435481434,0.654226430126665,-0.11092502062083812,-0.02725606170661686,-0.2894709668536812,0.705703248936351,0.3019862169111928,0.4010820634529309,Software—Infrastructure,Technology,EEFT
2016Q4,2016,Q4,2017-03-01,2016-12-31,28911000.0,519829000.0,58106000.0,0.54,198828000.0,0.38248731794493956,2712872000.0,899549000.0,1584988000.0,1179100000.0,1812315000.0,78115000.0,278842000.0,3788335334.4300003,3651038334.4300003,17.198671268050045,1.3442354338054447,0.22010511369500663,0.6637959688688443,0.02609254834801169,17.198671268050045,0.03213943876320245,7.287656776420708,32.75859823622497,4.211371847926016,0.0,4.109338795365807,0.0,0.19161574891848934,1.0494470358748198,0.010656971652182632,30.33653382472353,0.38248731794493956,-0.5135135135135135,1.55531837394639,0.5777283110868623,0.6755896733161552,-0.11184369220873201,-0.5239655541468394,-0.35771764601848166,1.7997939870107107,0.3403236576707124,0.3687690312467552,Software—Infrastructure,Technology,EEFT
2016Q3,2016,Q3,2016-10-28,2016-09-30,60733000.0,524025000.0,90468000.0,1.11,223866000.0,0.4272048089308716,2437473000.0,924678000.0,1346249000.0,936677000.0,1511443000.0,47901000.0,249931000.0,4271730656.83,4143503656.83,17.713289254091485,1.4372606565550345,0.21869739685321643,0.5764914921734917,0.04601249221581056,17.713289254091485,0.06568016109391593,8.15176882177377,17.58405914753923,4.61969534998129,0.0,6.266236613014342,0.0,0.21498699677904123,1.1088507564507295,0.02491637856091124,67.22899995011016,0.4272048089308716,0.06730769230769236,19.480448626157234,0.6930115661682011,0.719735320815239,0.14739528876314656,0.09080949045386784,0.5253414264036419,0.22031604481070224,0.3979694308090998,0.4571876314504656,Software—Infrastructure,Technology,EEFT
2016Q2,2016,Q2,2016-08-01,2016-06-30,55677000.0,476867000.0,59310000.0,1.04,195108000.0,0.40914552694986234,2420487000.0,851392000.0,1333802000.0,908121000.0,1567807000.0,53944000.0,189198000.0,3604343729.7999997,3543395729.7999997,16.34356124055591,1.4687492085305813,0.25578282386974194,0.7271844226866121,0.03152560414130153,16.34356124055591,0.06539525858828836,7.558383636946989,16.184168192431343,4.233471455921596,0.0,5.223175886104108,0.0,0.19701283254155053,1.1577917480159583,0.023002395798861965,707.427621157998,0.40914552694986234,0.9622641509433962,3.6092889624128754,0.677451186495966,0.44627960371021286,0.1734549041306806,0.9136935450608373,0.4158848385017546,1.9510648107685522,0.3402852321081109,0.5282288374940464,Software—Infrastructure,Technology,EEFT
2016Q1,2016,Q1,2016-04-29,2016-03-31,29094000.0,437894000.0,41889000.0,0.53,166268000.0,0.3796991966092251,2232219000.0,818331000.0,1133907000.0,871971000.0,1412465000.0,63258000.0,133521000.0,3856599469.94,3800828469.94,15.725384728879694,1.3003953113119588,0.22074939779654237,0.6021536517619398,0.024168705234261515,15.725384728879694,0.03555285086352589,8.807153032332026,33.13913066216402,4.7127622807152605,0.0,4.293939106516172,0.0,0.19616982025509147,1.0361697808757402,0.013033667395537803,44.19715410376007,0.3796991966092251,-0.13114754098360648,0.6556467391113497,0.6401907221788589,0.46043910357587914,-0.07874046287933777,-0.1311852360617553,-0.24147109952194698,1.3170219807533499,0.24742707136512954,0.5013305424890354,Software—Infrastructure,Technology,EEFT
2015Q4,2015,Q4,2016-02-29,2015-12-31,33487000.0,470579000.0,55224000.0,0.61,180479000.0,0.38352540168600807,2192714000.0,824562000.0,1131010000.0,903932000.0,1366786000.0,72108000.0,104427000.0,3841093418.86,3803098418.86,15.54844393181284,1.2512113743069169,0.1913259093525193,0.5087828447102826,0.035198036121530205,15.54844393181284,0.04061186423822587,8.162483703820188,28.67600426180309,4.658343967900534,0.0,4.023131968713597,0.0,0.21461029573396256,0.974428386206042,0.015271941529994336,-107.35608649934319,0.38352540168600807,0.0701754385964913,1.532635993052275,0.60028390901102,0.5525129652673788,-0.09334371546267457,0.0687113040148082,-0.2141617098784757,3.393178084917509,0.24603640975471588,0.46807985181408024,Software—Infrastructure,Technology,EEFT
2015Q3,2015,Q3,2015-11-02,2015-09-30,31334000.0,481373000.0,70274000.0,0.57,199060000.0,0.41352547816350316,2165745000.0,796094000.0,1086943000.0,850649000.0,1368111000.0,56391000.0,70940000.0,3910380847.46,3845072847.46,15.083595885120072,1.2777808473295096,0.21402612034196086,0.5822503372717293,0.036207325483776566,15.083595885120072,0.039359673606383164,8.12339048401136,31.199183374768623,4.911958697666356,0.0,5.006348530793921,0.0,0.22226670268198703,1.0097913475475784,0.014468000618724735,72.8447839544718,0.41352547816350316,0.1399999999999999,0.4389426712363055,0.7809780507243358,0.3376908132844294,0.19148375820768665,0.1687866015144168,0.48948707079270876,1.0622351388449482,0.465117045951625,0.3583645919999234,Software—Infrastructure,Technology,EEFT
2015Q2,2015,Q2,2015-07-31,2015-06-30,26809000.0,425148000.0,47180000.0,0.5,167069000.0,0.3929666845427945,2072950000.0,739689000.0,1090465000.0,847819000.0,1331715000.0,59404000.0,39606000.0,3210826969.5,3105100969.5,14.214036363070358,1.2862002384943012,0.20856701801780073,0.5845010538212682,0.028813329664948293,14.214036363070358,0.03624361049035473,7.552257024612605,29.94168907363199,4.340779664832112,0.0,4.344471752743923,0.0,0.2050932246315637,1.0189946203140057,0.012932776960370486,39.41405982397132,0.3929666845427945,2.846153846153846,18.647428871511202,0.6993649785776798,0.43452500206911293,0.16177462536073153,2.7348843689049875,0.4669029630320555,3.5558383000207248,0.37315723726011557,0.3422853212985572,Software—Infrastructure,Technology,EEFT
2015Q1,2015,Q1,2015-04-30,2015-03-31,7178000.0,395162000.0,32163000.0,0.13,143805000.0,0.36391404031764185,1923037000.0,683621000.0,1036098000.0,768069000.0,1237574000.0,67145000.0,12797000.0,3046400175.0,2990013175.0,13.183669722576745,1.3489647414490105,0.22065358076833674,0.6207021141831512,0.014575702394511064,13.183669722576745,0.010499970012623953,7.7092437405418535,106.10198436193926,4.4562706163210315,0.0,3.743495420358925,0.0,0.20548850594138335,1.0141042015756396,0.003732637489554283,74.17941402064868,0.36391404031764185,-0.7636363636363637,1.4933169987866108,0.551587085428298,0.23592284801145294,-0.16519119243473565,-0.7614252002526007,-0.3500980015761078,-0.46714146476176593,0.2982858946909675,0.20049828477682471,Software—Infrastructure,Technology,EEFT
2014Q4,2014,Q4,2015-02-27,2014-12-31,30087000.0,461951000.0,49489000.0,0.55,172261000.0,0.37289885723810534,2051559000.0,730753000.0,1105916000.0,848881000.0,1318747000.0,85675000.0,5619000.0,2832662508.2999997,2788392508.2999997,14.162767213689959,1.3027927353775146,0.20654536379407076,0.5798676160070503,0.03001253023565893,14.162767213689959,0.04117259867561269,6.131954489328955,23.53726284026324,3.8763611073782793,0.0,3.381266413772979,0.0,0.2251707116392948,0.9937659106517874,0.01466543248329685,-402.53836980247263,0.37289885723810534,-0.14062499999999994,2.617013798378377,0.5958672704253859,0.28969102087808035,-0.03553592224312461,-0.14127921911122526,-0.024501300954032957,1.6956793364206084,0.4212650144930128,0.3798151100733312,Software—Infrastructure,Technology,EEFT
2014Q3,2014,Q3,2014-10-28,2014-09-30,35037000.0,453422000.0,50732000.0,0.64,178608000.0,0.393911190899427,1966033000.0,728198000.0,1004419000.0,813170000.0,1235782000.0,68760000.0,-24468000.0,2513586830.58,2439064830.58,13.844989159164996,1.235189443781743,0.1915863060284339,0.5172562956778239,0.033448793681274354,13.844989159164996,0.04811466112238704,5.543592570673677,17.935231545080914,3.4517903517724573,0.0,3.996713205351949,0.0,0.23062786840302274,0.9500448860631848,0.01782116576883501,23.913869570735418,0.393911190899427,0.6842105263157895,0.7782392534612459,0.6393507970428222,0.2605737758504826,0.16870930803206283,0.7089552238805971,0.48652133145804033,11.58154631734628,0.45393487945668837,0.3441725323725777,Software—Infrastructure,Technology,EEFT
2014Q2,2014,Q2,2014-08-06,2014-06-30,20502000.0,395462000.0,34128000.0,0.38,152825000.0,0.386446738245394,1994509000.0,748914000.0,973804000.0,787252000.0,1243285000.0,69139000.0,-59505000.0,2529273659.04,2530136659.04,14.283789035984519,1.2369660540716314,0.20517982119910214,0.5464352382249498,0.02060568464814693,14.283789035984519,0.027375639926613737,6.395743861711113,30.841791764705885,3.377255144168757,0.0,3.5094085827101926,0.0,0.1982753650146477,0.9358388419464161,0.010279221602910792,79.42202031777931,0.386446738245394,0.2666666666666667,0.26517807969781076,0.5257992410683221,0.3907246858835208,0.20356442505335612,0.27961552864810885,0.399721105733738,0.6863537648728093,0.38213902127481647,0.2640055886461927,Software—Infrastructure,Technology,EEFT
2014Q1,2014,Q1,2014-05-02,2014-03-31,16022000.0,353315000.0,24382000.0,0.3,126977000.0,0.35938751538994945,1557160000.0,660584000.0,801589000.0,628285000.0,894331000.0,64811000.0,-80007000.0,2118901742.15,2067307742.15,12.966004045153642,1.2758366028156012,0.15458013306275528,0.36438363629757914,0.01979771116279874,12.966004045153642,0.024254296198515254,5.99720289868814,33.06237895003745,3.207618928327056,0.0,3.492277545478391,0.0,0.22689704333530272,0.9676372983598208,0.010289244522078656,50.43803242442276,0.35938751538994945,0.5789473684210525,2.2860773220053963,0.492429345596055,0.42474674259338324,-0.0891633849089357,0.6030015007503752,0.5136578097839583,-0.0687060164888107,0.35174028974809635,0.2041714496109787,Software—Infrastructure,Technology,EEFT
2013Q4,2013,Q4,2014-02-27,2013-12-31,9995000.0,375402000.0,16108000.0,0.19,139407000.0,0.3713539086099701,1598115000.0,636122000.0,840375000.0,732011000.0,959660000.0,92757000.0,-96029000.0,2422465679.7000003,2414413679.7000003,12.565064576588561,1.1480360267810183,0.12625749711378717,0.31719387161582213,0.012144114442298204,12.565064576588561,0.01571239479219395,6.452990872984162,60.59193796148074,3.8081778018996353,0.0,2.5442284679323395,0.0,0.2349029950910917,0.8201912266345724,0.00625424328036468,440.76886457423586,0.3713539086099701,-0.7934782608695652,1.0491992239757122,0.4583596274227642,0.3767467112544806,0.017353990761079772,-0.7912227931653925,-0.708952931610805,1.1665320241240513,0.33727822090097315,0.25462237572613355,Software—Infrastructure,Technology,EEFT
2013Q3,2013,Q3,2013-10-31,2013-09-30,47874000.0,360580000.0,55345000.0,0.92,137029000.0,0.3800238504631427,1514506000.0,610411000.0,745000000.0,625927000.0,900966000.0,61339000.0,-106024000.0,2002597928.6000001,2004800928.6000001,12.155805382770033,1.1902346439760547,0.16287423093734854,0.404111328268986,0.05247291757434254,12.155805382770033,0.07842912398367657,5.553824196017528,10.457648873083512,3.2807369601792895,0.0,3.644516539232788,0.0,0.23808423340680063,0.8984322452937803,0.03161030725530305,22.801360939563693,0.3800238504631427,1.6285714285714288,6.696507196379406,0.25353722602406453,-0.15597731412734045,0.07686564818307556,1.6433659102203082,0.9908273381294964,1.3107247566957507,0.4021656500109439,0.0780393025940212,Software—Infrastructure,Technology,EEFT
2013Q2,2013,Q2,2013-08-02,2013-06-30,18111000.0,341543000.0,27800000.0,0.35,127248000.0,0.3725680221816872,1492226000.0,534794000.0,736333000.0,634007000.0,954510000.0,83676000.0,-153898000.0,1631718718.89,1733419718.89,10.694446302528682,1.1613956943693051,0.19538997444086886,0.5451931023908271,0.022606434073460885,10.694446302528682,0.033865376200929706,4.777491322878818,22.52386283046215,3.0511163530069525,0.0,2.5610091304555667,0.0,0.22888155011372271,0.8128948103096654,0.012136901514917982,76.70013720456896,0.3725680221816872,0.4583333333333333,1.275091174262924,0.2633636215293167,-0.3171945126759167,0.09172336281819196,0.508495752123938,0.45109092807182377,13.406428363599955,0.42067725821725516,0.07931696615901197,Software—Infrastructure,Technology,EEFT
2013Q1,2013,Q1,2013-05-03,2013-03-31,12006000.0,335644000.0,19158000.0,0.24,116557000.0,0.34726376756325156,1491378000.0,521168000.0,721382000.0,651003000.0,967396000.0,82720000.0,-172009000.0,1301141339.85,1432325339.85,10.474298819504993,1.1081085647838795,0.1920747121118858,0.5496423418168421,0.018637243086518936,10.474298819504993,0.023036717526785988,3.87655176273075,27.093564464642675,2.49658716546296,0.0,2.648537234042553,0.0,0.22505629022286772,0.7839702735624874,0.00805027296902596,94.07427806015471,0.34726376756325156,1.9105705862936362,2.7280559986176462,0.33669617239162636,-0.31708081965260604,-0.07605903988838861,1.9225449515905948,11.158006362672323,3.3460896580448867,0.37342885617316457,-0.01807118197470818,Software—Infrastructure,Technology,EEFT
2012Q4,2012,Q4,2013-02-27,2012-12-31,-13014000.0,351246000.0,-1886000.0,-0.263571,126152000.0,0.35915569145271403,1551536000.0,522376000.0,813179000.0,696706000.0,1024996000.0,101168000.0,-184015000.0,1164013360.0,1269477360.0,10.591006962325586,1.1671766857182226,0.19119827061698857,0.5678878815259507,-0.009076160002239991,10.591006962325586,-0.02491308942217866,3.313954778132705,-22.360791455355773,2.2283055883118674,0.0,2.224952554167326,0.0,0.22638598137587526,0.806686033994253,-0.008387816976209382,42.26934998910596,0.35915569145271403,-1.941325,-1.6581840521952091,0.32208103771778424,-0.28373820579416714,0.08772353377364672,-1.8895420369104579,-1.0779499896672866,-2.6366605334660136,0.26937158257227806,-0.035560891789182925,Software—Infrastructure,Technology,EEFT
2012Q3,2012,Q3,2012-10-31,2012-09-30,14630000.0,316356000.0,24195000.0,0.28,115978000.0,0.3666059755465362,1471638000.0,564306000.0,728041000.0,784884000.0,903041000.0,66199000.0,-171001000.0,973692078.32,1040567078.32,11.104232231872636,0.9275778331575112,0.1757531403782724,0.4583417507522514,0.019798588930594937,11.104232231872636,0.025925650267762525,3.0778366091365426,16.638620613807248,1.7254682358862037,0.0,3.02690372966359,0.0,0.21496862679544834,0.6470472069758079,0.009941303499909624,13.281301792587946,0.3666059755465362,1.5454545454545459,-0.12259268534511146,0.22633452774129836,-0.22100808660507656,0.05638138958720443,1.5456760048721072,0.21864611665155637,-0.2315097965978658,0.18379394271648206,0.011030329567736195,Software—Infrastructure,Technology,EEFT
2012Q2,2012,Q2,2012-08-06,2012-06-30,5747000.0,302377000.0,19854000.0,0.11,109788000.0,0.36308317100837695,1425693000.0,538187000.0,684053000.0,702451000.0,882969000.0,75852000.0,-184615000.0,867549258.66,1007251258.66,10.58942993529824,0.9738088493005206,0.22322898408002284,0.5913483603282874,0.012092793676068133,10.58942993529824,0.010678444481193339,2.869098042046849,37.73922301461632,1.6119847908998175,0.0,2.5390101777144967,0.0,0.21209124264480503,0.6623593674149514,0.00403102210644227,37.73758139371003,0.36308317100837695,-0.576923076923077,-0.37491887555680775,0.19524912822034296,-0.1929896052068275,0.05948428935381765,-0.5636957181901002,0.25325085216513066,-0.6341319153575093,0.20356428021823306,0.031027662432717366,Software—Infrastructure,Technology,EEFT
2012Q1,2012,Q1,2012-05-03,2012-03-31,13172000.0,297622000.0,15842000.0,0.26,103624000.0,0.34817318612199366,1488696000.0,556819000.0,715121000.0,724696000.0,925448000.0,80248000.0,-190378000.0,1059199373.84,1212002373.8400002,10.981831369319798,0.9867875633369027,0.2240020796724113,0.5988858138820694,0.012538461984550437,10.981831369319798,0.02365580197514812,3.558874592066447,20.103237432432433,1.902232815044027,0.0,2.4174808094905793,0.0,0.19992127338288004,0.6581628710521378,0.008848011951399077,92.89592824416769,0.34817318612199366,0.20194662290299056,0.04364853990637778,0.32382456855607405,-0.09056938494496844,-0.10269043928543595,0.20094821298322393,-0.31115749195582226,2.0623917685966884,0.2632210593635047,0.20671938838368697,Software—Infrastructure,Technology,EEFT
2011Q4,2011,Q4,2012-02-29,2011-12-31,10968000.0,319402000.0,22998000.0,0.21631576231899333,115483000.0,0.361560040325358,1506329000.0,520435000.0,753970000.0,774486000.0,979584000.0,98819000.0,-204550000.0,937003562.88,1100866562.88,10.264249978344758,0.9735101731987409,0.22208030251027497,0.6427815193059652,0.01809621373959107,10.264249978344758,0.021074677913668374,2.9336183332602803,21.357666914660832,1.8004238048555534,0.0,2.0635606512917555,0.0,0.2120399992299159,0.6716790232489677,0.00728127786160925,191.1861993225872,0.361560040325358,4.414613454127755,-0.46059050715799116,0.45190128058429035,0.368288194177197,0.0597395685169721,4.449056603773585,0.14292813835602822,1.0539062736202445,0.23891667297270264,0.12464781339123734,Software—Infrastructure,Technology,EEFT
2011Q3,2011,Q3,2011-11-04,2011-09-30,-3180000.0,299507000.0,20122000.0,-0.06335,108973000.0,0.36384124578056604,1382263000.0,520288000.0,649086000.0,504244000.0,855577000.0,83305000.0,-215518000.0,795080191.96,934905191.96,10.300008983762988,1.2872458571643888,0.2320614817874746,0.6165239252106526,-0.019597597359406665,10.300008983762988,-0.006111999507964819,2.6546297480860215,-62.506304399371075,1.5281540069346207,-0.33176100628930816,2.28718564311866,0.0013269101792100443,0.21667873624628597,0.8410015786008361,-0.0023005752161491698,131.48341193319,0.36384124578056604,-1.2754347826086956,-1.2250189125924853,0.3655766467851395,0.4559804307486536,0.043702710468345944,-1.2674741357557406,0.07031914893617021,-1.508222035662551,0.035082546027200234,-0.2848321461850255,Software—Infrastructure,Technology,EEFT
2011Q2,2011,Q2,2011-08-04,2011-06-30,11889000.0,279802000.0,18800000.0,0.23,104410000.0,0.37315673226067003,1444116000.0,579403000.0,733375000.0,535277000.0,857004000.0,67188000.0,-212338000.0,790112522.74,857918522.74,11.30041604585238,1.3700850214001348,0.20310833755737073,0.5062314140589538,0.013789350005085093,11.30041604585238,0.020519396689350936,2.8238272876534123,16.614360390697282,1.3636666063862286,0.0,2.610466154670477,0.0,0.19375313340479575,0.9451181350964081,0.008232718147295646,64.34665060184054,0.37315673226067003,-0.30303030303030304,-0.22831859715715305,0.31388333106831123,0.6872748943507907,0.13849240532554058,-0.3121383938903032,0.09194400882848347,0.45661110865629,0.009428839628673075,-0.2785053225870428,Software—Infrastructure,Technology,EEFT
2011Q1,2011,Q1,2011-05-05,2011-03-31,17284000.0,262593000.0,17217000.0,0.33,91709000.0,0.34924388692767894,1385687000.0,551130000.0,688436000.0,506904000.0,827419000.0,78886000.0,-224227000.0,989391281.8799999,1060604281.8799999,10.767573047295265,1.3581190915834163,0.21069621061610594,0.5297461578937819,0.015082830504040735,10.767573047295265,0.03136102190045906,3.7677747764791896,14.310797296343438,1.7952049096946272,0.0,2.166214537433765,0.0,0.18950383456004133,0.9470116629578776,0.012473235297725966,36.7885506759872,0.34924388692767894,1.2783585675675677,0.320074779844139,0.2760473322282033,0.7138824223298026,-0.10422934166829459,1.284838497033619,1.3459729925247166,3.4183563064418196,0.016607988988268117,-0.2979594828728508,Software—Infrastructure,Technology,EEFT
2010Q4,2010,Q4,2011-02-25,2010-12-31,-60680000.0,283815000.0,-49764000.0,-1.1855212608819636,102380000.0,0.36072793897433186,1409372000.0,512611000.0,728014000.0,571360000.0,890495000.0,97225000.0,-240537000.0,892653075.84,996459075.84,10.01501712363158,1.2741774012881546,0.20650403158286101,0.5677619091279742,-0.06787812306311455,10.01501712363158,-0.11837436184553199,3.1451934388245864,-3.677707135135136,1.7413849407055255,0.0,1.8661352532784778,0.0,0.20137692532560603,0.8330999719966395,-0.04305463710077964,66.47204377392211,0.36072793897433186,-3.8915152704438136,-6.115310001677059,0.40451756975722,0.7741464538528823,0.10342300396620106,-3.894347722394467,-3.456026058631922,-3.957276019837407,0.029418030367330775,-0.32269196314461146,Software—Infrastructure,Technology,EEFT
2010Q3,2010,Q3,2010-11-04,2010-09-30,20965000.0,260223000.0,20262000.0,0.41,92784000.0,0.35655572336034863,1410397000.0,572969000.0,645920000.0,509388000.0,830372000.0,58520000.0,-179837000.0,914140909.6399999,1025671909.6399999,11.275846208501164,1.2680314416515506,0.20578603045809088,0.5065544558257078,0.017482764810085347,11.275846208501164,0.03659011220502331,3.512913576586235,10.900797873121869,1.5954456692072345,0.0,2.861226930963773,0.0,0.18450337032764533,0.8732125609554996,0.01486460904270216,-78.8732450077653,0.35655572336034863,14.666666666666666,0.4378907767417372,0.3196918887023156,1.0337692054032028,0.11262471220260936,15.136884693189481,0.22488211824446863,0.2574651037391825,0.008840967973789778,-0.20896890215471461,Software—Infrastructure,Technology,EEFT
2010Q2,2010,Q2,2010-08-06,2010-06-30,-1483000.0,244228000.0,16542000.0,-0.03,83392000.0,0.34145143063039457,1271619000.0,503365000.0,600549000.0,451230000.0,762511000.0,68005000.0,-200787000.0,649746964.3,735051964.3,9.90853163421236,1.3309154976397846,0.22639800128812168,0.5719348782692479,-0.007542153737770476,9.90853163421236,-0.002946172260685586,2.6604114364446336,-109.5325293830074,1.2908067988437815,-1.1301416048550237,2.365061392544666,0.0025794656875474994,0.19206067226110965,0.9500520798705759,-0.0011662298219828424,24.543760219846636,0.34145143063039457,-1.5999999999999999,-1.2617457545819026,0.277082985947374,0.885405817696908,-0.008913503363361936,-1.524769992922859,-0.09254484612430743,-1.1613701660503961,-0.034189234546718725,-0.24488021783949324,Software—Infrastructure,Technology,EEFT
2010Q1,2010,Q1,2010-05-07,2010-03-31,2826000.0,250003000.0,18229000.0,0.05,84142000.0,0.33656396123246524,1332565000.0,542963000.0,612242000.0,466804000.0,781782000.0,67657000.0,-199340000.0,938103199.97,1040365199.97,10.667065297634643,1.3115611691416527,0.2157800932787519,0.5295775218569221,0.008256517073139307,10.667065297634643,0.005204774542648394,3.7523677714667425,82.98860580060156,1.7277479312034154,0.0,2.4514979972508386,0.0,0.18761036047022098,0.9212324658743284,0.0021207220660905846,20.1655889933362,0.33656396123246524,-0.6898557214233487,-0.6101951896409795,0.41989990395568405,1.0177131072404921,-0.15253759303836353,-0.6556178406044357,-0.1883070620714222,-0.7769569482947125,0.10770628380635057,-0.11663588446988479,Software—Infrastructure,Technology,EEFT
2009Q4,2009,Q4,2010-03-01,2009-12-31,8206000.0,285563000.0,22458000.0,0.16121529060431353,99287000.0,0.34768860111429,1412679000.0,558969000.0,658586000.0,491578000.0,846176000.0,87661000.0,-203139000.0,1117274294.05,1259666294.05,10.98151959222551,1.3397385562413289,0.23071058605670502,0.583073479924647,0.01499284881976454,10.98151959222551,0.014680599460792995,3.912531714717943,34.03833457378747,1.9988126247609437,0.0,2.12495864751714,0.0,0.20214287888472895,0.948848402491568,0.0058088213953771525,-39.36975559568695,0.34768860111429,-0.5521797483213513,0.13850154223468478,0.6810565798387702,1.6219525981137384,0.08715932856657943,-0.5650145772594752,0.016889291374235907,-0.5979901916948087,0.29305020087416794,0.4639046831350525,Software—Infrastructure,Technology,EEFT
2009Q3,2009,Q3,2009-11-05,2009-09-30,18865000.0,264820000.0,22085000.0,0.36,91327000.0,0.34486443622082924,1421604000.0,553097000.0,655713000.0,543577000.0,861320000.0,57143000.0,-210300000.0,1210126361.49,1322082361.49,10.983085182637623,1.2062927607312304,0.23365578599947665,0.6005565027472577,0.0172114685074775,10.983085182637623,0.03410794128335536,4.5696184634468695,16.036659972038166,2.187909826829652,0.0,3.0361199097002256,0.0,0.18628253719038496,0.8485587138528672,0.013270221524418896,21.031411068840264,0.34486443622082924,0.2,0.9866497968822546,0.6642182779778619,1.700467766507772,0.09293809312957002,0.2136515697375193,0.22531069684864624,0.33899195017863654,0.2111254777890943,0.5525381696631977,Software—Infrastructure,Technology,EEFT
2009Q2,2009,Q2,2009-08-10,2009-06-30,15544000.0,248614000.0,18024000.0,0.3,83561000.0,0.3361073793108996,1408695000.0,516546000.0,620548000.0,531210000.0,885404000.0,53933000.0,-229182000.0,975179466.73,1147415466.73,10.270752493984887,1.1681783098962746,0.23621294886401953,0.6441865777684853,0.01498144968648108,10.270752493984887,0.030092189272591406,3.9224640073768975,15.684178247716162,1.887885041661343,0.0,3.0603341182578383,0.0,0.17648532861975091,0.7597579111839009,0.011034326096138625,40.38511892698886,0.3361073793108996,2.2500000000000004,1.18514463610737,0.7590898881389566,1.9210060653333596,0.04257071204880909,2.263945356968613,0.8585275314497834,0.028572862467858787,0.19017585826072383,0.5335349387912129,Software—Infrastructure,Technology,EEFT
2009Q1,2009,Q1,2009-05-08,2009-03-31,-12298000.0,233697000.0,9698000.0,-0.24,80149000.0,0.34296118478200405,1336510000.0,457694000.0,593499000.0,513432000.0,872896000.0,52699000.0,-245754000.0,656825365.4200001,847489365.4200001,9.10056760091438,1.1559447015378863,0.26138150855586567,0.7632588585386743,0.021507791468922257,9.10056760091438,-0.026869480482593175,2.810585353770053,-13.352280155716377,1.4350753241685494,-0.19621076597820783,2.9136795764625516,0.0036737314468009816,0.17485615521021167,0.7478341825207623,-0.00920157724222041,84.99293030797102,0.34296118478200405,0.940191572125104,-3.2414002265496342,0.726735465498933,1.8336653173339612,-0.10186129382893129,0.9390633051888849,1.0489012595931786,-1.9559127427398537,0.15575628131966449,0.4485439546982395,Software—Infrastructure,Technology,EEFT
2008Q4,2008,Q4,2009-03-02,2008-12-31,-201816000.0,255719000.0,-198318000.0,-4.012812383265099,89239000.0,0.3489728960304084,1440124000.0,459005000.0,682349000.0,586652000.0,981119000.0,61279000.0,-201002000.0,583900650.27,801180650.27,9.126634895055878,1.163123964462748,0.27679630365163,0.8684458774958879,-0.23064801073946642,9.126634895055878,-0.43968148495114434,2.283368268568233,-0.7233081746120229,1.2721008491628631,0.0,2.716754516229051,0.0,0.17756734836722393,0.7541523765366861,-0.14013793256691784,20.47768290208319,0.3489728960304084,-37.48011257513727,-189.85483244312164,1.18457261742958,2.35776588692151,0.006031295093795094,-34.24810543657331,-11.566815856777493,-18.314560266678566,0.2879064406276332,0.6167707688154132,Software—Infrastructure,Technology,EEFT
2008Q3,2008,Q3,2008-11-10,2008-09-30,6070000.0,280703000.0,18768000.0,0.11,88704000.0,0.3160065977207226,1697013000.0,705750000.0,673049000.0,485391000.0,980644000.0,67830000.0,814000.0,819817546.66,1065321546.66,14.402225895387863,1.3866120303013447,0.24712067615274602,0.5942146652497343,0.16252684764528733,14.402225895387863,0.008600779312787814,2.920587049871216,33.76513783607908,1.1616259959759123,0.0,2.8305911838419577,0.0,0.16541004694719486,0.906180790331918,0.003576873011579758,-49.02335386354123,0.3160065977207226,-0.26666666666666666,1.4036361359420366,1.8825051438011289,8.077638802855093,0.043269626580417525,-0.22049569795813537,0.08498092265001735,-0.5683016035111849,0.4761640871293354,1.5976590114555906,Software—Infrastructure,Technology,EEFT
2008Q2,2008,Q2,2008-08-07,2008-06-30,7787000.0,264450000.0,17298000.0,0.15,85025000.0,0.3215163546984307,1854873000.0,766154000.0,738083000.0,500664000.0,1077523000.0,55382000.0,-4954000.0,826687700.8,1047874700.8,15.662507846034233,1.474208251442085,0.25704940446057495,0.6223213609796464,0.010419470066680798,15.662507846034233,0.01016375297916607,3.12606428738892,26.540635058430716,1.0790098345763384,0.0,3.2397710447437795,0.0,0.14257040778533087,1.1068181455027724,0.004198131084985333,25.954842887193493,0.3215163546984307,2.0714285714285716,2.5224984208188403,1.9825725732767436,9.641475483436452,0.048267784490198494,2.1391164423639557,0.42887824219395343,0.42734057888860166,0.4361049535329832,1.980278461308439,Software—Infrastructure,Technology,EEFT
2008Q1,2008,Q1,2008-05-09,2008-03-31,-6836000.0,247063000.0,12106000.0,-0.14,81110000.0,0.3282968311726159,1822821000.0,750879000.0,711306000.0,474246000.0,1061619000.0,50654000.0,-12741000.0,942910760.7,1193114760.7,15.337537912138922,1.4998671575511444,0.2673334353729741,0.648974069057731,0.02984480044462688,15.337537912138922,-0.009103996782437649,3.816479038544825,-34.483278258484496,1.25574261725258,0.0,3.2762072096971613,0.0,0.13553881593420308,1.0761693298414747,-0.0037502310978423004,205.3377092116725,0.3282968311726159,-1.3492292010598186,-1.2283176496073651,2.8444098820749413,8.63383674811329,-0.05632278856557806,-1.348313461734434,-0.6101880473982483,-1.9803655994439409,0.4589190432714804,1.9011495115702466,Software—Infrastructure,Technology,EEFT
2007Q4,2007,Q4,2008-02-29,2007-12-31,19626000.0,263707000.0,31056000.0,0.4008828573760066,85951000.0,0.3259337067275423,1886156000.0,723902000.0,802484000.0,523174000.0,1153279000.0,50265000.0,-5905000.0,1468708350.0,1747409350.0,14.78650271171945,1.5338759189103435,0.2896324588210095,0.7546491099623982,0.014895707369051618,14.78650271171945,0.027111404582388223,5.569470472911224,18.70870719963314,2.028877320410774,0.0,3.5363772008355716,0.0,0.13981187134044057,1.0665075099297747,0.01040528991239325,538.5802530253026,0.3259337067275423,0.2931705076645374,4.3077175133036905,5.2898245196899465,59.41909254883181,0.058014722174351906,0.23271151309591107,0.684713030270153,1.8310326499874754,0.6140352900205404,2.5304320933376068,Software—Infrastructure,Technology,EEFT
2007Q3,2007,Q3,2007-11-09,2007-09-30,15921000.0,246317000.0,18434000.0,0.31,81238000.0,0.32981077229748657,1804903000.0,691686000.0,765461000.0,511689000.0,1104046000.0,41071000.0,-25531000.0,1462987836.45,1724197836.45,14.254618104415615,1.4959496881895058,0.2840291140299506,0.7411527774163421,0.010810828996831846,14.254618104415615,0.02301766986754105,5.939451342984853,22.972612217354435,2.1151040160564185,0.0,4.019356723722335,0.0,0.13647104581243424,1.101274406915138,0.008820972650607817,28.40201585032033,0.32981077229748657,0.8235294117647057,3.813699616542518,5.638348945878099,44.24736080067173,0.05886186491488751,0.8474123926665119,0.15580914163897422,0.7400366750935499,0.6064878483498497,2.5048564292030733,Software—Infrastructure,Technology,EEFT
2007Q2,2007,Q2,2007-08-06,2007-06-30,8618000.0,237133000.0,15949000.0,0.17,76722000.0,0.3235399543715974,1745296000.0,625109000.0,763021000.0,498130000.0,1112115000.0,51447000.0,-40295000.0,1389152161.08,1662796161.08,13.121801160953062,1.5317708228775622,0.3185345064676708,0.8893440983892409,0.008666635477172415,13.121801160953062,0.013786395652598187,5.8581140586928,40.297985642840565,2.2222558962996857,0.0,3.117985499640407,0.0,0.13586978942253922,1.0969586252584667,0.0049378443541955065,-76.79116423880596,0.3235399543715974,-0.2916666666666666,2.130701280569907,5.5544620858760405,31.809846030431512,0.5420577653608828,-0.0991951499947737,0.321156394963552,0.27899348007279723,0.771327587755275,2.73184543213262,Software—Infrastructure,Technology,EEFT
2007Q1,2007,Q1,2007-05-04,2007-03-31,9567000.0,170417000.0,12072000.0,0.24,49753000.0,0.29194857320572476,1273270000.0,464112000.0,826418000.0,411604000.0,801950000.0,48896000.0,-48913000.0,1032342021.0799999,953490021.0799999,12.075502174132618,2.0077987580295624,0.26752927501629664,0.7339543041334851,0.010465678996902861,12.075502174132618,0.02061355879615265,6.057740842052143,26.976638995505382,2.2243381362257386,0.0,2.46776832460733,0.0,0.1338419973768329,1.5194191504455739,0.007513724504621957,251.422801042377,0.29194857320572476,-0.4015309985077532,0.585863420833405,4.848734533241537,27.05951720373569,-0.022169375601894616,-0.37929020956335563,-0.17269736842105263,1.2816542732198875,0.6476870544465229,2.7599777509253816,Software—Infrastructure,Technology,EEFT
