Quarters,Year,Quarter,FillingDate,Date,NetIncome,Revenue,OperatingIncome,EPSDiluted,GrossProfit,GrossProfitRatio,TotalAssets,CommonStockEquity,CurrentAssets,CurrentLiability,TotalLiability,Inventory,RetainedEarnings,MarketCap,EnterpriseValue,bookValuePerShare,currentRatio,debtToAssets,debtToEquity,roic,shareholdersEquityPerShare,roe,priceToSalesRatio,peRatio,pbRatio,payoutRatio,inventoryTurnover,dividendYield,assetTurnover,quickRatio,returnOnAssets,priceToFreeCashFlowsRatio,grossProfitMargin,epsdilutedGrowth,fiveYNetIncomeGrowthPerShare,fiveYRevenueGrowthPerShare,fiveYShareholdersEquityGrowthPerShare,grossProfitGrowth,netIncomeGrowth,operatingIncomeGrowth,threeYNetIncomeGrowthPerShare,threeYRevenueGrowthPerShare,threeYShareholdersEquityGrowthPerShare,Industry,Sector,Symbol
2023Q1,2023,Q1,2023-05-04,2023-03-31,12100000.0,347900000.0,17600000.0,0.53,89200000.0,0.256395516,1008400000.0,635600000.0,680400000.0,272000000.0,372800000.0,420100000.0,537000000.0,934560000.0,957060000.0,28.054378531073446,2.501470588235294,0.0646568821896073,0.10258023914411579,0.018417047184170473,28.054378531073446,0.019037130270610447,2.686289163552745,19.30909090909091,1.4703587161736942,0.2396694214876033,0.6158057605332063,0.00310306454374251,0.3450019833399445,0.8025735294117647,0.011999206664022214,-34.358823529411765,0.25639551595286003,10.249563699825481,-0.3927194394801156,0.08732563211197965,-0.08555553210166952,0.2563380281690141,10.307692307692308,1.1204819277108433,-0.4167449287600287,0.198538716289818,0.033131108444504294,Farm & Heavy Construction Machinery,Industrials,ASTE
2022Q4,2022,Q4,2023-03-01,2022-12-31,-1300000.0,349900000.0,8300000.0,-0.0573,71000000.0,0.2029151186,1014400000.0,626900000.0,696400000.0,274000000.0,387500000.0,393400000.0,527800000.0,922656719.9999999,944356719.9999999,27.62647629120395,2.5416058394160586,0.08645504731861199,0.13989472005104484,-0.005206674580425992,27.62647629120395,-0.0020736959642686232,2.6369154615604455,-177.43398461538462,1.4717765512840961,-2.230769230769231,0.7089476359938993,0.0031430974674958208,0.34493296529968454,0.864963503649635,-0.0012815457413249212,-30.551547019867545,0.2029151186053158,-3.628440366972477,-1.1208144588102622,0.13696057658035887,-0.07197518869765629,0.0856269113149847,-3.6,3.611111111111111,0.9296809498199563,0.22665259826470185,0.034061253224303346,Farm & Heavy Construction Machinery,Industrials,ASTE
2022Q3,2022,Q3,2022-11-03,2022-09-30,500000.0,315200000.0,1800000.0,0.0218,65400000.0,0.2074873096,944600000.0,628100000.0,649600000.0,283900000.0,316500000.0,396400000.0,535900000.0,712295823.6600001,701795823.6600001,27.50323439963211,2.2881296231067276,0.010904086385771755,0.01639866263333864,0.0011748120300751877,27.50323439963211,0.0007960515841426524,2.259821775571066,356.14791183,1.134048437605477,5.6,0.6301715438950555,0.00393095102764006,0.33368621638788903,0.6537513208876365,0.0005293245818335803,-30.054676103797473,0.20748730964467005,1.1282352941176472,1.1890501582310355,0.2610220233369394,-0.06031241470759515,0.07920792079207921,1.1282051282051282,3.5714285714285716,-0.8361732852538679,0.21522025017941057,0.003881872723744884,Farm & Heavy Construction Machinery,Industrials,ASTE
2022Q2,2022,Q2,2022-08-03,2022-06-30,-3900000.0,318200000.0,-700000.0,-0.17,60600000.0,0.1904462602,949900000.0,643900000.0,661500000.0,273400000.0,306000000.0,371100000.0,544000000.0,931844001.7,887344001.7,28.178795970243996,2.4195318215069497,0.006421728603010843,0.00947352073303308,-0.0008936170212765957,28.178795970243996,-0.006056841124398199,2.928485234758014,-59.73358985256411,1.4471874541077807,-0.6923076923076923,0.694152519536513,0.0028974806889074597,0.3349826297505,0.7918800292611559,-0.004105695336351195,-23.590987384810127,0.19044626021370206,-1.9444444444444444,-1.2725347304386119,0.062054059822123905,-0.04183563183691329,-0.0832072617246596,-1.951219512195122,-1.1296296296296295,-1.1643372589064431,0.02835383397551014,0.02306129480873082,Farm & Heavy Construction Machinery,Industrials,ASTE
2022Q1,2022,Q1,2022-05-05,2022-03-31,4100000.0,291200000.0,5400000.0,0.18,66100000.0,0.2269917582,943400000.0,657400000.0,675700000.0,256500000.0,286000000.0,352900000.0,550600000.0,979646468.0,873246468.0,28.855511578284993,2.634307992202729,0.0056179775280898875,0.008062062671128689,0.006681756450882753,28.855511578284993,0.006236689990873136,3.3641705631868133,59.73454073170732,1.4901832491633709,0.6829268292682927,0.6378577500708416,0.0028581739346402665,0.3086707653169387,0.9968810916179337,0.004345982616069536,-46.20973905660377,0.22699175824175824,1.4500000000000002,-0.7260922114414772,-0.07617595101389904,0.001548792204023271,0.22634508348794063,1.4505494505494505,1.5142857142857142,-0.7163510662967402,-0.11730647125105222,0.08448161432940783,Farm & Heavy Construction Machinery,Industrials,ASTE
2021Q4,2021,Q4,2022-02-28,2021-12-31,-9100000.0,267800000.0,-10500000.0,-0.4,53900000.0,0.2012696042,911300000.0,654800000.0,641700000.0,225300000.0,256500000.0,303000000.0,573200000.0,1577139360.0,1442939360.0,28.75966268446943,2.848202396804261,0.0002194666959288928,0.00030543677458766036,-0.013383290146368793,28.75966268446943,-0.013897373243738546,5.889243315907393,-43.32800439560439,2.4085817959682347,-0.2967032967032967,0.7059405940594059,0.0017119603178250525,0.29386590584878747,1.2898357745228584,-0.009985734664764621,-54.19722886597938,0.20126960418222553,-1.9756097560975612,-1.7422514129989892,-0.17151564441535055,0.021147154451269325,-0.1348314606741573,-1.978494623655914,-2.5671641791044775,0.8081198431184224,-0.16211705449615668,0.11096976075248659,Farm & Heavy Construction Machinery,Industrials,ASTE
2021Q3,2021,Q3,2021-11-05,2021-09-30,9300000.0,267000000.0,6700000.0,0.41,62300000.0,0.23333333333333334,910700000.0,662700000.0,644800000.0,212000000.0,247600000.0,282800000.0,564700000.0,1224769410.0,1061069410.0,29.11559246078819,3.0415094339622644,0.000988250796090919,0.001358080579447714,0.014445680901377104,29.11559246078819,0.01403349932095971,4.587151348314607,32.92390887096774,1.848150611136261,0.26881720430107525,0.7238330975954739,0.0020412005554580268,0.29318106950697265,1.525,0.010211924892939497,-177.50281304347826,0.23333333333333334,0.05128205128205118,0.37438760972311697,0.08905414298340229,0.040075141159881554,-0.07014925373134329,0.03333333333333333,-0.4017857142857143,0.3389838700240892,0.04788282694908726,0.03390184526661373,Farm & Heavy Construction Machinery,Industrials,ASTE
2021Q2,2021,Q2,2021-08-05,2021-06-30,9000000.0,278000000.0,11200000.0,0.39,67000000.0,0.24100719424460432,902300000.0,658800000.0,634500000.0,207800000.0,243000000.0,257500000.0,557900000.0,1431381480.0,1258481480.0,28.968428458358982,3.053416746871992,0.0017732461487310208,0.0024286581663630845,0.0135075014874332,28.968428458358982,0.01366120218579235,5.148854244604316,39.760596666666665,2.172710200364299,0.2777777777777778,0.8194174757281554,0.0017465644448606391,0.3081015183420148,1.6270452358036573,0.009974509586611991,119.28179,0.24100719424460432,0.026315789473684233,-0.4996863404545517,-0.045015903004770874,0.043897926938019416,-0.021897810218978103,0.034482758620689655,0.14285714285714285,1.2243753305565621,0.03438722309716326,0.018137788700912143,Farm & Heavy Construction Machinery,Industrials,ASTE
2021Q1,2021,Q1,2021-05-06,2021-03-31,8700000.0,284400000.0,9800000.0,0.38,68500000.0,0.24085794655414908,868300000.0,646600000.0,592000000.0,185100000.0,221300000.0,244200000.0,551400000.0,1707015326.94,1544115326.94,28.56832696834602,3.198271204754187,0.0019578486698145804,0.002629137024435509,0.013699290451951257,28.56832696834602,0.013454995360346427,6.002163596835444,49.052164567241384,2.6399865866687287,0.28735632183908044,0.8841113841113841,0.0014645445536107203,0.327536565703098,1.716909778498109,0.010019578486698147,151.06330326902656,0.24085794655414908,-0.4328358208955224,-0.5024831921356842,0.03532203621194485,0.05067281973650584,0.22262480589715672,-0.43322475570032576,-0.449623722340784,-0.5629253634735525,-0.11025176978883926,-0.06880316295799578,Farm & Heavy Construction Machinery,Industrials,ASTE
2020Q4,2020,Q4,2021-03-01,2020-12-31,15350000.0,238849000.0,17806000.0,0.67,56027000.0,0.23457079577473633,848200000.0,642500000.0,565800000.0,170300000.0,205200000.0,249700000.0,545200000.0,1308261640.0,1151661640.0,28.425430252621332,3.3223722842043455,0.002357934449422306,0.0031128404669260703,0.02273802221815831,28.425430252621332,0.023891050583657588,5.477358665935382,21.307192833876222,2.036204887159533,0.16566775244299675,0.7321665999199038,0.0019438007828464648,0.2815951426550342,1.6647093364650616,0.0180971468993162,38.79319297829439,0.23457079577473633,8.571428571428571,3.3335970541872912,0.12774907525188217,0.07269920010607575,0.11083133413961972,8.314320388349515,23.037128712871286,0.432157000418593,-0.2208311518032865,-0.04513683655067265,Farm & Heavy Construction Machinery,Industrials,ASTE
2020Q3,2020,Q3,2020-11-06,2020-09-30,1648000.0,231404000.0,-808000.0,0.07,50437000.0,0.21796079583758277,819655000.0,622901000.0,533158000.0,161239000.0,196372000.0,261481000.0,532429000.0,1226863750.0,1119265750.0,27.543709927039576,3.306631770229287,0.0011358437391341479,0.0014946195302303256,-0.004910195499191586,27.543709927039576,0.0026456852694087827,5.301826027207827,186.11403974514565,1.9695966935355698,1.5091019417475728,0.69208470213897,0.002027119963402619,0.2823187804625117,1.520153312784128,0.002010602021582251,82.4006817113305,0.21796079583758277,-0.8292682926829268,-0.27054886041056786,0.1107650918699007,0.03529426476111904,-0.15395454164220415,-0.8219917908835601,-1.0744083248917948,1.629234721737607,-0.06512024406240215,-0.058929510062261256,Farm & Heavy Construction Machinery,Industrials,ASTE
2020Q2,2020,Q2,2020-08-10,2020-06-30,9258000.0,265299000.0,10859000.0,0.41,59615000.0,0.2247087248726908,793838000.0,621539000.0,530405000.0,144027000.0,172014000.0,263171000.0,533268000.0,1045865040.0,927472040.0,27.52120970598654,3.6826775535142717,0.001768622817249867,0.0022589089341135474,0.014517375217644245,27.52120970598654,0.014895284125372664,3.942212522474642,28.24219701879456,1.6827021956787909,0.2684165046446317,0.7815602782981408,0.00237602358331052,0.3341979093971314,1.6761440563227727,0.011662329089814294,13.460296525096526,0.2247087248726908,-0.5494505494505494,-0.20332425470394078,0.00545623942656029,0.02428797422981603,-0.19462044554923602,-0.551540399147452,-0.28290299148121245,-0.3454097214136111,-0.10406358537444035,-0.06419555552103069,Farm & Heavy Construction Machinery,Industrials,ASTE
2020Q1,2020,Q1,2020-05-11,2020-03-31,20644000.0,288848000.0,15143000.0,0.91,74021000.0,0.25626280950534536,804920000.0,612203000.0,534182000.0,168890000.0,192443000.0,294848000.0,0.0,788398650.0,745715650.0,27.154712796628964,3.1628989282965243,0.0014548029617850221,0.0019127642301654843,0.03296512787761747,27.154712796628964,0.033720840962883226,2.7294585733673076,9.547551952141058,1.2878059238520556,0.12037395853516761,0.7286025341871066,0.0031519587203757897,0.35885305371962434,1.1064361418674877,0.025647269293842867,-3701.4021126760563,0.25626280950534536,2.070588235294118,0.3884626965128921,0.01627554562668445,0.029329132770616755,1.7033709506592163,2.1246458923512748,1.5619758034587694,0.3936863838460645,-0.07398517496055214,-0.05748440015260009,Farm & Heavy Construction Machinery,Industrials,ASTE
2019Q4,2019,Q4,2020-03-17,2019-12-31,-18356000.0,283224000.0,-26946000.0,-0.85,27381000.0,0.09667612914159816,800498000.0,601949000.0,506304000.0,172767000.0,198011000.0,294536000.0,508343000.0,946302000.0,899474000.0,26.71647951710976,2.9305596554897635,0.002534672166576306,0.003370717452807464,-0.03060112329401534,26.71647951710976,-0.0304942777544277,3.341178713668333,-12.888183700152538,1.572063414010157,-0.13510568751361954,0.8686306597495722,0.002620727843753897,0.35380975342849075,1.0143777457500565,-0.022930725623299494,41.462647329448366,0.09667612914159816,-7.538461538461538,-3.1889544496863147,0.19863185570276354,0.025177781008580313,-0.4720208252988816,-7.098338870431894,-9.062836624775583,-2.5129762296822356,-0.11458228568674583,-0.051398573927482955,Farm & Heavy Construction Machinery,Industrials,ASTE
2019Q3,2019,Q3,2019-11-08,2019-09-30,3010000.0,255807000.0,3342000.0,0.13,51860000.0,0.20273096514168884,815669000.0,617060000.0,529884000.0,173081000.0,198085000.0,356889000.0,0.0,700465300.0,675097300.0,27.396883186076455,3.0614798851404834,0.001129134489603013,0.0014925615013126762,0.004455099739175232,27.396883186076455,0.004877969727417107,2.738256967166653,58.17818106312293,1.1351656240884194,0.8239202657807309,0.5714577921986949,0.0035405037194561955,0.31361618499661015,0.8173340805749909,0.003690222381873039,21.864260074289103,0.20273096514168884,-0.8737864077669902,0.5923944875834186,0.1777675937438335,0.05330749447324675,-0.3785500299580587,-0.8712409633400351,-0.890357927889505,-0.5504708280588079,0.054425102639437,-0.021321060683376875,Farm & Heavy Construction Machinery,Industrials,ASTE
2019Q2,2019,Q2,2019-08-07,2019-06-30,23377000.0,304802000.0,30481000.0,1.03,83450000.0,0.2737842927539846,848555000.0,619979000.0,557535000.0,173936000.0,227947000.0,360883000.0,528655000.0,724789800.0000001,730753800.0000001,27.543604780310098,3.2054031367859444,0.03637831372156195,0.049790396126320406,0.03580051683778817,27.543604780310098,0.03770611585231113,2.377903688296009,7.751099371176798,1.1690554034894731,0.10600162552936647,0.6133622254304026,0.0034189222861580005,0.35920123032684975,0.9504185447520928,0.027549186558325625,27.93024277456648,0.2737842927539846,0.634920634920635,0.634963786744697,0.1146393193050596,0.04976469360645197,0.09047905287091969,0.6377329410116296,0.6768071294971945,0.3129889815792632,0.057892674849943704,-0.007446607885658479,Farm & Heavy Construction Machinery,Industrials,ASTE
2019Q1,2019,Q1,2019-05-09,2019-03-31,14274000.0,325780000.0,18178000.0,0.63,76526000.0,0.23490085333660754,872305000.0,598619000.0,576073000.0,190793000.0,273039000.0,366835000.0,507759000.0,874947220.0,905073220.0,26.607654013690105,3.019361297322229,0.06732966107038249,0.09811248891197907,0.021700315848811626,26.607654013690105,0.02384488297230793,2.685699613235926,15.324142146560181,1.4616095045429565,0.17360235393022277,0.6794716970845203,0.0028321708365448605,0.37347028848854474,0.8774221276461924,0.01636354256825308,105.87454259438529,0.23490085333660754,1.3028846153846154,0.5145860075519895,0.38243686842749447,0.03735833531117011,47.89093137254902,1.303456779624984,1.261844057444939,-0.17881467976159876,0.19310115128142438,-0.021435910471320662,Farm & Heavy Construction Machinery,Industrials,ASTE
2018Q4,2018,Q4,2019-03-18,2018-12-31,-47038000.0,317004000.0,-69423000.0,-2.08,-1632000.0,-0.005148200022712647,855457000.0,584580000.0,560991000.0,189231000.0,270167000.0,355944000.0,495245000.0,681750580.0,716051580.0,25.886989637764593,2.964582970020768,0.07028056348828755,0.10284648807690992,-0.07241815193981155,25.886989637764593,-0.08046460706832255,2.150605607500221,-3.6234033122156553,1.1662228950699647,-0.05263829244440665,0.8951857595576832,0.0036318267598686896,0.37056684321947214,0.8547489576232224,-0.054985814599681805,-35.55784592917123,-0.005148200022712647,-7.933333333333334,-6.736654551202197,0.42754436595920814,0.021566712956876313,-1.028000823553634,-7.724517512508935,-10.60207468879668,-14.292071761408604,0.49815751292193833,-0.023094713754647313,Farm & Heavy Construction Machinery,Industrials,ASTE
2018Q3,2018,Q3,2018-11-02,2018-09-30,6995000.0,256613000.0,7230000.0,0.3,58284000.0,0.22712800988258583,903464000.0,645532000.0,624362000.0,206953000.0,257190000.0,429220000.0,544761000.0,1149359220.0,1150984220.0,28.16088644592767,3.0169265485400065,0.030215924486199783,0.04228915065403419,0.0104725618985902,28.16088644592767,0.010836023620827473,4.478959444767023,41.07788491779842,1.7804837250515855,0.3618298784846319,0.46206840314989983,0.0022020965734281055,0.2840323466125933,0.7520016622131596,0.00774242249829545,-24.06833396155296,0.22712800988258583,1.1704545454545454,0.06601774806127994,0.19498589314660844,0.12392840011212466,51.6028880866426,1.1719771844421498,1.1441531253115342,2.0545824784529807,0.21522068269801645,0.05849227664995366,Farm & Heavy Construction Machinery,Industrials,ASTE
2018Q2,2018,Q2,2018-08-09,2018-06-30,-40674000.0,272528000.0,-50155000.0,-1.76,1108000.0,0.004065637292314918,923836000.0,656140000.0,642216000.0,242680000.0,266855000.0,394789000.0,540300000.0,1379047800.0,1316215800.0,28.45236546550453,2.6463491016977088,0.002569720166782849,0.0036181302770750146,-0.06301983355583889,28.45236546550453,-0.06198981924589265,5.060205923794986,-8.476224369376014,2.101758466180998,-0.05679303732113881,0.6875064908090144,0.001675068840978536,0.29499608155560075,0.8710359320916433,-0.044027294887837236,51.01160760523785,0.004065637292314918,-3.022988505747126,-4.61783259009842,0.0836238314572591,0.15035455055666946,-0.985795782321646,-3.006907781122021,-2.9344698576773247,-4.427709692326418,0.01148959340419569,0.058943850799138525,Farm & Heavy Construction Machinery,Industrials,ASTE
2018Q1,2018,Q1,2018-05-10,2018-03-31,20267000.0,325453000.0,25927000.0,0.87,78005000.0,0.23968130574921725,918365000.0,707001000.0,632237000.0,186442000.0,210289000.0,411159000.0,583286000.0,1271623100.0,1233090100.0,30.67914949012801,3.3910653179004733,0.0037098539251822532,0.00481894650785501,0.02811958619877766,30.67914949012801,0.02866615464476005,3.907240369577174,15.68588222233187,1.7986157020994311,0.11387970592588938,0.6018304354276569,0.0018150032033862863,0.3543830612011564,1.0595520322674075,0.022068567508561412,-73.36851488576045,0.23968130574921725,0.8510638297872342,0.5172588304262017,0.29484594535295244,0.25064551024233295,0.24310756972111552,0.8556125251785387,0.4408691786150939,0.33353175058886647,0.1202215342668375,0.16292676616833318,Farm & Heavy Construction Machinery,Industrials,ASTE
2017Q4,2017,Q4,2018-03-01,2017-12-31,10922000.0,312375000.0,17994000.0,0.47,62750000.0,0.20088035214085634,889579000.0,685672000.0,602969000.0,179146000.0,202814000.0,391379000.0,565330000.0,1347430500.0,1289194500.0,29.769113880085094,3.365796612818595,0.0045459706220583,0.005897863701594932,0.015367958027052844,29.769113880085094,0.01592889894876851,4.3135030012004805,30.84211911737777,1.9651239951463675,0.21113349203442594,0.6378088757955843,0.0017114055233275482,0.3511492514998668,1.0262914047759928,0.012277717886775655,53.884287770934975,0.20088035214085634,4.916666666666667,0.0015613988915964402,0.6308050516210975,0.2364703128022692,0.605516323815372,5.095238095238095,3.8071762870514823,0.2740627181971646,0.29318897281634715,0.14231495548029183,Farm & Heavy Construction Machinery,Industrials,ASTE
2017Q3,2017,Q3,2017-11-06,2017-09-30,-2667000.0,252054000.0,-6410000.0,-0.12,39084000.0,0.1550620105215549,877012000.0,674024000.0,609898000.0,177236000.0,201810000.0,399346000.0,556717000.0,1289854290.0,1228380290.0,29.26848755916453,3.4411631948362635,0.005592853917620284,0.007277188942826962,-0.004652678926465063,29.26848755916453,-0.00395683239765943,5.117372824870861,-120.90872609673791,1.9136622583172114,-0.8650168728908887,0.5332969404977138,0.0017885741187091762,0.2874008565447223,1.0027703175427114,-0.003041007420651029,77.11211155616668,0.1550620105215549,-1.1935483870967742,-1.3835166449308298,0.093875408362154,0.18818287101460845,-0.4035162688480557,-1.1849514563106796,-1.3008824633871574,-2.3799340869200867,0.1349897174160304,0.12526366917652312,Farm & Heavy Construction Machinery,Industrials,ASTE
2017Q2,2017,Q2,2017-08-07,2017-06-30,14420000.0,301909000.0,21304000.0,0.62,65524000.0,0.21703228456256687,878985000.0,677175000.0,611087000.0,175858000.0,200676000.0,381323000.0,561693000.0,1278173260.0,1231401260.0,29.40914618257622,3.4748888307611825,0.006069500617189145,0.007878318012330639,0.02096373345078165,29.40914618257622,0.021294347842138295,4.233637486792378,22.159730582524272,1.8875080444493668,0.1599861303744799,0.6199075324593586,0.001804919624120442,0.3434745757891204,1.1568651980575237,0.016405285641962034,5557.275043478261,0.21703228456256687,-0.04615384615384619,0.370847648353758,0.17190190097439992,0.21078498922947697,-0.13523643610352246,-0.046296296296296294,-0.05942604856512141,-0.014123936818970995,0.07927050125789954,0.12086575369572607,Farm & Heavy Construction Machinery,Industrials,ASTE
2017Q1,2017,Q1,2017-05-08,2017-03-31,15120000.0,318401000.0,22650000.0,0.65,75771000.0,0.23797349882695093,874488000.0,663025000.0,606332000.0,184635000.0,210138000.0,372570000.0,549583000.0,1415184435.0,1366796435.0,28.81088949724069,3.2839494137081267,0.008019549725096284,0.010577278383168055,0.02226340209631345,28.81088949724069,0.02280456996342521,4.444660773678475,23.39921354166667,2.134436009200256,0.15251322751322752,0.6512333252811552,0.0016294695892412074,0.3640999076030775,1.1537953259132885,0.017290117188572054,-70.3092425973768,0.23797349882695093,0.22641509433962262,0.21495870725650346,0.17495849307349637,0.202648480241786,0.1752543739918104,0.22073308574196673,0.18748033972947467,0.5684501280700498,0.3208879753716706,0.12325635143610106,Farm & Heavy Construction Machinery,Industrials,ASTE
2016Q4,2016,Q4,2017-03-01,2016-12-31,12386000.0,326563000.0,19074000.0,0.53,64472000.0,0.19742591781677654,843601000.0,647830000.0,576833000.0,168861000.0,194760000.0,360404000.0,536771000.0,1551714919.9999998,1480629919.9999998,28.164072689331363,3.4160226458448073,0.013378362519722001,0.01742123705293055,0.019039348737249846,28.164072689331363,0.019119213373878948,4.751655637656439,31.319936218310993,2.395250173656669,0.18609720652349426,0.7272144593289752,0.001485453268697062,0.38710598967995535,1.1492766239688263,0.014682296488505822,55.125046005186675,0.19742591781677654,0.7666666666666668,0.5308105619899426,0.22158376943906963,0.20650450647311916,0.16398562891548862,0.8113483474700205,0.6674534487280357,0.48298831902876016,0.443738883087583,0.1114262246524877,Farm & Heavy Construction Machinery,Industrials,ASTE
2016Q3,2016,Q3,2016-11-07,2016-09-30,6838000.0,247752000.0,11439000.0,0.3,55389000.0,0.22356630824372759,861839000.0,643884000.0,590567000.0,190206000.0,216908000.0,399718000.0,526692000.0,1377069870.0,1331535870.0,27.993739402634667,3.104881023732164,0.00805254809773055,0.010778338955464027,0.010285376086567773,27.993739402634667,0.0106199253281647,5.558259348057735,50.346222214097686,2.1386924818756174,0.3369406259140099,0.48124677897918033,0.001673117719146669,0.28746900523183566,0.8671650736569825,0.007934196526265347,48.314850536804435,0.22356630824372759,-0.6202531645569621,-0.1300812614292597,0.13416047614229465,0.2142521151821409,-0.2459157000490116,-0.6241204925241864,-0.5985047909866273,0.038557507151142104,0.14980986385525571,0.11725739885254098,Farm & Heavy Construction Machinery,Industrials,ASTE
2016Q2,2016,Q2,2016-08-05,2016-06-30,18192000.0,294394000.0,28491000.0,0.79,73452000.0,0.24950236757542613,846628000.0,638228000.0,607031000.0,179218000.0,207054000.0,379477000.0,522161000.0,1291393850.0,1233546850.0,27.750250010870037,3.3871095537278624,0.01255096689455109,0.016649222534893485,0.028007675591928793,27.750250010870037,0.028503920229134415,4.386617424268158,17.74672727022867,2.0234051937552096,0.1266490765171504,0.5822276448902042,0.0017841187643877969,0.34772532918826216,1.1039739311899475,0.021487595496487242,119.8064616383709,0.24950236757542613,0.025974025974025997,0.2677542555681064,0.16639886258791067,0.20971992778494142,0.020790483072989047,0.025305754382009805,0.01211367673179396,0.6224869495650787,0.17372283939570396,0.12196739556830186,Farm & Heavy Construction Machinery,Industrials,ASTE
2016Q1,2016,Q1,2016-05-06,2016-03-31,17743000.0,278721000.0,28150000.0,0.77,71956000.0,0.25816497501085317,835780000.0,624430000.0,599935000.0,182641000.0,209518000.0,389504000.0,506275000.0,1071776550.0,1020254550.0,27.190507293707817,3.284777240597675,0.013069228744406422,0.017492753391092675,0.027748002221075593,27.190507293707817,0.028414714219368063,3.84533834910179,15.101399847827313,1.7164078439536858,0.12985402694020176,0.5308417885310549,0.0021497018198429513,0.33348608485486614,1.0045389589413112,0.021229270860752828,26.78838636306831,0.25816497501085317,3.8125,0.7187312240638786,0.1898036039700079,0.22366311402757783,0.5840267688108132,3.9340934371523915,4.981725456863578,0.33293054896334795,0.1127811907579629,0.10842987609645097,Farm & Heavy Construction Machinery,Industrials,ASTE
2015Q4,2015,Q4,2016-02-29,2015-12-31,3596000.0,215016000.0,4706000.0,0.16,45426000.0,0.21126799866056478,777353000.0,608072000.0,541797000.0,142012000.0,167495000.0,384776000.0,490933000.0,933942900.0000001,918562900.0000001,26.498975900989237,3.8151494239923385,0.0124550879716165,0.015922456551197884,0.004870589129267411,26.498975900989237,0.005913773368943152,4.343597220671951,64.92928948832036,1.5359084121617177,0.639599555061179,0.44074994282387675,0.0024626773221360747,0.27660020608397984,0.9055431935329409,0.004625955003711313,311.00329670329677,0.21126799866056478,0.6,-0.4072560594929203,0.10834042985494272,0.21489019393059997,0.0063804333377641895,0.568935427574171,0.14362089914945322,-0.6690063356523487,0.12673335016584997,0.10064401490818906,Farm & Heavy Construction Machinery,Industrials,ASTE
2015Q3,2015,Q3,2015-11-03,2015-09-30,2292000.0,211350000.0,4115000.0,0.1,45138000.0,0.21356990773598297,787287000.0,610392000.0,555974000.0,137974000.0,174893000.0,384531000.0,492839000.0,768819930.0,764047930.0,26.60471603539206,4.029556293214664,0.011702212788982924,0.015093579208115441,0.003156242745632729,26.60471603539206,0.003754964023119569,3.637662313697658,83.85906740837696,1.2595511245232571,1.0026178010471205,0.43224603478003076,0.002988996396074176,0.26845356267790527,0.8773029701248061,0.002911263617969051,259.03636455525606,0.21356990773598297,-0.803921568627451,-0.6942268892813668,0.16713622383130122,0.24182341646002087,-0.2746934905918082,-0.8058449809402796,-0.7825627476882431,-0.6691731957665892,-0.07933551181897557,0.08004446138736089,Farm & Heavy Construction Machinery,Industrials,ASTE
2015Q2,2015,Q2,2015-08-06,2015-06-30,11805000.0,268042000.0,18925000.0,0.51,62233000.0,0.23217630072899023,803791000.0,616420000.0,566737000.0,144883000.0,184601000.0,382841000.0,492847000.0,959434440.0,955103440.0,26.86862522883794,3.911687361526197,0.014956624296614419,0.019502936309659,0.01869585806608101,26.86862522883794,0.01915090360468512,3.579418300117146,20.318391359593395,1.5564622173193603,0.1947479881406184,0.5375834876619798,0.0023962033299534252,0.3334722583358112,0.9478475735593548,0.014686653620157478,241.6711435768262,0.23217630072899023,-0.2153846153846154,0.12351641531324266,0.25668751133597506,0.2820504942371911,-0.05771822242410478,-0.21847070506454816,-0.14909401555685445,0.12635981368042445,0.044251899068921186,0.1061908396233354,Farm & Heavy Construction Machinery,Industrials,ASTE
2015Q1,2015,Q1,2015-05-06,2015-03-31,15105000.0,288748000.0,22241000.0,0.65,66045000.0,0.2287288569964121,814073000.0,604230000.0,568211000.0,165851000.0,206349000.0,388710000.0,483344000.0,982123520.0,980119520.0,26.380981487949704,3.4260330055290593,0.012848970546867419,0.017311288747662315,0.022768776405914685,26.380981487949704,0.024998758750806812,3.401317134664136,16.254940748096658,1.6254133690813102,0.15200264812975836,0.5729284042087932,0.0023377914826843774,0.3546954634289554,0.8717342675051704,0.01855484704688646,-3545.572274368231,0.2287288569964121,0.7567567567567568,0.6853711704919232,0.4645444697771544,0.28243666329213024,0.24331701807228914,0.7770588235294118,0.8472591362126246,0.2195296362597548,0.07060431403093141,0.10121720805628028,Farm & Heavy Construction Machinery,Industrials,ASTE
2014Q4,2014,Q4,2015-03-02,2014-12-31,8500000.0,239509000.0,12040000.0,0.37,53120000.0,0.22178707271960552,805465000.0,595166000.0,553191000.0,161129000.0,206113000.0,387835000.0,470537000.0,897761780.0,895640780.0,26.060338033102724,3.433218104748369,0.013535038766426847,0.018317578625123076,0.013831965798484532,26.060338033102724,0.014281729803113753,3.7483425675026827,26.404758235294118,1.5084224905320534,0.26976470588235296,0.4805883945492284,0.0025541296712363938,0.29735494403853674,0.7586467985278876,0.01055291043062082,-2313.819020618557,0.22178707271960552,3.6249999999999996,1.5411733172886457,0.32510649608394315,0.29600729970900697,0.22789579528905943,3.4363256784968685,1.7401001365498407,0.058075919656158465,-0.09762792984943977,0.11638382786384276,Farm & Heavy Construction Machinery,Industrials,ASTE
2014Q3,2014,Q3,2014-11-04,2014-09-30,1916000.0,220157000.0,4394000.0,0.08,43261000.0,0.19650067906085203,788581000.0,593816000.0,531632000.0,150093000.0,190232000.0,370436000.0,464333000.0,832610100.0,818790100.0,26.010337275514672,3.54201728261811,0.0,0.0,0.0026609022606244193,26.010337275514672,0.003226588707613133,3.7818924676480874,108.63910490605429,1.402134836380293,1.196242171189979,0.4775345808722694,0.0027527890905959464,0.27918121283672825,0.829932108759236,0.002429680654238436,-166.65534427542033,0.19650067906085203,-0.8730158730158731,-0.43649326271568306,0.30369073631243987,0.2547875426259156,-0.30423944160313937,-0.8678347244257433,-0.7996443390634262,-0.7544240116032519,0.015384769302830175,0.1282203709598758,Farm & Heavy Construction Machinery,Industrials,ASTE
2014Q2,2014,Q2,2014-08-05,2014-06-30,14497000.0,277256000.0,21931000.0,0.63,62178000.0,0.2242620538419367,803139000.0,598801000.0,536373000.0,160032000.0,199220000.0,364098000.0,464710000.0,1001429360.0,982805360.0,26.237884497414775,3.3516609178164365,0.0,0.0,0.023533065221825127,26.237884497414775,0.024210046409408135,3.611930345961855,17.26959646823481,1.672390927870862,0.15803269641994896,0.5907145878307488,0.002287730010232574,0.34521546083554655,0.8729066686662668,0.018050424646294104,150.45513221153846,0.2242620538419367,0.5365853658536587,0.8391009430669482,0.44328850030676276,0.28158059519463136,0.09551244780379513,0.5188056574122577,0.6448661216530414,0.018094334814198237,0.10701712322006338,0.14379119925078815,Farm & Heavy Construction Machinery,Industrials,ASTE
2014Q1,2014,Q1,2014-05-12,2014-03-31,9545000.0,238673000.0,13333000.0,0.41,56757000.0,0.23780234882035253,774704000.0,584448000.0,545437000.0,152960000.0,185450000.0,361209000.0,452506000.0,1000533259.9999999,955564259.9999999,25.64943386289827,3.565879968619247,0.0,0.0,0.015475025672877873,25.64943386289827,0.016331649693385897,4.192067221679872,26.205690413829227,1.7119286232479194,0.24002095337873233,0.5036308619109712,0.0022897789524758028,0.3080828290547099,1.0166775627615063,0.012320834796257667,-137.81449862258953,0.23780234882035253,0.13888888888888887,0.26444639801123965,0.14439943111945153,0.28990708174586033,0.19932803651424225,0.1547302201790467,0.24805766170551344,-0.06813027216733475,0.026850543497246655,0.1543096925220527,Farm & Heavy Construction Machinery,Industrials,ASTE
2013Q4,2013,Q4,2014-03-03,2013-12-31,8266000.0,223862000.0,10683000.0,0.36,47324000.0,0.21139809346829744,749291000.0,576876000.0,522411000.0,133531000.0,168780000.0,342313000.0,445254000.0,879411950.0,844347950.0,25.340478805183395,3.912282541132771,0.0,0.0,0.013027259084123872,25.340478805183395,0.014328902571783191,3.9283663596322733,26.597264396322284,1.5244384408434397,0.27655456085168156,0.515720992191357,0.0025994643352299225,0.29876509927384687,1.1048295901326284,0.01103176202570163,-137.3651905654483,0.21139809346829744,0.28571428571428553,-0.05022263730655122,0.1283539979107743,0.2940963274078803,0.033568480136283226,0.26895916487565247,0.16728583916083917,0.3734128354842461,0.16316422904768807,0.16177694281288207,Farm & Heavy Construction Machinery,Industrials,ASTE
2013Q3,2013,Q3,2013-11-12,2013-09-30,6514000.0,213177000.0,9152000.0,0.28,45787000.0,0.21478395886985932,750063000.0,570169000.0,521559000.0,143575000.0,176478000.0,339826000.0,439276000.0,818305760.0,771963760.0,25.055765512392338,3.6326588890823612,0.0,0.0,0.010494577327990279,25.055765512392338,0.011424682857187956,3.838621239627164,31.405655511206632,1.4351986165505315,0.35078292907583664,0.4925756122250799,0.0027923547794653186,0.28421212618140074,1.1146230193278774,0.008684603826611898,37.678688645363295,0.21478395886985932,-0.4166666666666666,-0.6002632611379342,-0.12058353456199163,0.280975106689503,-0.17414595433065186,-0.4127298954201226,-0.48138493794979315,-0.12383336198497413,0.18689943275493487,0.16952333899104124,Farm & Heavy Construction Machinery,Industrials,ASTE
2013Q2,2013,Q2,2013-08-09,2013-06-30,11092000.0,248127000.0,17647000.0,0.48,55442000.0,0.2234420276713135,738132000.0,562738000.0,511145000.0,139579000.0,172110000.0,318710000.0,432316000.0,804965760.0,763808760.0,24.73356188466948,3.6620480158189985,0.0,0.0,0.01986870932496316,24.73356188466948,0.01971077126478041,3.2441683492727513,18.142935448972235,1.4304450028254712,0.0,0.6045778293746666,0.0,0.33615532181235874,1.1530459453069588,0.015027122520091257,-28.17028031496063,0.2234420276713135,-0.15789473684210523,-0.48446332249813645,-0.12491766232567902,0.32503664097961454,-0.053357692898731365,-0.15784678460253587,-0.030384615384615385,0.06447382800326593,0.17303283941987804,0.180174830994064,Farm & Heavy Construction Machinery,Industrials,ASTE
2013Q1,2013,Q1,2013-05-10,2013-03-31,13171000.0,247833000.0,18200000.0,0.57,58567000.0,0.23631639047261663,753596000.0,557410000.0,526514000.0,160915000.0,192914000.0,322007000.0,423509000.0,793714390.0,720539390.0,24.530651762531356,3.272000745735326,0.0,0.0,0.022913809224351538,24.530651762531356,0.023628926642866113,3.202617851537124,15.065568104168248,1.4239328142659802,0.0,0.5877698310906284,0.0,0.328867191439445,1.1047695988565391,0.017477534381817313,-92.79953115865779,0.23631639047261663,0.21276595744680848,-0.2642641509565726,-0.0780720362689467,0.38467303206401343,0.4418621827223713,0.22589352196574833,1.2106158144054415,0.48128712274277824,0.26703432081920225,0.1924881266867103,Farm & Heavy Construction Machinery,Industrials,ASTE
2012Q4,2012,Q4,2013-03-01,2012-12-31,10744000.0,188719000.0,8233000.0,0.47,40619000.0,0.2152353499117736,724565000.0,546354000.0,499866000.0,144369000.0,176567000.0,308622000.0,410338000.0,757038480.0,676109480.0,24.075882430705505,3.4624192174220227,0.0,0.0,0.009221112581072466,24.075882430705505,0.019664905903498463,4.011458729645664,17.61537788533135,1.3856189942784347,0.0,0.4798750575137223,0.0,0.2604583439719004,1.1773788001579286,0.0148282072691891,28.99752863216762,0.2152353499117736,0.5666666666666667,-0.07518848538010957,-0.16250081054383694,0.42164974905870184,-0.17846813502416925,0.5680093403385873,-0.12786016949152543,1.6884138590041402,0.050777410113888706,0.19731829024994488,Farm & Heavy Construction Machinery,Industrials,ASTE
2012Q3,2012,Q3,2012-11-09,2012-09-30,6852000.0,227041000.0,9440000.0,0.3,49443000.0,0.21777123955585115,747413000.0,558947000.0,512107000.0,153412000.0,186833000.0,340982000.0,0.0,723615990.0,688051990.0,24.63298223965449,3.3381156623992907,0.0,0.0,0.011487915037897504,24.63298223965449,0.012258765142312241,3.187159984320013,26.401634194395797,1.2946057318493525,0.0,0.5208427424321519,0.0,0.3037691343340295,0.9444111282037911,0.009167622184789401,-2268.38868338558,0.21777123955585115,-0.33333333333333337,-0.4229781990740477,0.07298053224441219,0.49174516442174504,-0.12070069357993954,-0.33899286127725253,-0.4045666708717043,1.027557774260351,0.352691146627615,0.1883413476972021,Farm & Heavy Construction Machinery,Industrials,ASTE
2012Q2,2012,Q2,2012-08-09,2012-06-30,10366000.0,253875000.0,15854000.0,0.45,56230000.0,0.22148695224027573,740846000.0,551149000.0,506386000.0,154635000.0,188093000.0,322086000.0,0.0,696159880.0,660243880.0,24.28932175752501,3.274717884049536,0.0,0.0,0.018248917258903034,24.28932175752501,0.01880798114484468,2.7421364057114723,16.789501254099942,1.2631064920738313,0.0,0.6136404562756531,0.0,0.34268255480896165,1.0081740873670255,0.013992111720924457,-110.67724642289348,0.22148695224027573,-0.15094339622641512,-0.4598696171921513,0.08116792100599776,0.5377895870768135,-0.07281601424661148,-0.15345038791343404,-0.15485900101284716,0.32263100113329973,0.32920571413926714,0.18640370712623308,Farm & Heavy Construction Machinery,Industrials,ASTE
2012Q1,2012,Q1,2012-05-10,2012-03-31,12245000.0,266637000.0,18759000.0,0.53,60646000.0,0.22744780356814695,725730000.0,542450000.0,490634000.0,148730000.0,182631000.0,313407000.0,405182000.0,826031450.8799999,784389450.8799999,23.956201642102783,3.2988233712095743,0.0,0.0,0.021669871315555714,23.956201642102783,0.022573509079177805,3.0979625891380413,16.864668249897917,1.522778967425569,0.0,0.6572635582485394,0.0,0.3674052333512463,1.043844550527802,0.016872666143055957,-48.92681696854824,0.22744780356814695,0.5142857142857145,-0.2366898304014445,0.18234416727655134,0.6368101372659091,0.08840631730078967,0.5373509102322661,0.8586148816011097,0.6323362292507462,0.2865334873521429,0.20475462792099555,Farm & Heavy Construction Machinery,Industrials,ASTE
2011Q4,2011,Q4,2012-02-29,2011-12-31,7965000.0,263160000.0,10093000.0,0.35,55720000.0,0.211734306125551,716883000.0,528577000.0,485554000.0,154022000.0,187700000.0,299065000.0,392937000.0,729344107.26,671839107.26,23.343528795977072,3.1524976951344614,0.0,0.0,0.011615193769340592,23.343528795977072,0.015068760086042337,2.7714854357045144,22.892156536723167,1.3798256588160287,0.0,0.6936284754150436,0.0,0.367089190286281,1.0359883652984638,0.011110599637597767,24.212200221093518,0.211734306125551,0.029411764705882214,0.20851980435289852,0.5512999799877447,0.7059693787301365,0.20086206896551725,0.031334973455910915,0.11672936490373977,-0.07989350901696972,0.3335545063922562,0.19211539434033195,Farm & Heavy Construction Machinery,Industrials,ASTE
2011Q3,2011,Q3,2011-11-09,2011-09-30,7723000.0,214624000.0,9038000.0,0.34,46400000.0,0.2161920381690771,689028000.0,520996000.0,472119000.0,137576000.0,167453000.0,290453000.0,384972000.0,661688237.76,609951237.76,23.054305652525493,3.431695935337559,0.0,0.0,0.014551244188604297,23.054305652525493,0.014823530315012016,3.083011395556881,21.419404304026934,1.2700447561209682,0.0,0.5791780425748744,0.0,0.31148806724835565,1.1118509042274816,0.011208543049048805,-54.401729652223956,0.2161920381690771,-0.44262295081967207,-0.26645190796316354,0.19195646649737008,0.726318420611287,-0.2512626873860354,-0.4517251171375834,-0.5698648391395393,-0.5227719870577832,-0.10844915894381452,0.17865054365591101,Farm & Heavy Construction Machinery,Industrials,ASTE
2011Q2,2011,Q2,2011-08-09,2011-06-30,14086000.0,247756000.0,21012000.0,0.61,61971000.0,0.2501291593341836,691207000.0,517885000.0,482745000.0,141752000.0,172712000.0,281152000.0,377249000.0,834868689.56,761378689.56,22.93940057818354,3.405560415373328,0.0,0.0,0.026842313848281132,22.93940057818354,0.027199088600751133,3.3697213773228496,14.81734860073832,1.6120735096787897,0.0,0.6607991406783519,0.0,0.35843965700578845,1.2510017495343981,0.020378844542951677,-112.15323610424502,0.2501291593341836,0.38636363636363635,0.08107960469904406,0.22930486043636347,0.7704778476642946,0.1328422053231939,0.38860410094637227,0.38100558659217876,-0.3402100386607786,-0.11942290152677329,0.2289190869448575,Farm & Heavy Construction Machinery,Industrials,ASTE
2011Q1,2011,Q1,2011-05-10,2011-03-31,10144000.0,230189000.0,15215000.0,0.44,54704000.0,0.23764819344104193,676820000.0,501432000.0,474228000.0,144808000.0,174795000.0,272663000.0,363163000.0,841490055.4499999,761319055.4499999,22.22058259500255,3.274874316336114,0.0,0.0,0.01977704094165359,22.22058259500255,0.020230061104995294,3.655648425641538,20.73861532556191,1.678173821076437,0.0,0.643596674282906,0.0,0.3401037203392335,1.2457322799845312,0.014987736769008008,-58.685407312225394,0.23764819344104193,0.6923076923076923,-0.1256745446929484,0.16409217700944592,0.8116446237948676,0.23521575180075416,0.7003017096882334,0.8983156581409857,-0.42941352584572445,-0.13775341253751477,0.25427737403402784,Farm & Heavy Construction Machinery,Industrials,ASTE
2010Q4,2010,Q4,2011-03-01,2010-12-31,5966000.0,190778000.0,8015000.0,0.26,44287000.0,0.2321389258719559,649639000.0,492208000.0,447821000.0,130426000.0,156833000.0,252981000.0,353019000.0,731367463.05,636770463.05,21.811827960562976,3.433525524051953,0.0,0.0,0.011548416273929904,21.811827960562976,0.012120891980626077,3.833604834152785,30.647312397334897,1.4858910522583948,0.0,0.5790592969432486,0.0,0.29366771391495894,1.3452839157836627,0.009183561947481602,59.3787012300073,0.2321389258719559,-0.1875,4.481624513941604,0.3320571127644269,0.9044715742193232,0.055960896518836435,-0.18962238522140723,-0.20894196604816423,-0.48357675020166163,-0.14860250327543506,0.2879602579840837,Farm & Heavy Construction Machinery,Industrials,ASTE
2010Q3,2010,Q3,2010-11-09,2010-09-30,7362000.0,177853000.0,10132000.0,0.32,41940000.0,0.23581272174211287,630333000.0,482758000.0,428221000.0,119001000.0,147095000.0,242137000.0,347053000.0,642883779.1800001,561517779.1800001,21.42391235561676,3.5984655591129484,0.0,0.0,0.014652193169017638,21.42391235561676,0.015249876749841535,3.6146917914232546,21.83115251222494,1.331689540473695,0.0,0.5613062026869087,0.0,0.2821572089673236,1.4254670128822446,0.011679540814141097,-218.14855079063457,0.23581272174211287,-0.2888888888888889,-0.33340152487145686,0.08642093168892523,0.8618733176424594,-0.10150392047645572,-0.28579743888242143,-0.36091838021950295,-0.37569959004996506,-0.1536077345759853,0.29740757122126066,Farm & Heavy Construction Machinery,Industrials,ASTE
2010Q2,2010,Q2,2010-08-09,2010-06-30,10308000.0,209249000.0,15854000.0,0.45,46678000.0,0.223073945395199,611196000.0,471693000.0,409209000.0,110499000.0,139097000.0,224279000.0,339691000.0,624121272.94,542132272.94,20.957540556797287,3.703282382645997,0.0,0.0,0.021917809611024495,20.957540556797287,0.021853196888654274,2.9826726672051005,15.136817834206441,1.323151441594427,0.0,0.7248605531503173,0.0,0.3423598976433092,1.5088371840469144,0.016865293621031553,18.65721849037427,0.223073945395199,0.15384615384615383,-0.10344939229926432,0.08901463469076994,1.0027098023456718,0.011638239309941267,0.17216283829884013,0.18110705505475677,-0.4585026537658867,-0.10159713967184515,0.32685004384687333,Farm & Heavy Construction Machinery,Industrials,ASTE
2010Q1,2010,Q1,2010-05-10,2010-03-31,8794000.0,193454000.0,13423000.0,0.39,46141000.0,0.23851148076545328,603208000.0,462304000.0,399285000.0,109235000.0,140503000.0,246432000.0,329383000.0,650835427.04,601651427.04,20.570981977563985,3.6552844784180896,0.0,0.0,0.018598577327421623,20.570981977563985,0.019022115318059113,3.364290358638229,18.50225798953832,1.407808340485914,0.0,0.5977835670692118,0.0,0.3207086112916274,1.2121115027234861,0.0145787191151311,82.61429640010154,0.23851148076545328,1.574492531597089,0.14647683194499736,0.05978753042960455,1.059687735251602,0.46665607120152575,1.5689699792960663,1.7629305445038082,-0.44767099984735426,-0.13568840531814438,0.4055146277953751,Farm & Heavy Construction Machinery,Industrials,ASTE
2009Q4,2009,Q4,2010-03-01,2009-12-31,-15456000.0,177863000.0,-17594000.0,-0.67886,31460000.0,0.17687770924812918,590901000.0,451903000.0,384365000.0,106307000.0,138641000.0,248548000.0,320589000.0,605438757.0600001,565009757.0600001,20.108172260259693,3.6156132709981468,0.0,0.0,-0.03442334946789934,20.108172260259693,-0.03420203008167682,3.40396123454569,-9.792940558035715,1.3397537902160421,0.0,0.5890331042695979,0.0,0.30100304450322474,1.0209487616055386,-0.026156665837424542,110.52186145673605,0.17687770924812918,-5.525733333333334,-37.843672714190745,0.4166793796685282,1.0922189623237433,-0.09381570988276637,-5.62200956937799,-5.106909430438842,-3.3628395239807247,0.05640548778759126,0.46952615596599906,Farm & Heavy Construction Machinery,Industrials,ASTE
2009Q3,2009,Q3,2009-11-06,2009-09-30,3344000.0,166084000.0,4284000.0,0.15,34717000.0,0.2090327785939645,606414000.0,465427000.0,386954000.0,112267000.0,140654000.0,263705000.0,336045000.0,571879769.31,535730769.30999994,20.728877512668312,3.4467296712301922,0.0,0.0,0.006613306740508778,20.728877512668312,0.007184800194230245,3.4433164501697933,42.75416935630981,1.2287206571814697,0.0,0.49815892758954133,0.0,0.27387890121270286,0.90126216964914,0.0055143845623616865,15.470426048531081,0.2090327785939645,-0.5588235294117647,3.02655996128717,0.3085487972445527,1.165906432883466,-0.1886276526128821,-0.568460446509227,-0.6168500134156157,-0.6803200639505318,-0.07163991578491048,0.552189149743243,Farm & Heavy Construction Machinery,Industrials,ASTE
2009Q2,2009,Q2,2009-08-07,2009-06-30,7749000.0,188843000.0,11181000.0,0.34,42788000.0,0.22657975143373066,605243000.0,459314000.0,387054000.0,115839000.0,144984000.0,266751000.0,332702000.0,666096248.53,667852248.53,20.473066302498186,3.3413099215290187,0.019676394439919174,0.025927796670687155,0.015449480017780452,20.473066302498186,0.01687081168873581,3.5272488179598924,21.489748629823204,1.4501980094880627,0.0,0.5475330926594465,0.0,0.312011869612701,0.8391906007475893,0.012803122051803987,209.79409402519684,0.22657975143373066,0.030303030303030328,-0.4987219063885799,0.1357542659610807,1.160301469307203,-0.01550779991716902,0.04279370205894227,-0.07103688933200399,-0.40153311041654804,-0.05711052927293383,0.580124565103419,Farm & Heavy Construction Machinery,Industrials,ASTE
2009Q1,2009,Q1,2009-05-11,2009-03-31,7431000.0,205304000.0,12036000.0,0.33,43462000.0,0.21169582667653822,605390000.0,446025000.0,389479000.0,131057000.0,158619000.0,277994000.0,324952000.0,588353221.58,596169221.58,19.88471435336438,2.9718290514814165,0.03035894216951056,0.04120621041421445,0.015884875563922967,19.88471435336438,0.016660501092988063,2.86576599374586,19.793877727762077,1.3191036860714087,0.0,0.582178032619409,0.0,0.339126843852723,0.69449933998184,0.012274731990947984,-42.38550692169152,0.21169582667653822,-0.13157894736842102,0.19346498239888174,0.2563025858344701,1.2519474548819693,0.02153059890997876,-0.133434321878247,0.5750038668464826,-0.3556409940701093,0.04452051629713981,0.6212012308836171,Farm & Heavy Construction Machinery,Industrials,ASTE
2008Q4,2008,Q4,2008-12-31,2008-12-31,8575230.0,195482191.0,7641886.0,0.38,42545960.0,0.21764622026361471,612812456.0,439226017.0,395099088.0,143836143.0,172778636.0,285817262.0,317520910.0,702749006.18,696502442.18,19.581601669437738,2.746869317818123,0.0055922133540967055,0.007802311036597816,0.011642019696984262,19.581601669437738,0.019523501951388276,3.5949515533105516,20.48775969215986,1.5999712653178284,0.0,0.535083955146138,0.0,0.3189918695125218,0.5897981774997957,0.013993237108744408,-21.741697813207505,0.21764622026361471,-0.4647887323943662,1.3111119198420529,0.9500668326240024,1.295867704016396,-0.27646616669217555,-0.4627722089963664,-0.6885185456916931,6.926629716044736,0.37315167711990005,0.709742247397007,Farm & Heavy Construction Machinery,Industrials,ASTE
2008Q3,2008,Q3,2008-09-30,2008-09-30,15962000.0,237443000.0,24534000.0,0.71,58803000.0,0.24765101519101426,605477000.0,435990000.0,389287000.0,143246000.0,168651000.0,249378000.0,308945000.0,687199867.5899999,658360867.5899999,19.559916021432596,2.7176116610585983,0.0,0.0,0.03673580867432079,19.559916021432596,0.036610931443381727,2.8941677269492043,10.763060199066532,1.5761826362760614,0.0,0.7163422595417398,0.0,0.39215857910374796,0.8569244516426288,0.026362685948434043,-354.226735871134,0.24765101519101426,-0.2365591397849463,18.97000727688028,0.9635147345229865,1.0108824975683481,-0.11292974701685046,-0.24250189825360668,-0.24972477064220183,0.4610899826769555,0.466281833729858,0.6998802614166214,Farm & Heavy Construction Machinery,Industrials,ASTE
2008Q2,2008,Q2,2008-06-30,2008-06-30,21072000.0,277703000.0,32700000.0,0.93,66289000.0,0.23870465929428203,597399000.0,415943000.0,398444000.0,158011000.0,180631000.0,234175000.0,292983000.0,716177901.94,676686901.94,18.666322967781237,2.521621912398504,0.0,0.0,0.05021002484875187,18.666322967781237,0.05066078765600094,2.5789346962042186,8.496795533646546,1.7218174171460994,0.0,0.9028034589516387,0.0,0.4648534731393926,0.9324920416932998,0.0352729080564246,72.66415401176948,0.23870465929428203,0.19230769230769232,9.416178975349471,1.2336461527827411,0.9148812959111076,0.001041981274539414,0.20280837947371425,0.19164753471083415,0.85118673224643,0.45980540813582627,0.7837602594642674,Farm & Heavy Construction Machinery,Industrials,ASTE
2008Q1,2008,Q1,2008-03-31,2008-03-31,17519000.0,263072000.0,27441000.0,0.78,66220000.0,0.2517181608076876,575786000.0,393949000.0,380000000.0,159068000.0,181034000.0,219028000.0,271911000.0,861909996.0,832755996.0,17.715844242279793,2.388915432393693,0.0,0.0,0.04414038803204007,17.715844242279793,0.04447022330301638,3.2763273780561977,12.29964604144072,2.1878720240437213,0.0,0.8987526708913929,0.0,0.4568919702806251,0.9074798199512158,0.03042623474693723,-157.05357069970844,0.2517181608076876,0.56,9.47139942954094,0.9061466841674115,0.8084968981537412,0.3824302468222528,0.5388996660959295,0.5568995113022871,1.308248768754531,0.45649901798862697,0.7738145483404113,Farm & Heavy Construction Machinery,Industrials,ASTE
2007Q4,2007,Q4,2008-02-29,2007-12-31,11384108.0,220809354.0,17625415.0,0.5,47901151.0,0.21693442842099886,542569517.0,376589104.0,348731640.0,143893053.0,165097003.0,210818628.0,254392680.0,826997749.0,792361277.0,16.935171582625433,2.4235474383881477,0.0,0.0,0.029706888036285538,16.935171582625433,0.03022952039525817,3.7453021532774375,18.16123294420608,2.196021446759649,0.0,0.8201751649764081,0.0,0.4069697008060997,0.848708575249981,0.02098184222170373,-90.78689940377984,0.21693442842099886,-0.01960784313725492,1.9771031099088463,0.8542196695277934,0.7228040676454772,-0.013588043903543996,-0.016406773803352342,0.05953802224226029,29.914564977124638,0.7774520958002247,0.7620739795133191,Farm & Heavy Construction Machinery,Industrials,ASTE
2007Q3,2007,Q3,2007-11-08,2007-09-30,11574000.0,206239000.0,16635000.0,0.51,48561000.0,0.2354598305849039,527496000.0,365203000.0,347495000.0,138814000.0,161460000.0,201982000.0,243009000.0,1304639062.25,1256475062.25,16.5128621343332,2.5033137867938393,0.0,0.0,0.030967835014706787,16.5128621343332,0.03169196309997453,6.32586010526622,28.180384099058237,3.5723667720418506,0.0,0.7806537216187581,0.0,0.3909773723402642,0.947224343365943,0.021941398607761956,-389.79356505826115,0.2354598305849039,-0.38554216867469876,8.160674773786035,0.45507394744235463,0.589791511069846,-0.17613626724123305,-0.37454741961631993,-0.4188646288209607,13.148655977871682,0.6496686750321407,0.7253859645903331,Farm & Heavy Construction Machinery,Industrials,ASTE
2007Q2,2007,Q2,2007-08-08,2007-06-30,18505000.0,226414000.0,28625000.0,0.83,58943000.0,0.26033284160873443,487839000.0,345580000.0,334886000.0,120808000.0,141481000.0,166663000.0,231435000.0,923737037.48,851571037.48,15.794957880874078,2.7720515197669027,0.0,0.0,0.05274419985582536,15.794957880874078,0.053547659008044445,4.079858301518457,12.479560084841935,2.6730049119740724,0.0,1.0048481066583466,0.0,0.4641162350693569,1.2759916561817097,0.03793259661486679,73.94036960537902,0.26033284160873443,0.20289855072463772,5.908566527176607,0.6062305443575404,0.5002936765570929,0.08404906847148401,0.2067953567236207,0.20051165911759772,0.22749241276310286,0.39631506895693647,0.6666712359317667,Farm & Heavy Construction Machinery,Industrials,ASTE
2007Q1,2007,Q1,2007-05-08,2007-03-31,15334000.0,215563000.0,23844000.0,0.69,54373000.0,0.2522371650051261,465161000.0,316781000.0,322259000.0,127516000.0,147676000.0,164725000.0,212930000.0,871174904.25,814054904.25,14.635907425474945,2.527204429248094,0.0,0.0,0.04796981935504568,14.635907425474945,0.048405680896265874,4.041393487054829,14.203321120549106,2.750085719313974,0.0,0.9785399908939141,0.0,0.46341589256193016,1.1241412842309986,0.03296493042193993,120.06269352949283,0.2522371650051261,1.464285714285714,1.9984678345486842,0.59564941801701,0.4149908424666727,0.5656888586089923,1.434028911514144,2.362495455610801,1.5522208490113185,0.3670091938171565,0.6575191320819701,Farm & Heavy Construction Machinery,Industrials,ASTE
