Year,Date,FillingDate,NetIncome,Revenue,OperatingIncome,EPSDiluted,GrossProfit,GrossProfitRatio,TotalAssets,CommonStockEquity,CurrentAssets,CurrentLiability,TotalLiability,Inventory,RetainedEarnings,EnterpriseValue,bookValuePerShare,currentRatio,debtToAssets,debtToEquity,roic,shareholdersEquityPerShare,roe,priceToSalesRatio,peRatio,pbRatio,payoutRatio,inventoryTurnover,dividendYield,assetTurnover,quickRatio,returnOnAssets,priceToFreeCashFlowsRatio,grossProfitMargin,epsdilutedGrowth,fiveYNetIncomeGrowthPerShare,fiveYRevenueGrowthPerShare,fiveYShareholdersEquityGrowthPerShare,grossProfitGrowth,netIncomeGrowth,operatingIncomeGrowth,threeYNetIncomeGrowthPerShare,threeYRevenueGrowthPerShare,threeYShareholdersEquityGrowthPerShare,Industry,Sector,Price,MarketCap,AvgVolume,Symbol
2022,2022-09-30,2022-12-13,12459000.0,91947000.0,-24844000.0,1.65,-14765000.0,-0.1605816394,409255000.0,243742000.0,31616000.0,16525000.0,160390000.0,27682000.0,243490000.0,323505400.0,32.241005291005294,1.9132223903177004,0.27092155257724404,0.45489082718612306,-0.06427751125302954,32.241005291005294,0.05111552379155008,2.321928937322588,17.135757283891163,0.8759032091309662,1.212055542178345,3.8549237771837297,0.07073253443650045,0.22466921601446532,0.1394856278366112,0.03044312225873844,-14.88388176240937,-0.16058163942271092,-0.6443965517241379,2.440451953036199,-0.2224610589729322,0.6658284243458641,-1.6179634202486084,-0.642588714535701,-2.7204986149584487,-0.6745176273841724,-0.25663824868248547,0.23984082353021594,Farm Products,Consumer Defensive,25.18,191498684,32434,ALCO
2021,2021-09-30,2021-12-07,34859000.0,108564000.0,14440000.0,4.64,23893000.0,0.2200821635,433217000.0,242203000.0,54913000.0,22306000.0,185612000.0,43377000.0,243651000.0,381769840.0,32.22498669505056,2.461803998924056,0.28924996018161797,0.5173676626631379,0.029493704949917408,32.22498669505056,0.14392472430151568,2.3704712427692423,7.382536504202646,1.062529531013241,0.20476777876588542,1.9519791594623879,0.027736778361924466,0.25059958404217747,0.4583520129113243,0.08046544803181778,-10.404618743430097,0.22008216351645113,0.46835443037974667,4.506804550311735,-0.16827282837234536,0.542244881716553,0.3333891400189743,0.4732059842785901,1.086403698887444,1.9256542670655092,0.4629025219044604,0.5412544401404638,Farm Products,Consumer Defensive,25.18,191498684,32434,ALCO
2020,2020-09-30,2020-12-08,23662000.0,92507000.0,6921000.0,3.16,17919000.0,0.1937042602,423937000.0,216341000.0,51899000.0,21158000.0,202155000.0,40855000.0,219019000.0,361071080.0,28.90713522180652,2.452925607335287,0.35392522945626353,0.6935439884256799,0.014242927382164115,28.90713522180652,0.10937362774508762,2.3154148334720617,9.05215450933987,0.9900669775955552,0.1042177330741273,1.8256761718271937,0.011513030733909487,0.21820930940210456,0.3918612345212213,0.05581489702479378,-10.144552429667518,0.19370426021814566,-0.3742574257425742,0.6157371198453512,-0.34967388890045237,0.3477237450048226,-0.7031312127236581,-0.37456717680331986,-0.8469279426726235,3.763471930232967,-0.20978148953477463,0.49357400875862406,Farm Products,Consumer Defensive,25.18,191498684,32434,ALCO
2019,2019-09-30,2019-12-05,37833000.0,122251000.0,45214000.0,5.05,60360000.0,0.4937382925,417388000.0,194303000.0,61977000.0,28951000.0,217990000.0,40143000.0,198049000.0,397647440.0,26.00414882226981,2.1407550689095367,0.3883197408646152,0.8341610783158263,0.09458421350387933,26.00414882226981,0.1947113528869858,2.0793076539251216,6.718934263738007,1.308252780451151,0.04844976607723416,1.5417631965722542,0.007210930212357763,0.2928953395881051,0.6681289074643363,0.09064228008471734,8.849653251636264,0.49373829252930446,2.2165605095541396,3.6142100363094682,0.3534717493497299,0.3116774669456282,1.3584573906927675,1.899080459770115,3.2917892738490746,5.011812496957037,-0.057899180046276526,0.24452387844432652,Farm Products,Consumer Defensive,25.18,191498684,32434,ALCO
2018,2018-09-30,2018-12-06,13050000.0,81281000.0,10535000.0,1.57,25593000.0,0.314870634,423422000.0,172117000.0,72240000.0,21498000.0,245827000.0,41033000.0,151111000.0,427217800.0,20.908284742468418,3.3603125872174155,0.414411627171002,1.0194867444819513,0.029412703124174013,20.908284742468418,0.07582051743871901,3.4080141730539735,21.22657471264368,1.6094098781642718,0.1511111111111111,1.3571515609387566,0.007118958812563447,0.191962155957886,1.2933296120569355,0.03082031637468058,121.92200704225353,0.31487063397349935,2.3771929824561404,-0.4098986833720705,-0.2897277090022578,0.07122440254505902,1.8659574468085107,2.374262847514743,2.689926211100417,-0.18986353377034285,-0.4805137585811974,-0.025202892001217888,Farm Products,Consumer Defensive,25.18,191498684,32434,ALCO
2017,2017-09-30,2017-12-11,-9496000.0,129829000.0,-6234000.0,-1.14,8930000.0,0.0687827835,419182000.0,160641000.0,66489000.0,15983000.0,253813000.0,36204000.0,140033000.0,464759000.0,19.35433734939759,4.159982481386473,0.4406415351804228,1.1498247645370734,-0.012847750887505862,19.35433734939759,-0.0591131778313133,2.1832179251168844,-29.848883740522325,1.7644623726196924,-0.20924599831508003,3.339382388686333,0.007010178341477183,0.3097198830102438,0.48057310892823624,-0.022653644479009118,19.053845119655822,0.06878278350753683,-2.357142857142857,-1.4551262326606442,-0.09544792739956671,0.11607695423470168,-0.7452865170141761,-2.357929357929358,-1.285361164515243,-2.042620010476689,0.2939790882066833,-0.023746235172750253,Farm Products,Consumer Defensive,25.18,191498684,32434,ALCO
2016,2016-09-30,2016-12-06,6993000.0,144196000.0,21846000.0,0.84,35059000.0,0.2431343449,458662000.0,173490000.0,73108000.0,18731000.0,280399000.0,58469000.0,151504000.0,419200580.0,20.894857280501025,3.903048422401367,0.4421709232506726,1.1689838031010433,0.032321784292494854,20.894857280501025,0.04030779872038734,1.5466349968098976,31.891688831688832,1.2854837742809382,0.284999284999285,1.866578870854641,0.008936475158258116,0.31438401262803545,0.6608296407025787,0.015246521403560791,13.893507351108896,0.24313434491941524,-0.5714285714285715,-0.12620715224185375,0.29697408694229266,0.3902589340182632,-0.024865797012766668,-0.5563943161634103,0.14623012749881945,-0.6864910640607819,0.2492788034158622,0.07053645395908534,Farm Products,Consumer Defensive,25.18,191498684,32434,ALCO
2015,2015-09-30,2015-12-10,15764000.0,153119000.0,19059000.0,1.96,35953000.0,0.2348043025,460580000.0,172792000.0,70680000.0,23633000.0,282981000.0,55142000.0,147049000.0,526379040.0,21.44885799404171,2.990733296661448,0.44888184463068304,1.196502152877448,0.029591440355720276,21.44885799404171,0.09123107551275522,2.135548429652754,20.743024613042376,1.892408444835409,0.11919563562547576,2.124805048783142,0.005746299676592504,0.3324482174649355,0.5796978800829349,0.034226410178470626,14.918926909389542,0.2348043025359361,0.7981651376146788,24.161253249723842,0.7565212532973019,0.5029303272429239,0.7895968143354903,0.9582608695652174,1.4027987897125567,-0.22157598954540894,0.09913131158150726,0.23685847103144564,Farm Products,Consumer Defensive,25.18,191498684,32434,ALCO
2014,2014-09-30,2014-12-12,8050000.0,88680000.0,7932000.0,1.09,20090000.0,0.2265448805,203567000.0,145437000.0,112072000.0,15696000.0,58130000.0,19929000.0,134968000.0,283561600.0,19.82510905125409,7.140163098878695,0.17114267047212958,0.23954702035933084,0.02992046150777021,19.82510905125409,0.05535042664521408,3.151799729364005,34.720695652173916,1.9218053177664558,0.3454658385093168,3.4417180992523457,0.009949853596544706,0.4356305295062559,2.2227956167176353,0.03954471992022283,19.485610708310094,0.2265448804691024,-0.5917602996254682,3.2157069070476276,-0.005151163786681385,0.36673718598787497,-0.07308295653778721,-0.590247378601242,-0.33540008378718056,0.13845679337683806,-0.09722507961166292,0.3190822318807165,Farm Products,Consumer Defensive,25.18,191498684,32434,ALCO
2013,2013-09-30,2013-12-09,19646000.0,101661000.0,11935000.0,2.67,21674000.0,0.2131987685,198840000.0,142736000.0,59795000.0,11491000.0,56104000.0,29403000.0,128679000.0,312493210.0,19.518118419253383,5.203637629449134,0.18105009052504525,0.25221387736800804,0.04141597645046789,19.518118419253383,0.1376387176325524,2.9615704154002027,15.325064135192914,2.1093221752045737,0.10424513895958465,2.7203686698636194,0.006802264449921168,0.5112703681351841,2.5331998955704464,0.0988030577348622,-37.643937234308574,0.21319876845594674,0.0637450199203188,3.1992506332804207,-0.1200385278106749,0.24501033304736808,-0.3275626706378754,0.06257774893179728,-0.49730435515120885,32.79754956048059,0.2847025505751575,0.36764260881224714,Farm Products,Consumer Defensive,25.18,191498684,32434,ALCO
2012,2012-09-30,2012-12-05,18489000.0,127187000.0,23742000.0,2.51,32232000.0,0.2534221265,185083000.0,127546000.0,51467000.0,17148000.0,57537000.0,27290000.0,111659000.0,256342200.0,17.341400407885793,3.0013412642873805,0.21557895646817915,0.3128283129223966,0.0889802702561465,17.341400407885793,0.14495946560456618,1.8065541289597207,12.427400075720698,1.8014692738306177,0.09540808048028558,3.479479662880176,0.0076772357773114185,0.6871889908851705,1.0486937252157686,0.09989572245965324,29.789990924413328,0.2534221264751901,1.6145833333333333,2.3380665415994994,-0.05493969562474009,0.07434280770862754,0.37549609525028804,1.6051852895589687,0.5581807442409923,6.0758233493470835,0.4231503403513106,0.1955110427533078,Farm Products,Consumer Defensive,25.18,191498684,32434,ALCO
2011,2011-09-30,2011-12-14,7097000.0,98592000.0,15237000.0,0.96,23433000.0,0.2376764849,180035000.0,110662000.0,29181000.0,11827000.0,69373000.0,22373000.0,94935000.0,200431320.0,15.029471682738015,2.4673205377526,0.3174827116949482,0.5165097323381106,0.051437929467416516,15.029471682738015,0.06413222244311508,1.4667449691658552,20.37611948710723,1.3067658274746525,0.10384669578695223,3.359361730657489,0.005096490323030355,0.5476268503346572,0.5032552633804008,0.039420112755853026,32.26446229361892,0.23767648490749757,12.36094674556213,0.09782336792484142,0.2741037654140503,-0.21520345167421184,1.3614834223521113,12.391653290529694,2.4755930656934306,0.5066529797760746,-0.15239847418967484,-0.0413088422092165,Farm Products,Consumer Defensive,25.18,191498684,32434,ALCO
2010,2010-09-30,2010-12-14,-623000.0,79792000.0,4384000.0,-0.0845,9923000.0,0.1243608382,188817000.0,105237000.0,37441000.0,7912000.0,83580000.0,18601000.0,88720000.0,233905760.0,14.271358828315703,4.732178968655207,0.3890539517098566,0.6980434638007544,0.008379468960935443,14.271358828315703,-0.005919971112821536,2.147731100862242,-275.07505617977523,1.6284363864420308,-1.6276083467094704,3.7561959034460513,0.00591696088083591,0.42258906772165644,2.2530333670374114,-0.0032994910415905347,-157.2217981651376,0.12436083817926609,0.831,-1.1017023153733683,0.42866652818529427,-0.27438633729777917,4.398803046789989,0.8292682926829268,1.6040231468724166,0.9550290689222785,-0.40863489700355826,-0.11585388995125165,Farm Products,Consumer Defensive,25.18,191498684,32434,ALCO
2009,2009-09-30,2009-12-14,-3649000.0,89528000.0,-7258000.0,-0.5,1838000.0,0.0205298901,200235000.0,106876000.0,51335000.0,12644000.0,93359000.0,18737000.0,90068000.0,276679520.0,14.50542888165038,4.060028472002531,0.3941768422104028,0.7385006923911823,-0.040877452313722425,14.50542888165038,-0.03414237059770201,2.4187463140023233,-59.34379830090436,2.0261379542647555,-1.6703206357906275,4.680044831082884,0.028146507025405096,0.44711464029765025,2.3884055678582725,-0.018223587284940196,22.319678416821272,0.020529890090251093,-1.7812500000000002,-1.2007077859117032,0.6850281899922739,-0.2788145077987707,-0.8692466386853525,-1.7742414597920646,-5.838666666666667,-1.5640748183645077,0.15618462174238706,-0.24256748616259052,Farm Products,Consumer Defensive,25.18,191498684,32434,ALCO
2008,2008-09-30,2008-12-15,4713000.0,116382000.0,1500000.0,0.64,14057000.0,0.1207832826,273932000.0,115493000.0,123130000.0,18200000.0,158439000.0,27451000.0,98799000.0,432804810.0,15.677073435591149,6.765384615384615,0.5028912284800607,1.1927822465430806,0.006859537719898869,15.677073435591149,0.04080766799719464,3.0023269062226117,74.13893698281349,3.0254371260595883,1.7279864205389348,3.727550908892208,0.023307407562904604,0.4248572638465021,5.123571428571428,0.01720499978096754,45.72321512693012,0.12078328263820866,1.3404255319148937,-0.6408858041605979,1.3249205365876633,-0.11713807172726143,-0.5267322065854151,1.3404362900895694,-0.9075671678580232,-0.22989011709119558,1.085786242566437,-0.20291411540427845,Farm Products,Consumer Defensive,25.18,191498684,32434,ALCO
TTM,,,,,,,,,,,,,,,,316967684.0,30.606395578365575,2.5835371392635036,0.30522085425975737,0.5401069748643466,-0.10113585601233431,30.606395578365575,-0.12246193926565171,3.253958029600177,-6.360285201435979,0.8227038670897506,-0.39027389974737403,3.825992224548212,0.02581413820492455,0.14299459861357125,0.8366291663755153,-0.07309730513824196,-6.822912459471977,-0.5217243547263428,,,,,,,,,,,Farm Products,Consumer Defensive,25.18,191498684,32434,ALCO
