Quarters,Year,Quarter,FillingDate,Date,NetIncome,Revenue,OperatingIncome,EPSDiluted,GrossProfit,GrossProfitRatio,TotalAssets,CommonStockEquity,CurrentAssets,CurrentLiability,TotalLiability,Inventory,RetainedEarnings,MarketCap,EnterpriseValue,bookValuePerShare,currentRatio,debtToAssets,debtToEquity,roic,shareholdersEquityPerShare,roe,priceToSalesRatio,peRatio,pbRatio,payoutRatio,inventoryTurnover,dividendYield,assetTurnover,quickRatio,returnOnAssets,priceToFreeCashFlowsRatio,grossProfitMargin,epsdilutedGrowth,fiveYNetIncomeGrowthPerShare,fiveYRevenueGrowthPerShare,fiveYShareholdersEquityGrowthPerShare,grossProfitGrowth,netIncomeGrowth,operatingIncomeGrowth,threeYNetIncomeGrowthPerShare,threeYRevenueGrowthPerShare,threeYShareholdersEquityGrowthPerShare,Industry,Sector,Symbol
2023Q1,2023,Q1,2023-05-02,2023-03-31,757000000.0,5615000000.0,951000000.0,2.43,1198000000.0,0.2133570793,24863000000.0,140000000.0,3264000000.0,6969000000.0,24723000000.0,0.0,12975000000.0,51405984000.0,62532984000.0,0.45219638242894056,0.4683598794662075,0.46981458391988096,83.43571428571428,0.06640485629793066,0.45219638242894056,5.4071428571428575,9.155117364203027,16.976877146631438,367.18559999999997,0.16380449141347425,0.0,0.002412170536410703,0.22583758999316253,0.4327737121538241,0.030446848731046132,64.90654545454545,0.21335707925200356,0.14622641509433965,1.2018100840117902,0.29845219328537026,-0.9545521078343993,-0.06333072713057075,0.12481426448736999,-0.05561072492552135,24.665562223889307,0.26074634000663527,8.357235142118864,Lodging,Consumer Cyclical,MAR
2022Q4,2022,Q4,2023-02-14,2022-12-31,673000000.0,5923000000.0,1007000000.0,2.12,1279000000.0,0.2159378693,24815000000.0,568000000.0,3313000000.0,7339000000.0,24247000000.0,0.0,12342000000.0,47123684999.99999,57714684999.99999,1.7946287519747235,0.4514238997138575,0.4472294982873262,19.538732394366196,0.05989121309331283,1.7946287519747235,1.1848591549295775,7.956050143508356,17.505083580980685,82.96423415492957,0.18722139673105498,0.0,0.002673814664536528,0.2386862784606085,0.4194031884452923,0.027120693129155753,156.5570930232558,0.21593786932297823,0.09278350515463926,2.862398905944212,0.1629792880911565,-0.8243851628662633,0.0432300163132137,0.06825396825396825,0.0511482254697286,1.497546529865747,0.1417980771465035,-0.16344261447778544,Lodging,Consumer Cyclical,MAR
2022Q3,2022,Q3,2022-11-03,2022-09-30,630000000.0,5313000000.0,958000000.0,1.94,1226000000.0,0.2307547525,24763000000.0,1063000000.0,3684000000.0,7112000000.0,23700000000.0,0.0,11795000000.0,45475429999.99999,54855429999.99999,3.275808936825886,0.5179977502812149,0.42099099462908374,9.807149576669802,0.055584028778369814,3.275808936825886,0.5926622765757291,8.55927536231884,18.045805555555553,42.780272812793974,0.15396825396825398,0.0,0.0021330199626479617,0.2145539716512539,0.4812992125984252,0.02544118240923959,56.773320848938816,0.23075475249388294,-0.05825242718446607,0.843880695575611,0.07639479583499198,-0.729702201422811,-0.0032520325203252032,-0.07079646017699115,0.008421052631578947,0.6549969541692049,0.022220582763443165,0.28960545138288746,Lodging,Consumer Cyclical,MAR
2022Q2,2022,Q2,2022-08-02,2022-06-30,678000000.0,5338000000.0,950000000.0,2.06,1230000000.0,0.2304233795,24615000000.0,1772000000.0,3106000000.0,6853000000.0,22843000000.0,0.0,11262000000.0,44638482000.0,53928482000.0,5.399146861669713,0.4532321610973296,0.3995937436522446,5.55079006772009,0.057964529775463715,5.399146861669713,0.38261851015801357,8.362398276508056,16.459617256637166,25.191016930022574,0.14454277286135694,0.0,0.002195415157710784,0.2168596384318505,0.41266598569969354,0.027544180377818403,76.9629,0.23042337954289996,0.8070175438596493,0.8886725132254104,0.06231285349165767,-0.5830285478184072,0.4945321992709599,0.7984084880636605,0.7025089605734767,1.9722782575805335,0.023389452995547087,0.4534155019559277,Lodging,Consumer Cyclical,MAR
2022Q1,2022,Q1,2022-05-04,2022-03-31,377000000.0,4199000000.0,558000000.0,1.14,823000000.0,0.1959990474,25238000000.0,1772000000.0,3418000000.0,6422000000.0,23466000000.0,0.0,10682000000.0,57698725000.0,67191725000.0,5.3975022844958875,0.5322329492369978,0.4174261034947302,5.9452595936794586,0.033047586790642375,5.3975022844958875,0.21275395033860045,13.74106334841629,38.26175397877984,32.5613572234763,0.0,0.0,0.0,0.16637609953245105,0.4911242603550296,0.014937792218083841,165.32585959885387,0.19599904739223625,-0.1971830985915493,0.21094805536199335,-0.11474169873377882,-0.5980072311721233,-0.08758314855875832,-0.19444444444444445,-0.13488372093023257,0.03993664331404189,-0.13337420589610213,0.14347584267922864,Lodging,Consumer Cyclical,MAR
2021Q4,2021,Q4,2022-02-15,2021-12-31,468000000.0,4446000000.0,645000000.0,1.42,902000000.0,0.2028789924,25553000000.0,1414000000.0,3626000000.0,6407000000.0,24139000000.0,0.0,10305000000.0,54132624000.0,63975624000.0,4.316239316239316,0.5659434992976432,0.4397135365710484,7.946251768033946,0.04006687634989774,4.316239316239316,0.33097595473833097,12.175578947368422,28.917,38.283326732673274,0.0,0.0,0.0,0.17399131217469574,0.5267675979397534,0.018314874965757445,149.1256859504132,0.20287899235267656,1.1194029850746265,1.2710772833723656,-0.035125157100963575,-0.6874614092273231,0.09333333333333334,1.1272727272727272,0.1834862385321101,0.1741071428571429,-0.13383023547294595,-0.33675405742821474,Lodging,Consumer Cyclical,MAR
2021Q3,2021,Q3,2021-11-03,2021-09-30,220000000.0,3946000000.0,545000000.0,0.67,825000000.0,0.20907247845919918,24506000000.0,918000000.0,2990000000.0,6019000000.0,23588000000.0,0.0,9838000000.0,48469857000.0,58237857000.0,2.8047662694775437,0.49676025917926564,0.43009875132620584,11.481481481481481,0.03548292587649337,2.8047662694775437,0.23965141612200436,12.283288646730867,55.07938295454545,52.79940849673203,0.0,0.0,0.0,0.1610217905818983,0.4675195215152019,0.008977393291438832,84.29540347826087,0.20907247845919918,-0.4765625,1.5561520666928548,-0.18585360008544302,-0.8721744939334152,0.13636363636363635,-0.4786729857819905,0.12139917695473251,-0.5175154773449118,-0.17213495341135035,-0.5815781128967881,Lodging,Consumer Cyclical,MAR
2021Q2,2021,Q2,2021-08-03,2021-06-30,422000000.0,3149000000.0,486000000.0,1.28,726000000.0,0.23054938075579548,24504000000.0,796000000.0,2799000000.0,6121000000.0,23708000000.0,0.0,9618000000.0,44655692000.0,54924692000.0,2.433506572913482,0.4572782225126613,0.4461720535422788,13.734924623115578,0.04315369669700378,2.433506572913482,0.5301507537688442,14.180912035566847,26.45479383886256,56.100115577889454,0.0,0.0,0.0,0.1285096310806399,0.42427707890867505,0.017221678093372512,756.8761355932203,0.23054938075579548,43.66666666666667,0.3282545545011554,-0.37259032477289433,1.178752374781022,1.0862068965517242,39.36363636363637,4.785714285714286,-0.252573284351805,-0.3636006795081492,-0.6972892562943949,Lodging,Consumer Cyclical,MAR
2021Q1,2021,Q1,2021-05-10,2021-03-31,-11000000.0,2316000000.0,84000000.0,-0.03,348000000.0,0.15025906735751296,24369000000.0,234000000.0,2672000000.0,5914000000.0,24135000000.0,0.0,9195000000.0,48387537000.00001,58742537000.00001,0.7162534435261708,0.4518092661481231,0.4506955558291272,46.93589743589744,0.002853754354755022,0.7162534435261708,-0.04700854700854701,20.8927189119171,-1099.71675,206.78434615384617,0.0,0.0,0.0,0.09503877877631417,0.42018938112952314,-0.0004513931634453609,-16129.179000000002,0.15025906735751296,0.94,-1.0391125870577924,-0.5218822759553503,1.0496904488772996,-0.10309278350515463,0.9329268292682927,1.65625,-1.0303199499179398,-0.4924643228859987,-0.9280131143691028,Lodging,Consumer Cyclical,MAR
2020Q4,2020,Q4,2021-02-18,2020-12-31,-164000000.0,2172000000.0,-128000000.0,-0.5,388000000.0,0.17863720073664824,24701000000.0,430000000.0,2825000000.0,5752000000.0,24271000000.0,0.0,9206000000.0,43032303999.99999,53354303999.99999,1.3182096873083997,0.49113351877607786,0.4533824541516538,26.044186046511626,-0.005368896818560342,1.3182096873083997,-0.3813953488372093,19.812294659300182,-65.59802439024389,100.07512558139534,0.0,0.0,0.0,0.08793166268572122,0.4598400556328234,-0.006639407311444881,-1956.013818181818,0.17863720073664824,-2.612903225806452,-1.639399991501296,-0.5384332100363869,1.094330938348058,-0.11212814645308924,-2.64,-1.507936507936508,-1.9132205313103399,-0.5862101569328307,-0.8710055328768971,Lodging,Consumer Cyclical,MAR
2020Q3,2020,Q3,2020-11-06,2020-09-30,100000000.0,2254000000.0,252000000.0,0.31,437000000.0,0.19387755102040816,25148000000.0,229000000.0,3540000000.0,6006000000.0,24919000000.0,0.0,9370000000.0,30171822000.0,40406822000.0,0.7026695305308377,0.5894105894105894,0.46969937967233977,51.580786026200876,0.015432042063337509,0.7026695305308377,0.4366812227074236,13.385901508429459,75.429555,131.75468122270743,0.0,0.0,0.0,0.08962939398759345,0.5607725607725608,0.003976459360585335,301.71822,0.19387755102040816,1.4305555555555556,-0.6168851093674659,-0.49317047978758055,1.0513346199234286,3.284313725490196,1.4273504273504274,2.6363636363636362,-0.7085778159069703,-0.545309347775543,-0.9420204197214914,Lodging,Consumer Cyclical,MAR
2020Q2,2020,Q2,2020-08-10,2020-06-30,-234000000.0,1464000000.0,-154000000.0,-0.72,102000000.0,0.06967213114754098,25680000000.0,-79000000.0,4113000000.0,6118000000.0,25759000000.0,0.0,9270000000.0,27913688000.0,38258688000.0,-0.24262899262899262,0.6722785223929388,0.49174454828660435,-159.84810126582278,-0.00903850620350133,-0.24262899262899262,2.962025316455696,19.066726775956283,-29.82231623931624,-353.33782278481016,0.0,0.0,0.0,0.05700934579439252,0.638117031709709,-0.00911214953271028,28.74736148300721,0.06967213114754098,-9.0,-1.8156941031941034,-0.6679869696947496,0.9782089885947454,-0.8082706766917294,-8.548387096774194,-2.3508771929824563,-1.6570478581348145,-0.7063235484288115,-1.0187380276902822,Lodging,Consumer Cyclical,MAR
2020Q1,2020,Q1,2020-05-11,2020-03-31,31000000.0,4681000000.0,114000000.0,0.09,532000000.0,0.11365092928861355,25549000000.0,-20000000.0,4049000000.0,6516000000.0,25569000000.0,0.0,9504000000.0,24343174000.0,34816174000.0,-0.06146281499692686,0.6213934929404543,0.47880543269795295,-611.65,0.014243050769584195,-0.06146281499692686,-1.55,5.200421704763939,196.3159193548387,-1217.1587,5.032258064516129,0.0,0.00640836729014877,0.18321656424909,0.5874769797421732,0.0012133547301264238,53.50148131868132,0.11365092928861355,-0.8941176470588236,-0.8721944600328395,0.1371527932688682,0.9932722807549678,-0.20239880059970014,-0.8888888888888888,-0.583941605839416,-0.8995386079093382,-0.004328425629054461,-1.0045776001339624,Lodging,Consumer Cyclical,MAR
2019Q4,2019,Q4,2020-02-27,2019-12-31,279000000.0,5371000000.0,274000000.0,0.85,667000000.0,0.12418544032768572,25051000000.0,703000000.0,3127000000.0,6677000000.0,24348000000.0,0.0,9644000000.0,49623611000.0,60338611000.0,2.145254806225206,0.4683240976486446,0.4367091134086464,15.561877667140825,0.018722309981264465,2.145254806225206,0.3968705547652916,9.239175386334017,44.46560125448029,70.58835135135135,0.5627240143369175,0.0,0.0031638165146828994,0.2144026186579378,0.392391792721282,0.011137279948904235,644.4624805194806,0.12418544032768572,-0.2672413793103448,0.22046752554723034,0.30051514883635144,1.2753727078536357,-0.24887387387387389,-0.27906976744186046,-0.5485996705107083,0.3534983016253371,0.16526346203925518,-0.8446622476507826,Lodging,Consumer Cyclical,MAR
2019Q3,2019,Q3,2019-11-05,2019-09-30,387000000.0,5284000000.0,607000000.0,1.16,888000000.0,0.1680545041635125,24812000000.0,838000000.0,2900000000.0,5738000000.0,23974000000.0,0.0,9522000000.0,41029663000.0,51532663000.0,2.540163685965444,0.5054025792959219,0.4344268902144124,12.862768496420047,0.035702653430796275,2.540163685965444,0.4618138424821002,7.764887017411052,26.504950258397933,48.96141169451074,0.40568475452196384,0.0,0.003826499866694006,0.21296147025632758,0.4653189264552109,0.015597291633080768,114.28875487465181,0.1680545041635125,0.6811594202898551,0.7651229539254317,0.3373711073770823,1.3984002654046779,0.02422145328719723,0.6681034482758621,0.4841075794621027,3.461066123933659,0.0816130651032885,-0.8842335947262454,Lodging,Consumer Cyclical,MAR
2019Q2,2019,Q2,2019-08-06,2019-06-30,232000000.0,5305000000.0,409000000.0,0.69,867000000.0,0.16343072573044298,24893000000.0,1240000000.0,2869000000.0,5624000000.0,23653000000.0,0.0,9292000000.0,47142574000.0,57272574000.0,3.7147992810065906,0.5101351351351351,0.41835054031253766,8.398387096774194,0.024084728046748053,3.7147992810065906,0.1870967741935484,8.886441847313854,50.8001875,38.01820483870968,0.6853448275862069,0.0,0.003372747529653345,0.21311211987305667,0.4644381223328592,0.009319889125456955,92.25552641878669,0.16343072573044298,-0.36697247706422026,0.05883013780707007,0.3342793969040358,1.6317318544735047,0.09056603773584905,-0.38133333333333336,-0.1980392156862745,-0.2844317550570902,0.03575765327823464,1.2728692828307266,Lodging,Consumer Cyclical,MAR
2019Q1,2019,Q1,2019-05-10,2019-03-31,375000000.0,5012000000.0,510000000.0,1.09,795000000.0,0.1586193136472466,24746000000.0,1603000000.0,2735000000.0,5848000000.0,23143000000.0,0.0,9219000000.0,43282020000.0,53280020000.0,4.720259128386337,0.4676812585499316,0.4144508203345995,6.398003742981909,0.034727669699822196,4.720259128386337,0.23393636930754835,8.635678371907423,28.85468,27.00063630692452,0.37066666666666664,0.0,0.0032114952120996204,0.20253778388426413,0.42339261285909713,0.015153964277054878,509.20023529411765,0.1586193136472466,0.18478260869565222,0.9009624866463968,0.3270584675277572,1.8601038325631967,-0.1640378548895899,-0.0985576923076923,-0.08273381294964029,0.2827339174209789,-0.004620244389569465,1.3274703905812608,Lodging,Consumer Cyclical,MAR
2018Q4,2018,Q4,2019-03-01,2018-12-31,416000000.0,5357000000.0,556000000.0,0.92,951000000.0,0.17752473399290647,23696000000.0,2225000000.0,2706000000.0,6437000000.0,21471000000.0,0.0,8982000000.0,37116664000.0,46147664000.0,6.507750804328751,0.42038216560509556,0.39445476029709653,4.200898876404494,0.04172767467654629,6.507750804328751,0.18696629213483146,6.928628710098936,22.3056875,16.681646741573033,0.33413461538461536,0.0,0.0037449486300816254,0.2260719108710331,0.38045673450365075,0.017555705604321403,84.54820956719817,0.17752473399290647,-0.33333333333333326,1.412509757510135,0.45731476451287645,2.376975682555497,0.11228070175438597,-0.13871635610766045,-0.02456140350877193,0.5474155780597071,0.08612856285318372,1.4656939224601828,Lodging,Consumer Cyclical,MAR
2018Q3,2018,Q3,2018-11-06,2018-09-30,483000000.0,5049000000.0,570000000.0,1.38,855000000.0,0.16934046345811052,23833000000.0,2324000000.0,2803000000.0,6051000000.0,21509000000.0,0.0,8705000000.0,44498945000.0,53452945000.0,6.703201615229305,0.463229218311023,0.39134813074308733,4.013339070567986,0.041601639706922336,6.703201615229305,0.20783132530120482,8.813417508417508,23.03258022774327,19.14756669535284,0.2939958592132505,0.0,0.0031910868898127813,0.21184911677086393,0.42108742356635265,0.02026601770654135,71.65691626409017,0.16934046345811052,-0.19298245614035092,1.6286721228728007,0.39132170227059476,2.4362644198990253,-0.17231364956437561,-0.2081967213114754,-0.22972972972972974,0.739428901067205,0.06719524163223552,1.4897128625001737,Lodging,Consumer Cyclical,MAR
2018Q2,2018,Q2,2018-08-07,2018-06-30,610000000.0,5346000000.0,740000000.0,1.71,1033000000.0,0.19322858211747101,23844000000.0,2841000000.0,2817000000.0,5904000000.0,21003000000.0,0.0,8363000000.0,44740440000.0,53365440000.0,8.03904923599321,0.4771341463414634,0.3770759939607448,3.1647307286166844,0.04792811250301541,8.03904923599321,0.21471312917986624,8.368956228956229,18.33624590163934,15.748130939809924,0.2360655737704918,0.0,0.0032185646810804725,0.22420734776044288,0.43021680216802166,0.025582955879885926,344.15723076923075,0.19322858211747101,0.5688073394495411,1.957495107384609,0.42186744728022757,2.6514242469384577,0.237125748502994,0.5326633165829145,0.48,0.9591114883984155,0.11701976370810115,1.722003630690587,Lodging,Consumer Cyclical,MAR
2018Q1,2018,Q1,2018-05-10,2018-03-31,398000000.0,5006000000.0,500000000.0,1.09,835000000.0,0.16679984019176988,24484000000.0,3566000000.0,3152000000.0,6469000000.0,20918000000.0,0.0,7898000000.0,48735232000.0,56880232000.0,9.949776785714286,0.4872468696861957,0.3612971736644339,2.4806505888951205,0.031937990866055595,9.949776785714286,0.11160964666292765,9.735363963244106,30.61258291457286,13.666638250140211,0.2964824120603015,0.0,0.0024212462967243085,0.20446005554647934,0.4326789302828876,0.016255513804933834,79.76306382978723,0.16679984019176988,2.5161290322580645,1.5459640887605042,0.3860942899199783,3.2529705169104677,-0.13020833333333334,0.9800995024875622,-0.12280701754385964,0.4897747368875086,0.10413092569435974,2.089102488526944,Lodging,Consumer Cyclical,MAR
2017Q4,2017,Q4,2018-02-15,2017-12-31,201000000.0,5875000000.0,570000000.0,0.31,960000000.0,0.16340425531914893,23948000000.0,3731000000.0,2747000000.0,6010000000.0,20217000000.0,0.0,7391000000.0,49555023000.0,57410023000.0,10.219118049849357,0.45707154742096506,0.34399532320026727,2.207987134816403,0.008118938300533375,10.219118049849357,0.053872956311980705,8.434897531914894,61.63560074626865,13.281968105065665,0.5970149253731343,0.0,0.0024215506872027888,0.2453232002672457,0.3950083194675541,0.00839318523467513,113.91959310344828,0.16340425531914893,-0.7019230769230769,-0.048883905264734795,0.33931497322955695,3.486784602480851,0.03559870550161812,-0.4872448979591837,-0.0981012658227848,-0.21080797000196036,0.27682901273204236,2.3117631533079357,Lodging,Consumer Cyclical,MAR
2017Q3,2017,Q3,2017-11-08,2017-09-30,392000000.0,5663000000.0,632000000.0,1.04,927000000.0,0.16369415504149745,24236000000.0,4512000000.0,2944000000.0,5608000000.0,19724000000.0,0.0,7310000000.0,41049798000.0,49210798000.0,12.119258662369058,0.5249643366619116,0.35769103812510317,1.9213209219858156,0.03240610178182284,12.119258662369058,0.08687943262411348,7.248772382129613,26.179718112244903,9.097916223404255,0.3112244897959184,0.0,0.0029720000083800656,0.23366067007757055,0.4318830242510699,0.016174286185839246,72.91260746003553,0.16369415504149745,-0.03703703703703707,1.3517540745582644,0.7802660159622963,3.98679877836472,-0.026260504201680673,-0.05314009661835749,0.01935483870967742,0.5843070104754229,0.2700621352349634,2.900789265775473,Lodging,Consumer Cyclical,MAR
2017Q2,2017,Q2,2017-08-08,2017-06-30,414000000.0,5795000000.0,620000000.0,1.08,952000000.0,0.1642795513373598,23881000000.0,4901000000.0,2830000000.0,5363000000.0,18980000000.0,0.0,7040000000.0,37967335000.0,45782335000.0,12.948480845442536,0.527689725899683,0.34810100079561157,1.696184452152622,0.03281225072507046,12.948480845442536,0.08447255662109773,6.551740293356342,22.927134661835748,7.746854723525812,0.30193236714975846,0.0,0.0032923037658555703,0.2426615300866798,0.4292373671452545,0.017335957455717935,52.73240972222222,0.1642795513373598,0.1489361702127661,1.5080710570803042,0.8084625150849516,4.777408246637551,0.10312862108922363,0.13424657534246576,0.15456238361266295,0.6663226552179657,0.2853910763224826,3.201994562379036,Lodging,Consumer Cyclical,MAR
2017Q1,2017,Q1,2017-05-09,2017-03-31,365000000.0,5561000000.0,537000000.0,0.94,863000000.0,0.15518791584247438,23925000000.0,5168000000.0,3121000000.0,5223000000.0,18757000000.0,0.0,6750000000.0,36249882000.0,43981882000.0,13.426864120550793,0.5975493011679112,0.35402298850574715,1.6389318885448916,0.0296329388926937,13.426864120550793,0.07062693498452012,6.518590541269556,24.828686301369864,7.014296052631579,0.3150684931506849,0.0,0.003172424119890928,0.23243469174503656,0.47673750717978175,0.015256008359456636,75.83657322175732,0.15518791584247438,0.5161290322580644,2.0427608569658453,0.8892112391689085,6.283661034230896,-0.021541950113378686,0.4959016393442623,0.21768707482993196,0.6325064800884556,0.29912715486379743,3.44658120990467,Lodging,Consumer Cyclical,MAR
2016Q4,2016,Q4,2017-02-21,2016-12-31,244000000.0,5456000000.0,441000000.0,0.62,882000000.0,0.16165689149560117,24140000000.0,5357000000.0,3371000000.0,5147000000.0,18783000000.0,0.0,6501000000.0,32071572000.000004,39719572000.0,13.810260376385667,0.654944627938605,0.3523612261806131,1.5878290087735674,0.02026620440344144,13.810260376385667,0.04554788127683405,5.878220674486804,32.86021721311476,5.986853089415718,0.47950819672131145,0.0,0.0036480905893855153,0.2260149130074565,0.4960170973382553,0.010107705053852526,83.7377859007833,0.16165689149560117,1.3846153846153846,0.5453569776519867,0.3193291489434629,7.125319070909084,0.4798657718120805,2.4857142857142858,1.5789473684210527,0.2472252526338971,0.30823390796188616,3.9221144570246422,Lodging,Consumer Cyclical,MAR
2016Q3,2016,Q3,2016-11-09,2016-09-30,70000000.0,3942000000.0,171000000.0,0.26,596000000.0,0.15119228817858954,25002000000.0,5841000000.0,3787000000.0,5229000000.0,19161000000.0,0.0,6375000000.0,17923246000.0,25667246000.0,21.94214876033058,0.7242302543507363,0.35285177185825134,1.5103578154425612,0.006231606478996571,21.94214876033058,0.011984249272384865,4.546739218670726,64.01159285714284,3.0685235404896423,1.6714285714285715,0.0,0.0065278354155268534,0.15766738660907129,0.5322241346337732,0.0027997760179185667,64.01159285714286,0.15119228817858954,-0.7291666666666666,1.5074103144189483,0.7796890905640192,16.62515856236786,0.015332197614991482,-0.7165991902834008,-0.5604113110539846,-0.5038270097670924,0.4147659511740483,5.701444081436339,Lodging,Consumer Cyclical,MAR
2016Q2,2016,Q2,2016-07-28,2016-06-30,247000000.0,3902000000.0,389000000.0,0.96,587000000.0,0.1504356740133265,6650000000.0,-3462000000.0,1959000000.0,3244000000.0,10112000000.0,0.0,5185000000.0,16900777999.999998,20581778000.0,-13.613841918993314,0.6038840937114673,0.6556390977443609,-1.2593876372039283,0.31103680012430723,-13.613841918993314,-0.07134604274985558,4.331311635058944,17.106050607287447,-4.881796071634893,0.3076923076923077,0.0,0.004496834406084738,0.586766917293233,0.5644266337854501,0.037142857142857144,39.39575291375291,0.1504356740133265,0.12941176470588234,1.567812877761757,0.8426321641917831,-5.277095229655558,0.04634581105169341,0.1278538812785388,0.05994550408719346,0.6642223037498051,0.4422402347414843,-1.7966278074717006,Lodging,Consumer Cyclical,MAR
2016Q1,2016,Q1,2016-04-28,2016-03-31,219000000.0,3772000000.0,367000000.0,0.85,561000000.0,0.14872746553552493,6121000000.0,-3667000000.0,1424000000.0,3247000000.0,9788000000.0,0.0,5025000000.0,18108192000.0,22168192000.0,-14.41430817610063,0.4385586695411149,0.6794641398464303,-1.1341696209435506,0.5011035463115368,-14.41430817610063,-0.059721843468775564,4.800687168610817,20.671452054794525,-4.93814889555495,0.2922374429223744,0.0,0.0035343119843217917,0.6162391766051298,0.38250692947336,0.03577846757065839,62.227463917525775,0.14872746553552493,0.10389610389610385,2.1288880067252007,0.9593260841019512,-4.817815679254359,0.05849056603773585,0.08415841584158416,0.18387096774193548,0.9736230577136513,0.47137884374412026,-2.2638934562877093,Lodging,Consumer Cyclical,MAR
2015Q4,2015,Q4,2016-02-18,2015-12-31,202000000.0,3706000000.0,310000000.0,0.77,530000000.0,0.1430113329735564,6082000000.0,-3590000000.0,1384000000.0,3233000000.0,9672000000.0,0.0,4878000000.0,17222576000.0,21233576000.0,-13.974309069676917,0.4280853696257346,0.6752712923380467,-1.1440111420612813,0.42648541150189334,-13.974309069676917,-0.05626740947075209,4.647214247166756,21.315069306930695,-4.797374930362118,0.31683168316831684,0.0,0.003716052697343301,0.609339033212759,0.37086297556449116,0.03321275896086814,65.48507984790875,0.1430113329735564,-0.012820512820512832,0.661679833137205,0.44813001894552745,-4.223348514746928,0.02119460500963391,-0.0380952380952381,-0.0855457227138643,0.358427833776713,0.2006819915138555,-2.4005964560995894,Lodging,Consumer Cyclical,MAR
2015Q3,2015,Q3,2015-10-29,2015-09-30,210000000.0,3578000000.0,339000000.0,0.78,519000000.0,0.14505310229178311,6153000000.0,-3589000000.0,1723000000.0,3509000000.0,9742000000.0,0.0,4740000000.0,17882040000.0,22091040000.0,-13.688024408848207,0.4910230834995725,0.6994961807248496,-1.199219838395096,0.3222214678525358,-13.688024408848207,-0.05851212036779047,4.997775293460034,21.28814285714286,-4.982457509055448,0.30952380952380953,0.0,0.003634932032363198,0.5815049569315781,0.3530920490168139,0.034129692832764506,66.47598513011152,0.14505310229178311,-0.10344827586206894,2.5037633371012653,0.8711815085460927,-4.667986467050025,-0.06148282097649186,-0.125,-0.08130081300813008,0.7888976012545805,0.597125431035808,-2.3734220649584237,Lodging,Consumer Cyclical,MAR
2015Q2,2015,Q2,2015-07-30,2015-06-30,240000000.0,3689000000.0,369000000.0,0.87,553000000.0,0.14990512333965844,6321000000.0,-3033000000.0,1906000000.0,3517000000.0,9354000000.0,0.0,4573000000.0,20263836000.0,24040836000.0,-11.134361233480176,0.5419391526869491,0.6196804303116595,-1.2914606000659412,0.28219998725383977,-11.134361233480176,-0.0791295746785361,5.493043101111413,21.108162500000002,-6.681119683481701,0.2833333333333333,0.0,0.003355731856495483,0.583610188261351,0.37759454080181976,0.037968675842429994,49.91092610837438,0.14990512333965844,0.19178082191780824,1.6809314033983633,0.7696751439150294,-4.293915198237886,0.061420345489443376,0.15942028985507245,0.11144578313253012,1.020270478420258,0.5996446095545204,-2.2481824274538695,Lodging,Consumer Cyclical,MAR
2015Q1,2015,Q1,2015-04-30,2015-03-31,207000000.0,3513000000.0,332000000.0,0.73,521000000.0,0.14830629091944209,6803000000.0,-2537000000.0,1828000000.0,3030000000.0,9340000000.0,0.0,4401000000.0,22304864000.0,26212864000.0,-9.135758012243429,0.6033003300330033,0.5920917242393062,-1.5877020102483248,0.15013861671658618,-9.135758012243429,-0.08159243200630666,6.3492354113293485,26.938241545893717,-8.791826566811194,0.27053140096618356,0.0,0.002510663145043162,0.5163898280170514,0.4264026402640264,0.03042775246214905,119.27734759358289,0.14830629091944209,0.07352941176470577,2.2277095418042347,0.728719752557332,-4.0685901211217645,0.03578528827037773,0.050761421319796954,0.140893470790378,1.3917585385446385,0.6541611118197734,-2.595050057412302,Lodging,Consumer Cyclical,MAR
2014Q4,2014,Q4,2015-02-19,2014-12-31,197000000.0,3559000000.0,291000000.0,0.68,503000000.0,0.14133183478505199,6865000000.0,-2200000000.0,1921000000.0,3060000000.0,9065000000.0,0.0,4286000000.0,22035672000.0,25712672000.0,-7.790368271954674,0.6277777777777778,0.5507647487254188,-1.7186363636363637,0.1285814257068648,-7.790368271954674,-0.08954545454545454,6.19153470075864,27.96405076142132,-10.016214545454545,0.28426395939086296,0.0,0.0025413338880702165,0.5184268026219956,0.3934640522875817,0.028696285506190824,169.50516923076924,0.14133183478505199,0.04615384615384619,5.636495851881829,0.45810434298666514,-3.5390324613148243,0.0,0.026041666666666668,-0.02348993288590604,0.71380065497358,0.1821208334579855,-2.4552926624905234,Lodging,Consumer Cyclical,MAR
2014Q3,2014,Q3,2014-10-29,2014-09-30,192000000.0,3460000000.0,298000000.0,0.65,503000000.0,0.1453757225433526,6847000000.0,-1842000000.0,1552000000.0,2738000000.0,8689000000.0,0.0,4156000000.0,20194110000.0,23572110000.0,-6.375908618899273,0.5668371073776479,0.51526215860961,-1.9153094462540716,0.11702049331206284,-6.375908618899273,-0.10423452768729642,5.836447976878612,26.2944140625,-10.96314332247557,0.3020833333333333,0.0,0.002872124594745695,0.5053308018110121,0.43097151205259315,0.028041478019570614,118.78888235294117,0.1453757225433526,0.015625000000000014,1.5087281857927883,0.7289157932956879,-3.308999737179183,-0.03639846743295019,0.0,-0.056962025316455694,2.2823984638321817,0.4393424245205279,-6.121485667366997,Lodging,Consumer Cyclical,MAR
2014Q2,2014,Q2,2014-07-30,2014-06-30,192000000.0,3484000000.0,316000000.0,0.64,522000000.0,0.14982778415614237,6830000000.0,-1720000000.0,1537000000.0,2690000000.0,8550000000.0,0.0,4030000000.0,18749250000.0,21961250000.0,-5.880341880341881,0.5713754646840149,0.49838945827232795,-1.9790697674418605,0.1264158019752469,-5.880341880341881,-0.11162790697674418,5.3815298507462686,24.413085937499996,-10.900726744186045,0.3072916666666667,0.0,0.003146792538368202,0.5101024890190337,0.46431226765799255,0.028111273792093706,47.829719387755105,0.14982778415614237,0.12280701754385977,5.343509297851697,0.6623753752103393,-2.4859427698589593,0.1917808219178082,0.11627906976744186,0.2440944881889764,0.7353542260208927,0.4303753551667416,-2.847441916456001,Lodging,Consumer Cyclical,MAR
2014Q1,2014,Q1,2014-04-30,2014-03-31,172000000.0,3293000000.0,254000000.0,0.57,438000000.0,0.13300941390829032,6665000000.0,-1625000000.0,1565000000.0,2596000000.0,8290000000.0,0.0,3917000000.0,16587522000.0,19705522000.0,-5.4880108071597435,0.6028505392912172,0.495423855963991,-2.032,0.11277611277611277,-5.4880108071597435,-0.10584615384615384,5.037206802307926,24.109770348837213,-10.207705846153846,0.29069767441860467,0.0,0.003014314012665665,0.4940735183795949,0.46956856702619415,0.025806451612903226,137.08695867768594,0.13300941390829032,0.1632653061224489,9.951483211018603,0.5798489698451278,-2.464703370218462,0.0,0.1390728476821192,0.06722689075630252,1.1113150828760687,0.4696213968536013,-2.453570539183508,Lodging,Consumer Cyclical,MAR
2013Q4,2013,Q4,2014-02-20,2013-12-31,151000000.0,3219000000.0,238000000.0,0.49,438000000.0,0.13606710158434296,6794000000.0,-1415000000.0,1903000000.0,2675000000.0,8209000000.0,0.0,3837000000.0,14775689400.0,17802689400.0,-4.7261189044756176,0.7114018691588785,0.46408595819841036,-2.228268551236749,0.0984656693517453,-4.7261189044756176,-0.10671378091872792,4.590148928238583,24.4630619205298,-10.44218332155477,0.3443708609271523,0.0,0.003519294334922877,0.47380041212834856,0.45121495327102806,0.022225493082131294,94.11267133757961,0.13606710158434296,-0.057692307692307744,18.75283901135605,0.0001398145127464413,-2.2055027930256648,0.06310679611650485,-0.05625,-0.02857142857142857,0.06582336155934221,0.07928322322844492,-2.0901382154424515,Lodging,Consumer Cyclical,MAR
2013Q3,2013,Q3,2013-10-31,2013-09-30,160000000.0,3160000000.0,245000000.0,0.52,412000000.0,0.13037974683544304,6480000000.0,-1409000000.0,1646000000.0,2422000000.0,7889000000.0,0.0,3763000000.0,12697914000.0,15709914000.0,-4.667108314011262,0.6796036333608588,0.48703703703703705,-2.239886444286728,0.10062092350499639,-4.667108314011262,-0.11355571327182398,4.018327215189873,19.840490625,-9.012004258339248,0.31875,0.0,0.004016407734372748,0.4876543209876543,0.4607762180016515,0.024691358024691357,108.52917948717949,0.13037974683544304,-0.08771929824561392,1.0017249843191698,0.25420264373558515,-2.160366190796292,-0.10043668122270742,-0.10614525139664804,-0.12186379928315412,1.3184889275552023,0.43526547375183755,-2.2506472537398445,Lodging,Consumer Cyclical,MAR
2013Q2,2013,Q2,2013-08-01,2013-06-30,179000000.0,3263000000.0,279000000.0,0.57,458000000.0,0.14036163040147104,6377000000.0,-1493000000.0,1404000000.0,2467000000.0,7870000000.0,0.0,3662000000.0,12366144000.0,15345144000.0,-4.8679491359634826,0.5691122821240373,0.4840834248079034,-2.0676490288010716,0.11912781294874791,-4.8679491359634826,-0.11989283322170127,3.789808152007355,17.271150837988827,-8.282748827863362,0.2905027932960894,0.0,0.004205029474021975,0.5116826093774502,0.4515605999189299,0.028069625215618628,29.86991304347826,0.14036163040147104,0.3255813953488371,0.3284643589972566,0.19372466070014557,-2.212284173450318,0.12807881773399016,0.3161764705882353,0.2345132743362832,0.7759094508360891,0.3902576607103922,-2.440101619389197,Lodging,Consumer Cyclical,MAR
2013Q1,2013,Q1,2013-05-02,2013-03-31,136000000.0,3142000000.0,226000000.0,0.43,406000000.0,0.12921705919796309,6523000000.0,-1377000000.0,1626000000.0,2358000000.0,7900000000.0,11000000.0,3549000000.0,12980234000.0,16014234000.0,-4.416292495189224,0.6895674300254453,0.4990035259849762,-2.363834422657952,0.08142461282511829,-4.416292495189224,-0.09876543209876543,4.131201145767028,23.860724264705883,-9.426458968772694,0.3014705882352941,248.72727272727272,0.0031586487577958916,0.4816802084930247,0.5517387616624257,0.020849302468189484,270.42154166666666,0.12921705919796309,-0.23214285714285723,0.29183880915399263,0.22540834682773894,-2.1989878947460495,-0.21165048543689322,-0.24861878453038674,-0.2686084142394822,0.8886991197632093,0.3770585122080302,-2.483378993243932,Lodging,Consumer Cyclical,MAR
2012Q4,2012,Q4,2013-02-20,2012-12-28,181000000.0,3757000000.0,309000000.0,0.56,515000000.0,0.13707745541655575,6342000000.0,-1285000000.0,1475000000.0,2773000000.0,7627000000.0,10000000.0,3509000000.0,11407295999.999998,13346295999.999998,-4.109370003197953,0.5319148936170213,0.3196152633238726,-1.577431906614786,0.2781402611869785,-4.109370003197953,-0.14085603112840467,3.0362778812882616,15.755933701657458,-8.877273151750972,0.44751381215469616,324.2,0.007100718697928063,0.5923998738568275,0.4803461954561846,0.028539892778303374,-59.10516062176165,0.13707745541655575,0.2727272727272728,0.2635585952263279,0.128895037134659,-2.104842515905286,0.4927536231884058,0.26573426573426573,0.4507042253521127,4.847149253049477,0.3900762448930415,-2.339323568467844,Lodging,Consumer Cyclical,MAR
2012Q3,2012,Q3,2012-10-04,2012-09-07,143000000.0,2729000000.0,213000000.0,0.44,345000000.0,0.12641993404177354,5865000000.0,-1296000000.0,1158000000.0,2690000000.0,7161000000.0,11000000.0,3434000000.0,12571584000.0,14126584000.0,-4.057608015028178,0.43048327137546466,0.2830349531116795,-1.2808641975308641,0.376930501930502,-4.057608015028178,-0.11033950617283951,4.60666324661048,21.978293706293705,-9.700296296296296,0.3006993006993007,216.72727272727272,0.0034204122567211897,0.46530264279624894,0.4323420074349442,0.024381926683716967,37.86621686746988,0.12641993404177354,0.047619047619047665,0.2931650794428485,0.09850616904338343,-1.9299233544725556,-0.14392059553349876,0.0,-0.12345679012345678,1.3427150992942778,0.23342829913407542,-2.4694401065449494,Lodging,Consumer Cyclical,MAR
2012Q2,2012,Q2,2012-07-12,2012-06-15,143000000.0,2776000000.0,243000000.0,0.42,403000000.0,0.1451729106628242,6007000000.0,-1124000000.0,1355000000.0,2642000000.0,7131000000.0,12000000.0,3335000000.0,12453641999.999998,14023641999.999998,-3.427874351936566,0.5128690386071159,0.27884135175628433,-1.4902135231316727,0.3017480179577801,-3.427874351936566,-0.12722419928825623,4.48618227665706,21.772101398601396,-11.079752669039145,0.23076923076923078,197.75,0.0026498272553522897,0.46212751789578826,0.4795609386828161,0.023805560179790245,53.679491379310335,0.1451729106628242,0.4,-0.18356474932707484,0.05085457359833958,-1.673962515579285,0.2515527950310559,0.375,0.38857142857142857,3.2145270273567252,0.18155751361715874,-1.8662124095663915,Lodging,Consumer Cyclical,MAR
2012Q1,2012,Q1,2012-04-19,2012-03-23,104000000.0,2552000000.0,175000000.0,0.3,322000000.0,0.12617554858934169,6171000000.0,-848000000.0,1464000000.0,2906000000.0,7019000000.0,12000000.0,3249000000.0,12587164000.0,13978164000.0,-2.5412046748576564,0.503785271851342,0.2724031761464917,-1.982311320754717,0.1486308809237981,-2.5412046748576564,-0.12264150943396226,4.932274294670846,30.257605769230768,-14.843353773584907,0.3269230769230769,185.83333333333334,0.0027011644561078254,0.41354723707664887,0.4889883000688231,0.016853022200615783,-174.82172222222223,0.12617554858934169,-0.2629716981132076,-0.32778355066569625,0.058574986857193395,-1.448951039969445,-0.35728542914171657,-0.2624113475177305,-0.291497975708502,5.802662790582533,0.08639238151700471,-1.6782258968628485,Lodging,Consumer Cyclical,MAR
2011Q4,2011,Q4,2012-02-16,2011-12-30,141000000.0,3693000000.0,247000000.0,0.40704,501000000.0,0.13566206336311942,5910000000.0,-781000000.0,1324000000.0,2558000000.0,6691000000.0,11000000.0,3212000000.0,10104488000.0,11487488000.0,-2.254618937644342,0.5175918686473807,0.2512690355329949,-1.9014084507042253,0.24490183393339335,-2.254618937644342,-0.18053777208706787,2.7361191443271053,17.91575886524823,-12.937884763124199,0.24113475177304963,290.1818181818182,0.003364841444712488,0.6248730964467005,0.48553557466770914,0.023857868020304568,134.72650666666667,0.13566206336311942,1.7827692307692309,-0.21459033172370356,0.19158261550080447,-1.3655789683078774,0.39166666666666666,1.7877094972067038,2.7152777777777777,15.327944572748267,-0.008271120898007476,-1.5750912072831944,Lodging,Consumer Cyclical,MAR
2011Q3,2011,Q3,2011-10-07,2011-09-09,-179000000.0,2874000000.0,-144000000.0,-0.52,360000000.0,0.12526096033402923,8465000000.0,430000000.0,2678000000.0,3100000000.0,8035000000.0,1029000000.0,3165000000.0,9008032000.0,11008032000.0,1.2449334105385061,0.8638709677419355,0.2622563496751329,5.162790697674419,-0.04887835403432256,1.2449334105385061,-0.41627906976744183,3.134318719554628,-12.581050279329608,20.948911627906973,-0.2011173184357542,2.443148688046647,0.003996433405209928,0.3395156526875369,0.48451612903225805,-0.02114589486119315,24.545046321525884,0.12526096033402923,-2.4054054054054053,-2.4968681248177673,0.30285484889224606,-0.8123568422155714,-0.0792838874680307,-2.325925925925926,-1.6206896551724137,-2.9573939332134187,-0.002970122344663549,-0.6904767273035445,Lodging,Consumer Cyclical,MAR
2011Q2,2011,Q2,2011-07-15,2011-06-17,135000000.0,2972000000.0,232000000.0,0.37,391000000.0,0.1315612382234186,8791000000.0,1136000000.0,2938000000.0,2917000000.0,7655000000.0,1365000000.0,3401000000.0,11831235000.0,13998235000.0,3.1829644158027457,1.0071991772368871,0.2598111705152997,2.01056338028169,0.045561665357423405,3.1829644158027457,0.11883802816901408,3.980900067294751,21.909694444444444,10.414819542253522,0.23703703703703705,1.8908424908424908,0.002704704961062814,0.3380730292344443,0.48028796708947546,0.015356614719599591,37.79947284345048,0.1315612382234186,0.423076923076923,-0.15024135160296095,0.20358144116401083,-0.5505223151672844,0.11714285714285715,0.33663366336633666,0.21465968586387435,-0.1390104648485811,-0.06566390822770486,-0.20733407885752553,Lodging,Consumer Cyclical,MAR
2011Q1,2011,Q1,2011-04-22,2011-03-25,101000000.0,2778000000.0,191000000.0,0.26,350000000.0,0.1259899208063355,8760000000.0,1386000000.0,2999000000.0,2423000000.0,7374000000.0,1459000000.0,3310000000.0,13824985999.999998,16358985999.999998,3.7755380005448105,1.237721832439125,0.3057077625570776,1.9321789321789322,0.03122895513883133,3.7755380005448105,0.07287157287157287,4.976596832253419,34.22026237623762,9.974737373737373,0.31683168316831684,1.6641535298149417,0.002314649721887603,0.3171232876712329,0.5782088320264135,0.011529680365296804,179.5452727272727,0.1259899208063355,-0.43478260869565216,0.8777694475083841,0.16470436132528982,-0.48362012038275637,-0.26004228329809725,-0.4161849710982659,0.5655737704918032,-0.185140901459057,-0.07976526669055797,0.025028202669572258,Lodging,Consumer Cyclical,MAR
2010Q4,2010,Q4,2011-02-18,2010-12-31,173000000.0,3642000000.0,122000000.0,0.46,473000000.0,0.12987369577155408,8983000000.0,1585000000.0,3382000000.0,2501000000.0,7398000000.0,1489000000.0,3286000000.0,15187024000.0,17511024000.0,4.335339168490153,1.3522590963614554,0.3149281977067795,1.7848580441640378,0.04346912715739177,4.335339168490153,0.10914826498422713,4.169968149368479,21.946566473988437,9.581718611987382,0.08092485549132948,2.1282740094022836,0.0009218395914828342,0.40543248358009576,0.5769692123150739,0.019258599576978737,690.3192727272727,0.12987369577155408,1.090909090909091,-0.10871672714178869,0.2213419137863992,-0.404890711926813,0.49683544303797467,1.0843373493975903,-0.2694610778443114,0.03296262681519798,-0.06400397501328485,0.16559643704262889,Lodging,Consumer Cyclical,MAR
2010Q3,2010,Q3,2010-10-08,2010-09-10,83000000.0,2648000000.0,167000000.0,0.22,316000000.0,0.11933534743202417,8789000000.0,1355000000.0,3061000000.0,2496000000.0,7434000000.0,1455000000.0,3191000000.0,12893681000.0,15396681000.0,3.731754337648031,1.2263621794871795,0.2958243258618728,1.918819188191882,0.027380293931731983,3.731754337648031,0.061254612546125464,4.869214879154079,38.83638855421686,9.515631734317342,0.18072289156626506,1.6027491408934709,0.0011633605639847922,0.30128569803163047,0.5604967948717948,0.00944362271020594,41.86260064935065,0.11933534743202417,-0.29032258064516125,-0.3301869025671926,0.17319431248194986,-0.5067211067478027,-0.14130434782608695,-0.3025210084033613,-0.2610619469026549,-0.33975566096442633,-0.06238270808259723,-0.14475585150650208,Lodging,Consumer Cyclical,MAR
2010Q2,2010,Q2,2010-07-16,2010-06-18,119000000.0,2771000000.0,226000000.0,0.31,368000000.0,0.13280404186214362,8647000000.0,1224000000.0,2951000000.0,2351000000.0,7423000000.0,1467000000.0,3130000000.0,12782129999.999998,15593129999.999998,3.380281690140845,1.2552105487026797,0.3202266682086273,2.2622549019607843,0.036604819303346074,3.380281690140845,0.09722222222222222,4.61282208588957,26.85321428571428,10.442916666666665,0.11764705882352941,1.638036809815951,0.00109527911232322,0.32045796229906326,0.5533815397703105,0.013761998380941366,39.57315789473684,0.13280404186214362,0.40909090909090906,0.05469957100088465,0.2736571723892144,-0.5901804803306563,0.15723270440251572,0.43373493975903615,0.25555555555555554,-0.38475858338436414,-0.05011162084615321,-0.3353947906617789,Lodging,Consumer Cyclical,MAR
2010Q1,2010,Q1,2010-04-23,2010-03-26,83000000.0,2630000000.0,180000000.0,0.22,318000000.0,0.12091254752851711,8793000000.0,1070000000.0,3015000000.0,2313000000.0,7723000000.0,1503000000.0,3038000000.0,11173746000.0,14324746000.0,2.9771841958820255,1.3035019455252919,0.35528261116797455,2.919626168224299,0.027614199687260872,2.9771841958820255,0.07757009345794393,4.248572623574145,33.65586144578313,10.442753271028037,0.0,1.5382568196939455,0.0,0.2991015580575458,0.5650670125378296,0.0094393267371773,82.76848888888888,0.12091254752851711,2.4621826399042934,-0.2734453162742501,0.317368742398868,-0.6545951072446957,0.16058394160583941,2.482142857142857,0.046511627906976744,-0.5018822444764472,0.012919285855284674,-0.4740250739556427,Lodging,Consumer Cyclical,MAR
2009Q4,2009,Q4,2010-02-12,2010-01-01,-56000000.0,3217000000.0,172000000.0,-0.15046,274000000.0,0.08517252098228163,7933000000.0,1142000000.0,2851000000.0,2287000000.0,6791000000.0,1444000000.0,3103000000.0,10142450000.0,12325450000.0,3.0682428801719506,1.2466112811543506,0.2816084709441573,1.956217162872154,-0.23775671406003163,3.0682428801719506,-0.04903677758318739,3.1527665526888407,-45.27879464285714,8.881304728546409,0.0,2.0380886426592797,0.0,0.4055212403882516,0.5255793616090949,-0.007059120131097945,45.48183856502242,0.08517252098228163,0.8847533755940034,-1.3856150615957172,0.33294088805883465,-0.6358106221133808,0.04980842911877394,0.8798283261802575,1.3399209486166008,-1.2903131258853988,-0.03395484599915269,-0.5024946132035932,Lodging,Consumer Cyclical,MAR
2009Q3,2009,Q3,2009-10-09,2009-09-11,-466000000.0,2471000000.0,-506000000.0,-1.305548,261000000.0,0.10562525293403481,8267000000.0,985000000.0,2963000000.0,2491000000.0,7282000000.0,1465000000.0,3038000000.0,8748831779.8065,11278831779.8065,2.761329296073666,1.1894821356884786,0.305189306882787,2.5614213197969544,-0.09963088786749578,2.761329296073666,-0.4730964467005076,3.5406037150167946,-4.693579281012071,8.882062720615735,-0.004291845493562232,1.5085324232081911,0.00022860194941869537,0.2988992379339543,0.5198715375351265,-0.056368694810693114,41.86043913783014,0.10562525293403481,-14.198152023372657,-5.476790362580888,0.37032238682648483,-0.6650133362216514,-0.06451612903225806,-13.594594594594595,-6.06,-4.773294732695496,0.08464175310021944,-0.5837973787097668,Lodging,Consumer Cyclical,MAR
2009Q2,2009,Q2,2009-07-17,2009-06-19,37000000.0,2562000000.0,100000000.0,0.098919,279000000.0,0.10889929742388758,8743000000.0,1415000000.0,3398000000.0,2405000000.0,7328000000.0,2001000000.0,3540000000.0,7833586821.001801,10557586821.0018,3.9573138344352405,1.4128898128898129,0.31030538716687633,1.9173144876325088,0.010732509076636249,3.9573138344352405,0.026148409893992933,3.057606097190398,52.92964068244459,5.5361037604253,0.8108108108108109,1.1409295352323838,0.0038296633056482086,0.2930344275420336,0.5463617463617464,0.004231956994166762,76.7998707941353,0.10889929742388758,2.666677899277182,-0.7053283795555233,0.3591353000044993,-0.5310606623650967,0.08139534883720931,2.608695652173913,0.21951219512195122,-0.7675368329493889,0.035610402469563276,-0.4411736896499885,Lodging,Consumer Cyclical,MAR
2009Q1,2009,Q1,2009-04-24,2009-03-27,-23000000.0,2495000000.0,82000000.0,-0.059351,258000000.0,0.10340681362725451,8704000000.0,1328000000.0,3437000000.0,2406000000.0,7376000000.0,1994000000.0,3541000000.0,5977068607.7648,8786068607.764801,3.7468411138708575,1.4285120532003326,0.32559742647058826,2.1340361445783134,-0.06156895723209995,3.7468411138708575,-0.017319277108433735,2.395618680466854,-64.96813704092175,4.500804674521687,-1.3478260869565217,1.121865596790371,0.005186488901888786,0.28664981617647056,0.5448877805486284,-0.002642463235294118,40.385598701113516,0.10340681362725451,-1.0890883491728265,-1.2643941330754074,0.4518809033639306,-0.526317050548483,-0.3533834586466165,-1.3,0.10810810810810811,-1.4428945307977827,0.08344182455627329,-0.4875449901321662,Lodging,Consumer Cyclical,MAR
2008Q4,2008,Q4,2009-02-12,2009-01-02,-10000000.0,3784000000.0,74000000.0,-0.02841,399000000.0,0.10544397463002114,8903000000.0,1380000000.0,3406000000.0,2533000000.0,7523000000.0,1981000000.0,3565000000.0,6983961600.000001,9944961600.0,3.9204545454545454,1.3446506119226214,0.33415702572166683,2.1557971014492754,-0.009709693291782843,3.9204545454545454,-0.007246376811594203,1.8456558139534887,-174.59904000000003,5.060841739130435,-3.1,1.7087329631499242,0.004438741473034445,0.4250252723800966,0.544018949861824,-0.0011232168931820735,-136.9404235294118,0.10544397463002114,-1.1104635112699222,-1.0835462614308768,0.8641835310537335,-0.49232258752191005,0.07837837837837838,-1.1063829787234043,-0.6354679802955665,-1.0535097813578826,0.3179895633067838,-0.4618416638711842,Lodging,Consumer Cyclical,MAR
2008Q3,2008,Q3,2008-10-03,2008-09-05,94000000.0,2963000000.0,203000000.0,0.257189,370000000.0,0.12487343908201147,9104000000.0,1428000000.0,3607000000.0,2666000000.0,7676000000.0,1892000000.0,3610000000.0,10113447881.417,13042447881.417,4.0220995329142575,1.3529632408102026,0.32974516695957823,2.1022408963585435,0.020584010333047645,4.0220995329142575,0.06582633053221289,3.4132459944033076,26.89746776972606,7.082246415558123,0.3191489361702128,1.370507399577167,0.002966347416999462,0.32546133567662566,0.5765191297824456,0.010325131810193322,77.79575293397693,0.12487343908201147,-0.38095215171653524,0.37258337968285454,0.8873558052521987,-0.47413763855095564,-0.25553319919517103,-0.4012738853503185,-0.3514376996805112,-0.22419200334974515,0.34256238345353107,-0.4683420647146437,Lodging,Consumer Cyclical,MAR
2008Q2,2008,Q2,2008-07-11,2008-06-13,157000000.0,3185000000.0,313000000.0,0.415459,497000000.0,0.15604395604395604,9012000000.0,1435000000.0,3612000000.0,2560000000.0,7577000000.0,1824000000.0,3549000000.0,10476578272.1496,13399578272.1496,4.015518178471857,1.4109375,0.33355525965379496,2.094773519163763,0.03669800992320773,4.015518178471857,0.10940766550522649,3.289349535996734,16.682449477945223,7.300751409163484,0.17197452229299362,1.4736842105263157,0.0025771773281907722,0.35341766533510877,0.613671875,0.017421216156236128,31.08776935355964,0.15604395604395604,0.2734297414268726,0.6449263985459379,1.0690726494448919,-0.48902811217122016,0.39215686274509803,0.2975206611570248,0.6051282051282051,0.40993691192968457,0.483350138711452,-0.5131655045422305,Lodging,Consumer Cyclical,MAR
2008Q1,2008,Q1,2008-04-22,2008-03-21,121000000.0,2947000000.0,195000000.0,0.326252,357000000.0,0.12114014251781473,9108000000.0,1320000000.0,3705000000.0,2564000000.0,7788000000.0,1718000000.0,3430000000.0,12164884576.8184,15245884576.8184,3.6833503612016143,1.4450078003120126,0.36671058410188845,2.5303030303030303,0.025833187352194094,3.6833503612016143,0.09166666666666666,4.127887538791449,25.13405904301322,9.215821649104848,0.2231404958677686,1.5075669383003492,0.0022195031797877995,0.3235617039964866,0.6848673946957878,0.013285024154589372,-92.15821649104848,0.12114014251781473,-0.28779934074090247,0.3772616228990487,0.9234164149932212,-0.5080829858939584,-0.4557926829268293,-0.3125,-0.6130952380952381,0.06224025930241545,0.4803994481785296,-0.5726676104720699,Lodging,Consumer Cyclical,MAR
2007Q4,2007,Q4,2008-02-15,2007-12-28,176000000.0,4089000000.0,504000000.0,0.45809,656000000.0,0.16043042308632918,8942000000.0,1429000000.0,3572000000.0,2876000000.0,7513000000.0,1557000000.0,3332000000.0,12965712660.000002,15598712660.000002,3.7194169703279543,1.2420027816411683,0.31201073585327666,1.9524142757172849,0.07619584505102399,3.7194169703279543,0.1231630510846746,3.1708761702127664,18.417205482954547,9.07327687893632,0.1590909090909091,2.2048811817597946,0.0021595419190787463,0.4572802505032431,0.6338664812239221,0.019682397673898455,39.40946097264438,0.16043042308632918,0.4033244289775512,7.190469490833884,0.9760293958172931,-0.4795106394727184,0.7540106951871658,0.3435114503816794,1.7540983606557377,0.17407985809859833,0.6413301532799643,-0.5585186031789118,Lodging,Consumer Cyclical,MAR
2007Q3,2007,Q3,2007-10-05,2007-09-07,131000000.0,2943000000.0,183000000.0,0.326432,374000000.0,0.12708120965001699,9110000000.0,1651000000.0,3714000000.0,2928000000.0,7459000000.0,1499000000.0,3188000000.0,15871644903.3495,18611644903.349503,4.363378976893873,1.2684426229508197,0.2964873765093304,1.6359781950333132,0.023775726704233096,4.363378976893873,0.07934585099939431,5.3930155974684,30.289398670514313,9.613352455087522,0.21374045801526717,1.713809206137425,0.0017641523717614783,0.32305159165751923,0.5987021857923497,0.01437980241492865,-56.88761614103764,0.12708120965001699,-0.35294140967241905,0.6279069745106653,0.5037583254146468,-0.4384242215049667,-0.30996309963099633,-0.3671497584541063,-0.39,0.1864406780088754,0.5386298761713979,-0.4706629997557275,Lodging,Consumer Cyclical,MAR
2007Q2,2007,Q2,2007-07-13,2007-06-15,207000000.0,3122000000.0,300000000.0,0.504486,542000000.0,0.17360666239590006,8919000000.0,1971000000.0,3773000000.0,3106000000.0,6948000000.0,1291000000.0,3094000000.0,17861322132.09,19994322132.09,5.086149856554317,1.2147456535737282,0.23152819822850096,1.047691527143582,0.04293045756508257,5.086149856554317,0.1050228310502283,5.721115353007687,21.571645087065217,9.06206094981735,0.11594202898550725,1.9984508133230054,0.0013436855246499995,0.35003924206749637,0.5740502253702511,0.02320887991927346,48.53620144589674,0.17360666239590006,0.15972726687570687,1.0377358490905726,0.9491676770054935,-0.3360849328490628,0.4114583333333333,0.13736263736263737,0.4925373134328358,0.5211267611664795,0.5281815068318267,-0.3972942645867197,Lodging,Consumer Cyclical,MAR
2007Q1,2007,Q1,2007-04-23,2007-03-23,182000000.0,2836000000.0,201000000.0,0.435004,384000000.0,0.13540197461212977,8743000000.0,2222000000.0,3399000000.0,2544000000.0,6521000000.0,1172000000.0,2927000000.0,19262055621.6281,21556055621.6281,5.660315822033975,1.3360849056603774,0.26432574631133476,1.04005400540054,0.029088021178027796,5.660315822033975,0.0819081908190819,6.791980120461249,26.458867612126515,8.668791908923538,0.13736263736263737,2.092150170648464,0.0012978884752014284,0.3243737847420794,0.6702044025157232,0.020816653322658127,-61.93587016600676,0.13540197461212977,-0.16064523598193964,1.9235110334925805,1.0661174324758296,-0.19770067544690728,-0.33217391304347826,-0.17272727272727273,-0.34098360655737703,0.8889687484248049,0.4900336507737523,-0.2844118520312164,Lodging,Consumer Cyclical,MAR
