Quarters,Year,Quarter,FillingDate,Date,NetIncome,Revenue,OperatingIncome,EPSDiluted,GrossProfit,GrossProfitRatio,TotalAssets,CommonStockEquity,CurrentAssets,CurrentLiability,TotalLiability,Inventory,RetainedEarnings,MarketCap,EnterpriseValue,bookValuePerShare,currentRatio,debtToAssets,debtToEquity,roic,shareholdersEquityPerShare,roe,priceToSalesRatio,peRatio,pbRatio,payoutRatio,inventoryTurnover,dividendYield,assetTurnover,quickRatio,returnOnAssets,priceToFreeCashFlowsRatio,grossProfitMargin,epsdilutedGrowth,fiveYNetIncomeGrowthPerShare,fiveYRevenueGrowthPerShare,fiveYShareholdersEquityGrowthPerShare,grossProfitGrowth,netIncomeGrowth,operatingIncomeGrowth,threeYNetIncomeGrowthPerShare,threeYRevenueGrowthPerShare,threeYShareholdersEquityGrowthPerShare,Industry,Sector,Symbol
2023Q1,2023,Q1,2023-05-05,2023-03-31,62300000.0,235935000.0,148108000.0,0.52,137340000.0,0.5821094793,25871850000.0,3078123000.0,4108820000.0,7219000.0,22793727000.0,0.0,542606000.0,2564166710.0,2148433710.0,26.66172661995132,569.1674747194902,0.013990031636701665,0.11758724391455443,0.03349002268746372,26.66172661995132,0.020239607059237073,10.868106512386886,10.289593539325843,0.8330293201408782,0.4075922953451043,0.0,0.009903022257082497,0.009119371053867427,569.1674747194902,0.00240802261917876,37.99272065905084,0.582109479305741,-0.3157894736842105,0.5268154663387065,0.7865374222561022,1.093824582445477,-0.4221739788963498,-0.23511356660527932,0.08088305053822295,0.8033125339161651,0.7814509450457421,0.7315532078003899,Banks—Regional,Financial Services,UCBIO
2022Q4,2022,Q4,2023-02-24,2022-12-31,81450000.0,237684000.0,137025000.0,0.76,237684000.0,1.0,24008884000.0,2700674000.0,719660000.0,158933000.0,21308210000.0,0.0,508844000.0,2713050410.0,3234793410.0,25.3139932700329,4.528071577331328,0.04305056411618299,0.3827177956317571,0.028173673977013782,25.3139932700329,0.030159138052204746,11.414526892849329,8.327349324739103,1.0045827115749624,0.31117249846531614,0.0,0.009341883183069938,0.009899835410925388,26.419893917562746,0.0033924942117259595,32.88506090835263,1.0,0.027027027027027053,2.8885896837409706,1.8923236035984232,1.0694664475276523,0.6923274094326726,0.0035608235482559357,0.0654717934761479,0.6597039009666483,0.656273559314614,0.6489693554299987,Banks—Regional,Financial Services,UCBIO
2022Q3,2022,Q3,2022-11-04,2022-09-30,81161000.0,226204000.0,128605000.0,0.74,140448000.0,0.6208908773,23687855000.0,2634710000.0,4301906000.0,0.0,21053145000.0,0.0,452788000.0,2620232720.0,2505727720.0,24.695698632448188,0.0,0.01369963637484272,0.12316915334135446,0.03406287859797462,24.695698632448188,0.03080452877166747,11.583494191084155,8.07109547689161,0.9945051713471312,0.29917078399724006,0.0,0.009266734139553832,0.009549366120317775,0.0,0.003426270550879343,17.299147795544876,0.6208908772612333,0.21311475409836067,1.9004787342664007,1.0660050902565323,1.1556942991277972,0.1842757643725652,0.21422159719936568,0.24441197530625278,0.6760427341261491,0.555139256203122,0.6390218722689347,Banks—Regional,Financial Services,UCBIO
2022Q2,2022,Q2,2022-08-05,2022-06-30,66842000.0,206367000.0,103346000.0,0.61,118594000.0,0.5746752145,24213008000.0,2651288000.0,5175992000.0,0.0,21561720000.0,0.0,396970000.0,2721753300.0,1830417300.0,24.869036675733984,0.0,0.013396559403110924,0.1223446868088265,0.027004004738935945,24.869036675733984,0.025211142659718598,13.188897934262746,10.179801995751175,1.0265777614502838,0.3630052960713324,0.0,0.008914841767620892,0.008522980705247362,0.0,0.0027605822457085877,19.798313135574727,0.5746752145449612,0.3555555555555555,1.3633346796658117,0.9091468057117514,1.33948431833163,-0.4006650629687279,0.3919906703596493,0.3365319952408049,0.5153540068076101,0.48312556618457314,0.6917182783489703,Banks—Regional,Financial Services,UCBIO
2022Q1,2022,Q1,2022-05-06,2022-03-31,48019000.0,197876000.0,77324000.0,0.45,197876000.0,1.0,24374200000.0,2695015000.0,5813896000.0,0.0,21679185000.0,0.0,354409000.0,2754317500.0,1173765500.0,25.293430314406383,0.0,0.013302180174118536,0.1203073081225893,0.02035932471584736,25.293430314406383,0.017817711589731413,13.919411651741495,14.339727503696455,1.0220045157448103,0.413752889481247,0.0,0.00721340223122425,0.008118256188921072,0.0,0.001970074915279271,14.259106345968668,1.0,-0.08163265306122446,1.041276993708553,0.8876254435837752,1.44658174941877,0.1659586002085899,-0.0768949806801361,0.0674802584350323,0.08488093624327868,0.4844188384270303,0.7869579977694646,Banks—Regional,Financial Services,UCBIO
2021Q4,2021,Q4,2022-02-25,2021-12-31,52019000.0,169711000.0,72436000.0,0.49,169711000.0,1.0,20946771000.0,2222245000.0,6831333000.0,0.0,18724526000.0,0.0,330654000.0,2962090000.0,917940000.0,20.856358517128108,0.0,0.011808980009377102,0.1113108590636946,0.023039874675684222,20.856358517128108,0.023408310064821837,17.45373016480959,14.235615832676523,1.3329268374999157,0.3714027566850574,0.0,0.006522421668484077,0.0081020124772453,0.0,0.0024833899220075496,42.52332826093198,1.0,-0.28985507246376807,29.012385568120624,5.033310818016992,1.0657922257805128,-0.03778858801651018,-0.29528828438278965,0.0,0.15246914947825507,0.24949198963364355,0.524639910425274,Banks—Regional,Financial Services,UCBIO
2021Q3,2021,Q3,2021-11-05,2021-09-30,73816000.0,176376000.0,0.0,0.69,176376000.0,1.0,19481157000.0,2122358000.0,0.0,0.0,17358799000.0,0.0,298503000.0,2952500500.0,1381846500.0,19.918892538714218,0.0,0.012686053502879732,0.11644548186498226,0.0,19.918892538714218,0.03478018317362104,16.73980870413208,9.999527541454427,1.3911415981658137,0.24979679202340957,0.0,0.0062452148610982455,0.009053671709539633,0.0,0.003789097331334068,25.610225873046165,1.0,0.045454545454545324,1.8529025276339186,0.6694368196876479,0.9664335819837616,0.04518491742271157,0.05061201252490748,0.0,0.6898493658715261,0.31144322997992413,0.5139348390235412,Banks—Regional,Financial Services,UCBIO
2021Q2,2021,Q2,2021-08-06,2021-06-30,70260000.0,168751000.0,0.0,0.66,168751000.0,1.0,18895723000.0,2086286000.0,13362649000.0,0.0,16809437000.0,0.0,244006000.0,2968483000.0,1811005000.0,19.580347254809947,0.0,0.013861284905584189,0.1255431901474678,0.0,19.580347254809947,0.0336770701620008,17.590906127963684,10.562492883575292,1.422855255703197,0.2627384002277256,0.0,0.006218664550209653,0.008930645310581659,0.0,0.003718301755376071,25.652511687795435,1.0,-0.0434782608695651,1.7808121586321541,0.7094767765790406,0.9686827958257567,-0.01702645712222002,-0.046753317233332425,0.0,0.7727203915829842,0.29792487078513424,0.5127781777945034,Banks—Regional,Financial Services,UCBIO
2021Q1,2021,Q1,2021-05-07,2021-03-31,73706000.0,171674000.0,0.0,0.69,171674000.0,1.0,18556908000.0,2031084000.0,13627342000.0,0.0,16525824000.0,0.0,192185000.0,2922485365.0,1899963365.0,19.062261848897233,0.0,0.01679110550098109,0.153411183387787,0.0,19.062261848897233,0.036288996417676474,17.023459376492653,9.91264403508534,1.4388796155156556,0.2383930751906222,0.0,0.006012348328731494,0.009251217929193808,0.0,0.003971890144629698,90.83375909119165,1.0,0.23214285714285693,2.305943036555281,0.8310330851767316,0.9648204309656824,-0.06629392536834491,0.23871466505327552,0.0,0.9572468001487066,0.40853783608601824,0.4970160419530425,Banks—Regional,Financial Services,UCBIO
2020Q4,2020,Q4,2021-02-25,2020-12-31,59502000.0,183863000.0,0.0,0.56,183863000.0,1.0,530719000.0,2007530000.0,148896000.0,3645082000.0,15786844000.0,0.0,136869000.0,2947173000.0,6770315000.0,18.84120131393712,0.04084846376569855,0.6160623606842792,0.1628648139753827,0.0,18.84120131393712,0.029639407630272025,16.02917933461327,12.382663607945952,1.4680592568977797,0.2951833551813384,0.0,0.0059596094291037545,0.34644133712944136,0.04084846376569855,0.11211582777326608,31.832078630447697,1.0,0.24444444444444452,3.1755789473684213,3.784236683927038,0.971481461476895,0.1835937248540327,0.24985821412817444,0.0,1.8443998279076437,1.2402646456769666,0.5403035599470282,Banks—Regional,Financial Services,UCBIO
2020Q3,2020,Q3,2020-11-06,2020-09-30,47607000.0,155343000.0,0.0,0.45,155343000.0,1.0,506122000.0,1967255000.0,122048000.0,3088821000.0,15185622000.0,0.0,94938000.0,2848081500.0,6141557500.0,18.46320976067574,0.039512810875087935,0.6455024677844472,0.1660704890825033,0.0,18.46320976067574,0.024199709747846618,18.334147660338733,14.956211796584537,1.4477439376186616,0.3387316991198773,0.0,0.0056620570724538605,0.30692797388771875,0.039512810875087935,0.09406230118429944,79.87888094236432,1.0,0.8750000000000001,1.661541901939956,0.8710839165050648,0.9417462791310551,0.3391753377184286,0.8969955371373924,0.0,0.7035353896800974,0.4206295496945529,0.6116586380914929,Banks—Regional,Financial Services,UCBIO
2020Q2,2020,Q2,2020-08-06,2020-06-30,25096000.0,115999000.0,0.0,0.24,115999000.0,1.0,15004887000.0,1771645000.0,13483011000.0,0.0,13233242000.0,0.0,64990000.0,2616868000.0,1599538000.0,16.627358047864853,0.0,0.020768633579179904,0.17589923489186604,0.0,16.627358047864853,0.014165366086320906,22.559401374149775,26.06857666560408,1.477083727270418,0.569851769206248,0.0,0.005464929832150495,0.00773074798897186,0.0,0.0016725217590775592,103.16439328234645,1.0,-0.2,0.4088586987031944,0.49952816164018765,1.141654336389308,-0.05096990076004876,-0.21289675072136494,0.0,-0.11218028089291393,0.07373672859218935,0.564171701359919,Banks—Regional,Financial Services,UCBIO
2020Q1,2020,Q1,2020-05-07,2020-03-31,31884000.0,122229000.0,0.0,0.3,122229000.0,1.0,13085866000.0,1640612000.0,11623897000.0,0.0,11445254000.0,0.0,54206000.0,2663750000.0,2356097000.0,15.397578601595495,0.0,0.016265564693998855,0.12973756134905753,0.0,15.397578601595495,0.01943421113584443,21.793109654828232,20.886259565926483,1.6236319129690628,0.45333082423786225,0.0,0.005426184889723134,0.00934053581169179,0.0,0.002436521969581532,-198.98035407484875,1.0,-0.3478260869565218,0.8044142614601021,0.7185338282436308,1.1482273914666001,-0.14716615150605983,-0.34946543703582794,0.0,0.35538173779969406,0.16599572633265913,0.48937626583801086,Banks—Regional,Financial Services,UCBIO
2019Q4,2019,Q4,2020-02-27,2019-12-31,49012000.0,143321000.0,0.0,0.46,143321000.0,1.0,12916016000.0,1635692000.0,2822447000.0,0.0,11280324000.0,0.0,40152000.0,2663750000.0,2361208000.0,15.351403097137494,0.0,0.016465139095522954,0.130014697143472,0.0,15.351403097137494,0.0299640763664553,18.585901577577605,13.587233738676243,1.6285156374182914,0.2785440300334612,0.0,0.005125105584232754,0.011096378325948187,0.0,0.003794668572723973,49.87361917243962,1.0,0.02222222222222224,-0.7809685967993493,12.944444444444445,1.2116588265995294,-0.013409605628179446,0.013440304371200529,0.0,27.393107162089393,4.09513313662057,0.520534332340214,Banks—Regional,Financial Services,UCBIO
2019Q3,2019,Q3,2019-11-07,2019-09-30,48362000.0,145269000.0,0.0,0.45,145269000.0,1.0,12809486000.0,1605425000.0,2666338000.0,0.0,11204061000.0,0.0,5594000.0,2663750000.0,2542936000.0,15.067339277334584,0.0,0.018755241232942525,0.1496457324384509,0.0,15.067339277334584,0.030124110438046,18.33667196717813,13.769850295686695,1.6592179640905056,0.2822257144038708,0.0,0.005123979352416705,0.0113407360763734,0.0,0.0037754832629505975,59.507852467439626,1.0,0.09756097560975618,1.7453451407811083,1.1061414446023137,1.1800251213633433,0.0446122316902168,0.0970171260065782,0.0,0.8691350390353252,0.3750023663038334,0.48747837704867913,Banks—Regional,Financial Services,UCBIO
2019Q2,2019,Q2,2019-08-08,2019-06-30,44085000.0,139065000.0,0.0,0.41,139065000.0,1.0,12779438000.0,1566334000.0,2677720000.0,40000000.0,11213104000.0,0.0,-29116000.0,2663750000.0,2675923000.0,14.700459877991554,66.943,0.022532446262503874,0.1838381852146477,0.0,14.700459877991554,0.028145338095195534,19.154711825405386,15.10576159691505,1.7006270693223795,0.29186798230690714,0.0,0.004830408259033318,0.010881933931679938,66.943,0.0034496822160724125,251.03666006973896,1.0,0.0,1.6951763770862625,1.0906999819592278,1.169530824730702,0.043232659675023634,-0.003998915548325877,0.0,0.7448349560674424,0.4087524692296002,0.47804030622692245,Banks—Regional,Financial Services,UCBIO
2019Q1,2019,Q1,2019-05-08,2019-03-31,44262000.0,133302000.0,0.0,0.41,133302000.0,1.0,12505827000.0,1508158000.0,2815246000.0,0.0,10997669000.0,0.0,-59573000.0,2663750000.0,2595514000.0,14.154462693571093,0.0,0.020571130561777323,0.1705782815858816,0.0,14.154462693571093,0.029348383922639405,19.982820962926287,15.045354931995844,1.7662274111863612,0.29090416158329946,0.0,0.004833786954481464,0.010659191111471476,0.0,0.0035393101151966998,110.04957653377402,1.0,-0.023809523809523832,1.874155844155844,1.099640877016129,1.1430918107797023,-0.01856814701378254,-0.01938542659015885,0.0,0.9852881812065484,0.42176667591032224,0.45895475102178995,Banks—Regional,Financial Services,UCBIO
2018Q4,2018,Q4,2019-02-27,2018-12-31,45137000.0,135824000.0,0.0,0.42,135824000.0,1.0,12573192000.0,1457554000.0,2991145000.0,160000000.0,11115638000.0,0.0,-90419000.0,2663750000.0,2763674000.0,13.679530736743313,18.69465625,0.03397617725077291,0.29308622527878897,0.0,13.679530736743313,0.03096763481833263,19.611777005536577,14.753694308438753,1.8275480702601756,0.26743026785120855,0.0,0.004531581417175035,0.010802666498690229,18.69465625,0.003589939611198175,39.96324356762433,1.0,0.024390243902439046,1.2020700800902526,0.7315213788531654,0.8317538314597563,0.009918953082013533,0.0333089144269951,0.0,2.1675087719298247,2.534230178761937,0.4313811948521288,Banks—Regional,Financial Services,UCBIO
2018Q3,2018,Q3,2018-11-08,2018-09-30,43682000.0,134490000.0,0.0,0.41,134490000.0,1.0,12405132000.0,1401882000.0,2933089000.0,0.0,11003250000.0,0.0,-122679000.0,2663750000.0,2636910000.0,13.157034256217738,0.0,0.02298468085627787,0.20338944361936312,0.0,13.157034256217738,0.03115954124526886,19.806305301509404,15.245123849640585,1.900124261528431,0.27574286891625843,0.0,0.004521820741435946,0.01084148076779836,0.0,0.0035212845780278677,33.58952372545805,1.0,0.10810810810810806,1.8181935483870968,1.0655178768890528,0.6449824399184715,0.03441114939699729,0.10213453095826816,0.0,1.442108794096271,0.6199125543524083,0.38370427691417835,Banks—Regional,Financial Services,UCBIO
2018Q2,2018,Q2,2018-08-06,2018-06-30,39634000.0,130016000.0,0.0,0.37,130016000.0,1.0,12385540000.0,1379109000.0,2885776000.0,9325000.0,11006431000.0,0.0,-154290000.0,2663750000.0,2665141000.0,12.943303613327076,309.46659517426275,0.02565564359729168,0.23040890894048258,0.0,12.943303613327076,0.0287388451529212,20.487863032242185,16.802177423424332,1.9315007008148015,0.24304889741131352,0.0,0.0036163303613327073,0.010497402616276724,309.46659517426275,0.0032000219610933394,66.50895108736361,1.0,0.0571428571428572,-0.8276512845488859,4.908206852676543,0.662973605545862,0.06674543201975698,0.05247225025227043,0.0,1.2250042104081291,0.6807270188864614,0.6671369095973076,Banks—Regional,Financial Services,UCBIO
2018Q1,2018,Q1,2018-05-08,2018-03-31,37658000.0,121881000.0,0.0,0.35,121881000.0,1.0,12264255000.0,1356755000.0,2802651000.0,0.0,10907500000.0,0.0,-181877000.0,2663750000.0,2637452000.0,12.733505396527452,0.0,0.026577643729684356,0.24024602820700863,0.0,12.733505396527452,0.027755932353298863,21.8553343014908,17.6838254819693,1.9633242553003305,0.20938446014127143,0.0,0.002960112623181605,0.009937904911468329,0.0,0.0030705493321852816,40.12880385658331,1.0,0.7499999999999998,2.2008499787505316,1.1717925873129011,1.2909722433293147,0.485049712447607,0.8001816530426885,0.0,1.131182795698925,0.7136409650750802,0.7765432987868353,Banks—Regional,Financial Services,UCBIO
2017Q4,2017,Q4,2018-02-27,2017-12-31,20919000.0,82072000.0,0.0,0.2,82072000.0,1.0,11915460000.0,1303334000.0,2962584000.0,50000000.0,10612126000.0,0.0,-209902000.0,2663750000.0,2520020000.0,12.232135147817926,59.25168,0.0143129178395127,0.1308528742440541,0.0,12.232135147817926,0.01605037542180285,32.456257919875235,31.834098188249918,2.0437969085437806,0.3569482288828338,0.0,0.0028031909901454714,0.0068878582950217615,59.25168,0.0017556183311429018,49.41013893268535,1.0,-0.23076923076923075,2.9762402585059875,0.45497092610977174,1.2416972678253542,-0.24944214800453599,-0.25144922350246907,0.0,-0.9065143653889983,6.985211130570151,0.7622695135192145,Banks—Regional,Financial Services,UCBIO
2017Q3,2017,Q3,2017-11-06,2017-09-30,27946000.0,109348000.0,0.0,0.26,109348000.0,1.0,11129027000.0,1220640000.0,2787315000.0,16005000.0,9908387000.0,0.0,-192128000.0,2663750000.0,2568617000.0,11.456030032848428,174.15276476101218,0.013632099194296142,0.12428889762747411,0.0,11.456030032848428,0.022894547122820814,24.36029922815232,23.82943891791312,2.1822568488661687,0.2322335933586202,0.0,0.0024364148287189112,0.009825477105950053,174.15276476101218,0.0025110910414719995,57.95422404977917,1.0,0.0,1.6443981831945493,0.9803680092726746,1.0856549709101162,0.01217220664056353,-0.011355998160399053,0.0,0.586398728428701,0.5853510018267754,0.6575211324982179,Banks—Regional,Financial Services,UCBIO
2017Q2,2017,Q2,2017-08-04,2017-06-30,28267000.0,108033000.0,0.0,0.26,108033000.0,1.0,10837410000.0,1132641000.0,2707778000.0,0.0,9704769000.0,0.0,-212607000.0,2663750000.0,2605927000.0,10.63013608634444,0.0,0.01618126471177154,0.15482663968547844,0.0,10.63013608634444,0.02495671620575275,24.656817824183353,23.558831853397958,2.351804322817203,0.2295609721583472,0.0,0.0024360394181135617,0.009968525690178741,0.0,0.002608280022625332,99.62040465238042,1.0,0.18181818181818185,0.568036833638431,-0.018381551210292994,0.966407694511237,0.030573892471477085,0.2016238734909029,0.0,0.728128629944366,0.6241656142882916,0.5688222070476712,Banks—Regional,Financial Services,UCBIO
2017Q1,2017,Q1,2017-05-05,2017-03-31,23524000.0,104828000.0,0.0,0.22,104828000.0,1.0,10731803000.0,1101543000.0,2694584000.0,0.0,9630260000.0,0.0,-234384000.0,2663750000.0,2608015000.0,10.338273111215392,0.0,0.016328849868004473,0.15908412109195919,0.0,10.338273111215392,0.02135549860513843,25.41067272102873,28.308854786600918,2.418198835633289,0.24502635606189424,0.0,0.0021638667292351007,0.00976797654597275,0.0,0.0021919895473295585,45.02163404658081,1.0,13.636415852958072,0.0,0.0,0.900722815893322,2.7266877599630277,13.667743672590198,0.0,0.5275324675324673,0.6511466733870969,0.5652920864536114,Banks—Regional,Financial Services,UCBIO
2016Q4,2016,Q4,2017-02-27,2016-12-31,-1857000.0,28129000.0,0.0,-0.01741,28129000.0,1.0,10708655000.0,1075735000.0,2677804000.0,5000000.0,9632920000.0,0.0,-251857000.0,2663750000.0,2626480000.0,10.096058188643829,535.5608,0.016816117430246844,0.16739996374571806,0.0,10.096058188643829,-0.001726261579292298,94.69764300188417,-358.60931610123856,2.4762139374474197,-3.103931071620894,0.0,0.0021638667292351007,0.0026267537800031843,535.5608,-0.0001734111333309365,53.049011212235875,1.0,-1.0725416666666665,0.0,0.0,0.8692635442043768,-0.7337529578797918,-1.0717708896962201,0.0,0.9916865511946387,-0.6414038397797098,0.3519099174955857,Banks—Regional,Financial Services,UCBIO
2016Q3,2016,Q3,2016-11-04,2016-09-30,25874000.0,105650000.0,0.0,0.24,105650000.0,1.0,10297615000.0,1079293000.0,2467766000.0,35050000.0,9218322000.0,0.0,-273314000.0,2663750000.0,2647600000.0,10.129450961989676,70.40701854493581,0.020393945588371678,0.1945801557130455,0.0,10.129450961989676,0.023973100909576918,25.212967345007097,25.737709669938937,2.468050844395359,0.0,0.0,0.0,0.010259657211888384,70.40701854493581,0.0025126206407988646,52.44428256418334,1.0,0.0,0.0,0.0,0.272425570343438,0.07025274780935015,0.024063959471226155,0.0,0.6692903225806452,0.6225887701191792,0.26645326249065665,Banks—Regional,Financial Services,UCBIO
2016Q2,2016,Q2,2016-06-30,2016-06-30,25266000.0,98715000.0,0.0,0.24,98715000.0,1.0,9928473000.0,1059737000.0,2569032000.0,0.0,8868736000.0,0.0,-293424000.0,2663750000.0,2620174000.0,9.945912717034256,0.0,0.016524796914893156,0.15481765758862812,0.0,9.945912717034256,0.023841764513270747,26.984247581421265,26.35706087231853,2.5135953543190435,0.19963587429747487,0.0,0.001893571093383388,0.009942616553421659,0.0,0.002544802206744179,115.50886778543862,1.0,0.14285714285714285,0.0,0.0,0.2322881479112763,0.05287015508009983,0.13325857815653733,0.0,-0.8901306291419526,3.4858220485322193,0.2778646646641818,Banks—Regional,Financial Services,UCBIO
2016Q1,2016,Q1,2016-03-31,2016-03-31,22295000.0,93758000.0,0.0,0.21,93758000.0,1.0,9781331000.0,1033725000.0,2614176000.0,0.0,8747606000.0,0.0,-313646000.0,2663750000.0,2644889000.0,9.701783200375411,0.0,0.016762033715043485,0.15860601223729714,0.0,9.701783200375411,0.021567631623497546,28.410908935770813,29.869365328549,2.5768458729352584,0.2281677506167302,0.0,0.0019097137494134208,0.009585403049953018,0.0,0.0022793421467896344,-980.7621502209131,1.0,0.6153846153846153,1.15647151299075,0.38296334537945287,0.21593534302262676,1.4396450781920844,0.5645614035087719,0.0,0.8950276243093924,0.6706699928724162,0.7455143207399979,Banks—Regional,Financial Services,UCBIO
2015Q4,2015,Q4,2015-12-31,2015-12-31,14250000.0,38431000.0,0.0,0.13,38431000.0,1.0,9626108000.0,1018285000.0,2557660000.0,16640000.0,8607823000.0,0.0,-330879000.0,2663750000.0,2605647000.0,9.556874706710465,153.70552884615384,0.01893392428175541,0.1789872187059615,0.0,9.556874706710465,0.013994117560407941,69.31253415211678,46.732456140350884,2.6159179404587123,0.3046315789473684,0.0,0.0016296574378226187,0.003992371579458697,153.70552884615384,0.0014803490673489224,442.8512053200333,1.0,-0.23529411764705885,1.869167429094236,-0.46680633211704153,0.6022989229207808,-0.5371041759512424,-0.20333202884776652,0.0,1.70861053031743,-0.318695929655368,0.7514211264093017,Banks—Regional,Financial Services,UCBIO
2015Q3,2015,Q3,2015-09-30,2015-09-30,17887000.0,83023000.0,0.0,0.17,83023000.0,1.0,9413996000.0,1013137000.0,2331370000.0,18839000.0,8400859000.0,0.0,-344746000.0,2663750000.0,2641270000.0,9.508559361801971,123.75232231010139,0.019594123473177596,0.18206718341152284,0.0,9.508559361801971,0.01765506540576447,32.08448261325175,37.23025102029407,2.629210067345285,0.24257840890031868,0.0,0.0016289066166119194,0.008819102961165481,123.75232231010139,0.001900043297235308,60.59485896269336,1.0,0.0,1.0756593278768267,0.1472969985075452,0.5293211064568476,0.07324482593689001,0.004154269353842699,0.0,0.6925624526873583,0.5036040278180236,0.7311035360654758,Banks—Regional,Financial Services,UCBIO
2015Q2,2015,Q2,2015-06-30,2015-06-30,17813000.0,77357000.0,0.0,0.17,77357000.0,1.0,8246303000.0,827232000.0,2168246000.0,25000000.0,7419071000.0,0.0,-358294000.0,2663750000.0,2597754000.0,7.763791647114031,86.72984,0.016844033016977428,0.1679105740590306,0.0,7.763791647114031,0.021533257901048316,34.43450495753455,37.38491551114355,3.220076109241422,0.17739852916409363,0.0,0.0011862975129047395,0.009380809800464523,86.72984,0.0021601195105248982,103.5753168986702,1.0,0.0,1.2992172277094671,0.06396996121365504,-0.08534227021385046,0.08763567853326584,0.008092812676853424,0.0,-0.01187108226549076,-0.29711237915243155,0.43617913349942267,Banks—Regional,Financial Services,UCBIO
2015Q1,2015,Q1,2015-03-31,2015-03-31,17670000.0,71124000.0,0.0,0.17,71124000.0,1.0,7663903000.0,763705000.0,2007791000.0,0.0,6900198000.0,0.0,372933000.0,2663750000.0,2591987000.0,7.167573908962928,0.0,0.014862009605288584,0.14914266634367981,0.0,7.167573908962928,0.0231372061201642,37.4521961644452,37.68746462931522,3.487930549099456,0.1715902659875495,0.0,0.0011382449554199906,0.009280388856696124,0.0,0.0023056137323241173,103.57128970799798,1.0,-0.9190476190476191,1.530742198059652,-0.0183293766907745,-0.17517105071309383,5.920023350846468,-0.9210339326174101,0.0,0.0,0.0,0.3177801666496991,Banks—Regional,Financial Services,UCBIO
2014Q4,2014,Q4,2014-12-31,2014-12-31,223767000.0,10278000.0,0.0,2.1,10278000.0,1.0,7566986000.0,739577000.0,1995492000.0,0.0,6827409000.0,0.0,-387568000.0,2663750000.0,2600960000.0,6.941126231816049,0.0,0.017162051046480064,0.17559361635096818,0.0,6.941126231816049,0.30256078812618564,259.1700719984433,2.9760308713974806,3.6017209837515227,0.0,0.0,0.0,0.0013582686686614723,0.0,0.029571483282775996,71.85535863613067,1.0,11.352941176470589,6.617346554537466,-0.8724006505356988,-0.2314653842117131,-0.8509873285585873,11.702486376021799,0.0,0.0,0.0,0.28513465140767974,Banks—Regional,Financial Services,UCBIO
2014Q3,2014,Q3,2014-09-30,2014-09-30,17616000.0,68974000.0,0.0,0.17,68974000.0,1.0,7525889000.0,736425000.0,2025639000.0,6001000.0,6789464000.0,0.0,402773000.0,2663750000.0,2583552000.0,6.9115438761145,337.5502416263956,0.01805314960132949,0.18449400821536477,0.0,6.9115438761145,0.023920969548833892,38.619624786151306,37.802991598546775,3.617136843534644,0.0,0.0,0.0,0.00916489732973739,337.5502416263956,0.0023407201461515047,122.39810687864724,1.0,0.13333333333333347,1.256352047498472,-0.11679364876112416,-0.26843115399974965,0.03695351494377293,0.07697010454239775,0.0,0.0,0.0,-0.13179646246184645,Banks—Regional,Financial Services,UCBIO
2014Q2,2014,Q2,2014-06-30,2014-06-30,16357000.0,66516000.0,0.0,0.15,66516000.0,1.0,7352066000.0,721969000.0,2000469000.0,76256000.0,6630097000.0,0.0,418583000.0,2663750000.0,2629811000.0,6.775870483341154,26.233594733529166,0.028035792932217963,0.2854984078263748,0.0,6.775870483341154,0.022656097422465507,40.04675566780925,40.7126918139023,3.6895628482663385,0.11065598826190622,0.0,0.0006794931956827781,0.009047252840222054,26.233594733529166,0.002224816806595588,229.61382639427634,1.0,0.07142857142857129,2.0222486094619088,-0.09463855503681831,-0.15586035787445393,0.047694052419354836,0.062142857142857146,0.0,0.0,0.0,-0.16047675804529216,Banks—Regional,Financial Services,UCBIO
2014Q1,2014,Q1,2014-03-31,2014-03-31,15400000.0,63488000.0,0.0,0.14,63488000.0,1.0,7398237000.0,703730000.0,2069589000.0,123075000.0,6694507000.0,0.0,-433130000.0,2663750000.0,2703349000.0,6.60469263256687,16.815673369896405,0.03418922643327052,0.35942762138888495,0.0,6.60469263256687,0.021883392778480382,41.95674773185484,43.2426948051948,3.785187500888125,0.07883116883116884,0.0,0.0004557484748944158,0.008581503944791171,16.815673369896405,0.0020815770027372738,100.87287461657894,1.0,1.066860242989226,1.148400836441078,-0.09003869858105208,-0.2082717839732779,-0.19063766859590525,1.0689429787843652,0.0,1.1080807939025588,-0.0635297588317722,-0.17222648291826834,Banks—Regional,Financial Services,UCBIO
2013Q4,2013,Q4,2013-12-31,2013-12-31,-223373000.0,78442000.0,0.0,-2.09392,78442000.0,1.0,7425419000.0,795715000.0,2080713000.0,53241000.0,6629704000.0,0.0,-448091000.0,2663750000.0,2617958000.0,7.467996245893946,39.08102777934299,0.024659349189587818,0.23011505375668423,0.0,7.467996245893946,-0.280719855727239,33.9582111623875,-2.981280190533323,3.3476181798759606,-0.01391842344419424,0.0,0.0011671515720319099,0.010563982988704071,39.08102777934299,-0.030082208155526306,92.79418936807636,1.0,-14.959466666666666,-3.7783387169230114,0.2644185821593216,-0.1957454249218199,0.2047241675881558,-15.41116129032258,0.0,-12.624458676425741,0.08830833691746313,0.2520790225250387,Banks—Regional,Financial Services,UCBIO
2013Q3,2013,Q3,2013-09-30,2013-09-30,15500000.0,65112000.0,0.0,0.15,65112000.0,1.0,7243293000.0,852217000.0,2245756000.0,53769000.0,6391076000.0,0.0,-461090000.0,2663750000.0,2583251000.0,7.998282496480526,41.7667429187822,0.025352281068845343,0.21547798272036348,0.0,7.998282496480526,0.01818785590993843,40.9102776753901,42.96370967741936,3.1256710438773223,0.17206451612903226,0.0,0.0010012200844673861,0.008989281532584695,41.7667429187822,0.0021399106732255617,49.56551672807115,1.0,-0.9305555555555556,1.3887244821186737,-0.08731304579414367,0.04325849573988838,1.9588294101608652,-0.9325981457967334,0.0,1.0655626758031427,-0.10021557680614665,0.28641382693686557,Banks—Regional,Financial Services,UCBIO
2013Q2,2013,Q2,2013-06-30,2013-06-30,229964000.0,22006000.0,0.0,2.16,22006000.0,1.0,7162635000.0,829303000.0,2217123000.0,54163000.0,6333332000.0,0.0,-473531000.0,2663750000.0,2582178000.0,7.7832285312060066,40.934272473829,0.024991919873063474,0.2158535541291904,0.0,7.7832285312060066,0.27729792367807665,121.04653276379169,2.8958336957088937,3.2120346845483496,0.011601815936407437,0.0,0.001001595495072736,0.003072333017108927,40.934272473829,0.032106061526239994,53.85120792479531,1.0,18.63636363636364,31.42126039757507,-0.7114042910349891,-0.010248361956820162,-0.6078759800427656,18.546451338716533,0.0,4.862863669959014,-0.6973289687233516,-0.08305239729018807,Banks—Regional,Financial Services,UCBIO
2013Q1,2013,Q1,2013-03-31,2013-03-31,11765000.0,56120000.0,0.0,0.11,56120000.0,1.0,6849368000.0,592218000.0,2174756000.0,51999000.0,6257150000.0,0.0,-700440000.0,2663750000.0,2593546000.0,5.558122946973252,41.82303505836651,0.025816104493144476,0.29857923940170683,0.0,5.558122946973252,0.01986599529227413,47.46525302922309,56.60327241818955,4.497921373548254,0.22677433064173397,0.0,0.001001595495072736,0.008193456680966769,41.82303505836651,0.001717676725794263,51.62706411349717,1.0,1.2448979591836733,-0.2682547580544844,-0.29808762648055737,-0.3204238443425456,-0.005105658771805418,1.2362668694164607,0.0,1.353377586880125,-0.2254182079169657,-0.36038319679877306,Banks—Regional,Financial Services,UCBIO
2012Q4,2012,Q4,2012-12-31,2012-12-31,5261000.0,56408000.0,0.0,0.049,56408000.0,1.0,6802259000.0,581405000.0,2104401000.0,0.0,6220854000.0,0.0,-709153000.0,2663750000.0,2537406000.0,5.456640075082121,0.0,0.018347581296154703,0.214661036626792,0.0,5.456640075082121,0.009048769790421478,47.22291164373848,126.58002280935183,4.581573945872498,0.5105493252233416,0.0,0.0010083528859690285,0.008292539287316169,0.0,0.0007734195360688265,61.982269173492185,1.0,-0.5050505050505051,0.2523208759819091,-0.33907460133338024,-0.3011135927068332,0.021587945523036802,-0.5021763815291446,0.0,1.1320697878749844,-0.2997057691591454,-0.39583049730807074,Banks—Regional,Financial Services,UCBIO
2012Q3,2012,Q3,2012-09-30,2012-09-30,10568000.0,55216000.0,0.0,0.099,55216000.0,1.0,6699235000.0,585255000.0,1983619000.0,53243000.0,6113980000.0,0.0,-711369000.0,2663750000.0,2615653000.0,5.49277334584702,37.25595852975978,0.025902659034949514,0.29649981631938216,0.0,5.49277334584702,0.018057086227370976,48.242357287742685,63.01452498107495,4.5514348446403705,0.2528387585162756,0.0,0.0010030971374941342,0.008242135109456528,37.25595852975978,0.0015774935496366375,57.60705017301038,1.0,-0.4176470588235294,-0.5310614128505502,-0.36404680733437755,-0.2980542385647686,-0.4982917787308279,-0.41376823653408773,0.0,1.1537879449343693,-0.29296369806005496,-0.4186043046258933,Banks—Regional,Financial Services,UCBIO
2012Q2,2012,Q2,2012-06-30,2012-06-30,18027000.0,110056000.0,0.0,0.17,110056000.0,1.0,6737106000.0,575995000.0,2006036000.0,53656000.0,6161111000.0,0.0,-718896000.0,2663750000.0,2533218000.0,5.405865790708588,37.38698374832265,0.02581538720037951,0.30194880163890314,0.0,5.405865790708588,0.03129714667662046,24.203587264665263,36.94111610362234,4.624606116372537,0.14805569423642315,0.0,0.0010019709056780853,0.016335797596178536,37.38698374832265,0.0026757779972587637,45.76260995052227,1.0,0.0,0.5134749391318949,0.30899056816965415,-0.30496747436743643,0.0,0.0,0.0,2.126617086432098,0.49799235051518337,-0.3265358856597666,Banks—Regional,Financial Services,UCBIO
2012Q1,2012,Q1,2012-03-31,2012-03-31,0.0,0.0,0.0,0.0,0.0,1.0,0.0,579539000.0,0.0,101925000.0,0.0,0.0,0.0,2663750000.0,2663750000.0,5.439127170342562,0.0,0.0,0.17587254697268,,5.439127170342562,0.0,0.0,0.0,4.596325700254858,0.0,0.0,0.0010030971374941342,0.0,0.0,0.0,84.46428005200241,0.0,0.0,-1.0,-1.0,-0.09228043905923036,0.0,0.0,0.0,1.0,-1.0,-0.3479923001891201,Banks—Regional,Financial Services,UCBIO
2011Q4,2011,Q4,2011-12-31,2011-12-31,0.0,0.0,0.0,0.0,0.0,1.0,0.0,575486000.0,0.0,102577000.0,0.0,0.0,0.0,2663750000.0,2663750000.0,5.401088690755514,0.0,0.0,0.17824412757217378,,5.401088690755514,0.0,0.0,0.0,4.628696440921239,0.0,0.0,0.0009227592679493196,0.0,0.0,0.0,74.4251348104272,0.0,0.0,-1.0,-1.0,-0.06693127226326961,0.0,0.0,0.0,1.0,-1.0,-0.41833791194907527,Banks—Regional,Financial Services,UCBIO
2011Q3,2011,Q3,2011-09-30,2011-09-30,0.0,0.0,0.0,0.0,0.0,1.0,0.0,848217000.0,0.0,102883000.0,0.0,0.0,0.0,2663750000.0,2663750000.0,7.9607414359455655,0.0,0.0,0.12129325396685046,,7.9607414359455655,0.0,0.0,0.0,3.1404110033163684,0.0,0.0,0.0010030971374941342,0.0,0.0,0.0,62.40921231432454,0.0,0.0,-1.0,-1.0,0.6103327296130495,0.0,0.0,0.0,1.0,-1.0,0.0383618156889629,Banks—Regional,Financial Services,UCBIO
2011Q2,2011,Q2,2011-06-30,2011-06-30,0.0,0.0,0.0,0.0,0.0,1.0,0.0,859975000.0,0.0,103666000.0,0.0,0.0,0.0,2663750000.0,2663750000.0,8.071093383388082,0.0,0.0,0.12054536469083403,,8.071093383388082,0.0,0.0,0.0,3.0974737637722023,0.0,0.0,0.0019194744251525106,0.0,0.0,0.0,42.096654392591304,0.0,1.0,-1.0,-1.0,0.7327829908300877,-1.0,1.0,0.0,-1.0,-1.0,0.026357875138741417,Banks—Regional,Financial Services,UCBIO
2011Q1,2011,Q1,2011-03-31,2011-03-31,-142486000.0,67795000.0,0.0,-1.33568,67795000.0,1.0,7973592000.0,850148000.0,5899841000.0,102107000.0,7123444000.0,0.0,-480831000.0,2663750000.0,2351601000.0,7.978864382918817,57.78096506605816,0.038552010185622744,0.361581748119151,0.0,7.978864382918817,-0.1676014058728598,39.291245667084596,-4.673704785031512,3.1332779704239733,0.0,0.0,0.0,0.0085024415595882,6.280019979041594,-0.01786973800515502,72.99345079878333,1.0,-7.690741102218752,-9.883720930232558,-0.04578594752843159,0.7513874754333415,-0.05940868793096272,-7.690820372064654,0.0,-9.862171911929345,-0.15206433779845668,-0.02444655586308836,Banks—Regional,Financial Services,UCBIO
2010Q4,2010,Q4,2010-12-31,2010-12-31,-16395000.0,72077000.0,0.0,-0.15369,72077000.0,1.0,7443196000.0,635515000.0,5763287000.0,0.0,6807681000.0,0.0,-335567000.0,2663750000.0,2661126000.0,5.964476771468794,0.0,0.02757834134691603,0.32299945713319117,0.0,5.964476771468794,-0.025797974870774096,36.95700431482997,-40.61832875876792,4.191482498446142,-0.13735895089966454,0.0,0.0008454246832473017,0.009683609030314398,0.0,-0.002202682826033333,16342.0245398773,1.0,0.9306509399056033,-2.076493762311228,0.06281610805550243,0.3444760369463027,-0.00396606047205793,0.9306516084004822,0.0,-4.902642228040943,-0.1554829109400447,-0.23606987361492093,Banks—Regional,Financial Services,UCBIO
2010Q3,2010,Q3,2010-09-30,2010-09-30,-236415000.0,72364000.0,0.0,-2.21618,72364000.0,1.0,7013049000.0,662475000.0,5511778000.0,103780000.0,6350574000.0,0.0,-316587000.0,2663750000.0,2804340000.0,6.217503519474425,53.11021391404895,0.04406514199458752,0.4664794897920676,0.0,6.217503519474425,-0.35686629684139026,36.810430600851255,-2.816815768880993,4.020906449299973,-0.009534082016792504,0.0,0.0008461755044580009,0.010318479166479516,1.8607920601271921,-0.0337107298123826,30.774518525364787,1.0,-2.971221732430205,-17.5348300461603,0.08093089953096527,0.562441037735849,-0.004703875883695981,-2.9712255593630315,0.0,-11.490548455804047,-0.16654381277066257,-0.20543776933677638,Banks—Regional,Financial Services,UCBIO
2010Q2,2010,Q2,2010-06-30,2010-06-30,-59532000.0,72706000.0,0.0,-0.55806,72706000.0,1.0,7652484000.0,904417000.0,5760835000.0,104127000.0,6748067000.0,0.0,-77590000.0,2663750000.0,2801850000.0,8.488193336461755,55.32508379190796,0.04683067615691846,0.3962453160433738,0.0,8.488193336461755,-0.06582361897222189,36.637278904079444,-11.186210777397031,2.945267503817376,-0.03786199019014984,0.0,0.0008461755044580009,0.00950096726762186,2.400155579244576,-0.007779434756087043,176.05750165234633,1.0,-0.7881380371046814,-5.322369854062295,0.15327633519978412,1.1741106842887157,0.003505769336940319,-0.788123629591806,0.0,-5.998069011837796,-0.13524507296882624,0.09132758398080922,Banks—Regional,Financial Services,UCBIO
2010Q1,2010,Q1,2010-03-31,2010-03-31,-33293000.0,72452000.0,0.0,-0.31209,72452000.0,1.0,7837018000.0,925895000.0,5904818000.0,102480000.0,6911123000.0,0.0,-15481000.0,2663750000.0,2825113000.0,8.689770061004223,57.619223263075725,0.04681232070667695,0.3962317541405883,0.0,8.689770061004223,-0.03595764098520891,36.765720753050296,-20.002327816658156,2.876946089999406,-0.06767188297840387,0.0,0.0008458000938526514,0.009244842872633443,2.3028688524590164,-0.004248171944992342,63.46795329997617,1.0,0.16423865888275935,-3.4769734394762293,0.2470653034527866,1.3212020477028523,-0.10052266322362785,0.16422743818250282,0.0,-2.721013181700698,-0.08294411746092024,0.4502095680830002,Banks—Regional,Financial Services,UCBIO
2009Q4,2009,Q4,2009-12-31,2009-12-31,-39835000.0,80549000.0,0.0,-0.37342,80549000.0,1.0,7999914000.0,962321000.0,6062633000.0,0.0,7037593000.0,0.0,20384000.0,2663750000.0,2681670000.0,9.031637728765837,0.0,0.033071230515728044,0.2749259342776475,0.0,9.031637728765837,-0.04139471132813271,33.06993258761747,-16.717396761641773,2.7680472524240876,-0.1568218902974771,0.0,0.0023451900516189583,0.010068733238882318,0.0,-0.004979428528856685,-118.44679621148117,1.0,0.4203083037086484,-4.149260811131315,0.44679742788375193,1.4234451809170763,0.03142326653434919,0.4203119997671644,0.0,-3.1609525876098514,0.255556941110453,0.5602666809346154,Banks—Regional,Financial Services,UCBIO
2009Q3,2009,Q3,2009-09-30,2009-09-30,-68718000.0,78095000.0,0.0,-0.64417,78095000.0,1.0,8443617000.0,1006638000.0,6505628000.0,101951000.0,7436979000.0,0.0,62786000.0,2663750000.0,2956303000.0,9.447564523697794,63.811321124854096,0.06711590542299585,0.5629640446714708,0.0,9.447564523697794,-0.06826485787343613,34.10909789359114,-9.690874297855002,2.6461846264496276,-0.03278616956256003,0.0,0.0008458000938526514,0.00924899838540758,3.0389795097644945,-0.008138455356276818,39.44543166000296,1.0,-3.294752983532235,-6.748055207026348,0.5109215083096329,1.8943429318995386,0.06296533231703168,-3.294606587088307,0.0,-4.9463619135128924,0.0267011989903238,0.9110936449896913,Banks—Regional,Financial Services,UCBIO
2009Q2,2009,Q2,2009-06-30,2009-06-30,-16001000.0,73469000.0,0.0,-0.14999,73469000.0,1.0,8403046000.0,855272000.0,6155455000.0,252493000.0,7547774000.0,0.0,136624000.0,2663750000.0,3168144000.0,8.0269544814641,24.378715449537214,0.08161457166841643,0.8018630330467968,0.0,8.0269544814641,-0.01870866811961575,36.25678857749527,-41.61849259421286,3.1145062623352575,-0.1408661958627586,0.0,0.0008461755044580009,0.00874313909503768,0.8824878313458195,-0.0019041904566510764,88.99933177413966,1.0,0.8458130306955323,-2.448185356140827,0.5151058959394528,1.5881413069134347,0.05301705604127849,0.8458076763705396,0.0,-1.945182822375805,-0.005037851600059561,0.723306810236612,Banks—Regional,Financial Services,UCBIO
2009Q1,2009,Q1,2009-03-31,2009-03-31,-103773000.0,69770000.0,0.0,-0.97278,69770000.0,1.0,8140909000.0,888853000.0,5991836000.0,158690000.0,7252056000.0,0.0,158201000.0,2663750000.0,3124072000.0,8.342121069920225,37.758119604259875,0.06999476348402862,0.641074508383276,0.0,8.342121069920225,-0.11674933875455222,38.17901676938512,-6.417252079057174,2.9968397474048016,-0.016902277085561756,0.0,0.0006584702017832004,0.0085702960197688,0.9768290377465498,-0.01274710231990064,53.57286513012349,1.0,-1.2198945710960498,-10.487383433900165,0.4948365256888204,1.8557801360334396,0.12463328927431574,-1.2198857680706783,0.0,-7.470041773177878,-0.017987839207296474,0.8311235357859477,Banks—Regional,Financial Services,UCBIO
2008Q4,2008,Q4,2008-12-31,2008-12-31,-46747000.0,62038000.0,0.0,-0.43821,62038000.0,1.0,8520765000.0,989382000.0,6402620000.0,0.0,7531383000.0,0.0,265405000.0,2663750000.0,2925245000.0,9.285612388549977,0.0,0.04533712641998694,0.3904528281290745,0.0,9.285612388549977,-0.04724868655382855,42.93739321061285,-14.24556656042099,2.6923372367801313,-8.556698825593087e-05,0.0,1.5016424213984045e-06,0.007280801665108708,0.0,-0.005486244486263851,-334.8943927583606,1.0,-0.1723741238161485,-5.573622933176793,0.36509263741583425,2.3048471305027505,-0.1304018726959252,-0.17236795907107388,0.0,-4.06940249507551,-0.08521462170252292,1.093106205811046,Banks—Regional,Financial Services,UCBIO
2008Q3,2008,Q3,2008-09-30,2008-09-30,-39874000.0,71341000.0,0.0,-0.37378,71341000.0,1.0,8072543000.0,816880000.0,6169445000.0,0.0,7255663000.0,0.0,317544000.0,2663750000.0,2635006000.0,7.666635382449554,0.0,0.01709448930776832,0.16893056507687787,0.0,7.666635382449554,-0.048812555087650575,37.33827672726763,-16.701045794251893,3.260882871413182,-0.10663590309474846,0.0,0.001596245893946504,0.008837487765627263,0.0,-0.0049394595977996026,45.71234898407469,1.0,-6.663333333333333,-4.847356233114628,0.5458504875406286,1.8196180357802376,-0.06440486806903425,-6.621598759340195,0.0,-3.7887816477829066,0.06564992680668015,0.9266037735849055,Banks—Regional,Financial Services,UCBIO
2008Q2,2008,Q2,2008-06-30,2008-06-30,7093000.0,76252000.0,0.0,0.066,76252000.0,1.0,8264051000.0,837890000.0,6328772000.0,0.0,7426161000.0,0.0,362089000.0,2663750000.0,2868858000.0,7.863819802909433,0.0,0.04765253747829001,0.46999367458735636,0.0,7.863819802909433,0.00846531167575696,34.933509940722864,93.88657831665022,3.1791165904832375,0.5977724517129565,0.0,0.0015917409666823088,0.009226951769779737,0.0,0.0008582957680198246,83.58173831189207,1.0,-0.5599999999999999,-0.2509240680114057,0.7128352576485915,1.9348161120840635,-0.046289695195927606,-0.5588381639507402,0.0,-0.4850068975531838,0.20952365845533982,1.0141877046303553,Banks—Regional,Financial Services,UCBIO
2008Q1,2008,Q1,2008-03-31,2008-03-31,16078000.0,79953000.0,0.0,0.15,79953000.0,1.0,8386255000.0,871452000.0,6373066000.0,0.0,7514803000.0,0.0,359248000.0,2663750000.0,3204115000.0,8.178808071328016,0.0,0.08625065658032101,0.8300170290503666,0.0,8.178808071328016,0.018449667910567652,33.3164484134429,41.41917527055604,3.0566801154854195,0.26327901480283616,0.0,0.0015891130924448615,0.009533814557272586,0.0,0.001917184726674779,94.23866128918135,1.0,2.846153846153846,0.9937996031746031,1.0681600662200266,2.546827622416046,-0.06320081549439348,2.827184003808617,0.0,0.1961907596161,0.3761747392337086,1.1847144296866774,Banks—Regional,Financial Services,UCBIO
2007Q4,2007,Q4,2007-12-31,2007-12-31,4201000.0,85347000.0,0.0,0.039,85347000.0,1.0,8207302000.0,831902000.0,6345063000.0,0.0,7375400000.0,0.0,347391000.0,2663750000.0,3071905000.0,7.8076208352885965,0.0,0.07649017911123533,0.7546297520621419,0.0,7.8076208352885965,0.005049873663003575,31.210821704336414,158.51880504641753,3.201999754778808,1.0268983575339206,0.0,0.0016195213514781793,0.010398910628608524,0.0,0.0005118612669547191,237.62265834076717,1.0,-0.8142857142857143,-0.5092289719626168,1.2569018404907977,2.7544261865971054,-0.017011425412328387,-0.8135871494497693,0.0,-0.667878883706222,0.5329776915615908,1.0950066484003544,Banks—Regional,Financial Services,UCBIO
2007Q3,2007,Q3,2007-09-30,2007-09-30,22536000.0,86824000.0,0.0,0.21,86824000.0,1.0,8180600000.0,833761000.0,6382776000.0,0.0,7346839000.0,0.0,347478000.0,2663750000.0,3052672000.0,7.8250680431722195,0.0,0.07669082952350684,0.7524662343285425,0.0,7.8250680431722195,0.027029328548588864,30.679881138855617,29.549942314518994,3.194860397643929,0.19537628682996094,0.0,0.0016529328953542937,0.010613402439918833,0.0,0.002754810160623915,81.2069386013048,1.0,0.9090909090909091,1.6825377931198664,1.3292198733769718,0.0,0.03267243122375917,0.8920325749307363,0.0,0.8850690087829358,0.6798034321976513,1.3972771316436408,Banks—Regional,Financial Services,UCBIO
2007Q2,2007,Q2,2007-06-30,2007-06-30,11911000.0,84077000.0,0.0,0.11,84077000.0,1.0,8087667000.0,828731000.0,6376214000.0,0.0,7258936000.0,0.0,329229000.0,2663750000.0,3081720000.0,7.777860159549507,0.0,0.07569686041722538,0.7387330750267578,0.0,7.777860159549507,0.014372576867523962,31.682267445317983,55.90945344639409,3.214251669118206,0.3264209554193603,0.0,0.0014595964335992492,0.01039570496658678,0.0,0.0014727362043961503,1012.0630699088146,1.0,-0.38888888888888884,0.47067539202370656,1.2560105184072126,0.0,0.06419846845136384,-0.38428534505040063,0.0,0.07801611005520863,0.7338681404796766,1.507825502787041,Banks—Regional,Financial Services,UCBIO
2007Q1,2007,Q1,2007-03-31,2007-03-31,19345000.0,79005000.0,0.0,0.18,79005000.0,1.0,7186602000.0,638456000.0,5719773000.0,0.0,6548146000.0,0.0,321721000.0,2663750000.0,3058786000.0,5.992078836227123,0.0,0.08031932198276738,0.9040920595937699,0.0,5.992078836227123,0.03029966043078928,33.7162204923739,34.42426983716722,4.172174746576115,0.17792711294908245,0.0,0.001292163303613327,0.01099337350252595,0.0,0.0026918145738417127,107.81357510017403,1.0,0.058823529411764594,1.5058290155440412,1.2211132977228003,0.0,0.23148985254232005,0.049419550829988064,0.0,0.7686048637776559,0.6926982902686721,1.0512840284404348,Banks—Regional,Financial Services,UCBIO
