Quarters,Year,Quarter,FillingDate,Date,NetIncome,Revenue,OperatingIncome,EPSDiluted,GrossProfit,GrossProfitRatio,TotalAssets,CommonStockEquity,CurrentAssets,CurrentLiability,TotalLiability,Inventory,RetainedEarnings,MarketCap,EnterpriseValue,bookValuePerShare,currentRatio,debtToAssets,debtToEquity,roic,shareholdersEquityPerShare,roe,priceToSalesRatio,peRatio,pbRatio,payoutRatio,inventoryTurnover,dividendYield,assetTurnover,quickRatio,returnOnAssets,priceToFreeCashFlowsRatio,grossProfitMargin,epsdilutedGrowth,fiveYNetIncomeGrowthPerShare,fiveYRevenueGrowthPerShare,fiveYShareholdersEquityGrowthPerShare,grossProfitGrowth,netIncomeGrowth,operatingIncomeGrowth,threeYNetIncomeGrowthPerShare,threeYRevenueGrowthPerShare,threeYShareholdersEquityGrowthPerShare,Industry,Sector,Symbol
2023Q4,2023,Q4,2023-06-14,2023-03-31,2983000.0,14785000.0,6212000.0,0.14,14785000.0,1.0,1589712000.0,155239000.0,238582000.0,0.0,152901000.0,0.0,117826000.0,114231993.06,244839993.06,7.256953483815893,0.0,0.09618157251124732,0.9849393515804662,0.014615521044829832,7.256953483815893,0.01921553217941368,7.726208526208996,9.573583059001006,0.7358459733700938,,0.0,,0.009300426743963686,0.0,0.001876440512495345,0.0,1.0,-0.4166666666666666,0.04575320002350072,0.17088769132701676,0.40081488157362494,-0.11270479505491209,-0.4307251908396947,-0.23619820484446083,0.09102122718564966,0.12246995284669544,0.10395379173262675,Banks—Regional,Financial Services,RVSB
2023Q3,2023,Q3,2023-02-07,2022-12-31,5240000.0,16663000.0,8133000.0,0.24,16663000.0,1.0,1598734000.0,152025000.0,242019000.0,0.0,1446709000.0,0.0,116117000.0,165157655.04,201974655.04,7.069318099226023,0.0,0.038407264748232035,0.40390067423121195,0.02899508906280797,7.069318099226023,0.03446801512909061,9.911639863169897,7.879659114503816,1.0863848382831771,0.24637404580152672,0.0,0.007816773613595621,0.01042262189957804,0.0,0.0032775933957744064,56.65785764665523,1.0,0.0,2.6128346760344785,0.2759599656956938,0.3640220917230038,0.005916088137639602,0.008856372737774355,0.00993418601763318,0.33789945411500466,0.19839296174578708,0.09893370693554769,Banks—Regional,Financial Services,RVSB
2023Q2,2023,Q2,2022-11-10,2022-09-30,5194000.0,16565000.0,8053000.0,0.24,16565000.0,1.0,1684898000.0,147162000.0,333347000.0,0.0,1537736000.0,0.0,112167000.0,137315378.15,52015378.150000006,6.805346295439671,0.0,0.01729006741060883,0.19795871216754324,0.034648658259988155,6.805346295439671,0.03529443742270423,8.289488569272564,6.609327019156719,0.9330899155352603,0.2537543319214478,0.0,0.009598342281519618,0.009831455672687605,0.0,0.0030826791888885854,33.27244442694451,1.0,0.14285714285714285,0.7681739153135567,0.28368750688826705,0.31271686035509516,0.04928105403179831,0.11650902837489252,0.10209388257834953,0.19952946308259964,0.16505269884651555,0.07668553524206367,Banks—Regional,Financial Services,RVSB
2023Q1,2023,Q1,2022-08-12,2022-06-30,4652000.0,15787000.0,7307000.0,0.21,15787000.0,1.0,1697711000.0,154433000.0,1145003000.0,2270000.0,1543278000.0,0.0,108266000.0,144943410.92,31982410.919999987,7.0107991356769155,504.4066079295154,0.018491957700692285,0.20328556720390073,0.030029269049508766,7.0107991356769155,0.03012309545239683,9.181187744346614,7.789306261822873,0.9385520641313709,0.261822871883061,0.0,0.008403279543850823,0.009298991406664622,144.8431718061674,0.002740160133261786,41.40057438446158,1.0,0.1052631578947368,0.790780534785794,0.22457231515218357,0.3850171348449915,0.061525013448090374,0.12775757575757576,0.08751302277124572,0.13954212743196906,0.10989083632725316,0.14364561500454226,Banks—Regional,Financial Services,RVSB
2022Q4,2022,Q4,2022-06-15,2022-03-31,4125000.0,14872000.0,6719000.0,0.19,14872000.0,1.0,1740096000.0,157249000.0,412105000.0,0.0,1582847000.0,0.0,104931000.0,167320729.29999998,-45236270.70000002,7.095534157464374,0.0,0.016732410165875906,0.18515857016578802,0.0271719007209484,7.095534157464374,0.02623228128636748,11.250721442980096,10.14065026060606,1.0640495602515754,0.2957575757575758,0.0,0.007291385861775586,0.008546654897201075,0.0,0.0023705588657177536,26.835722421812346,1.0,-0.24,1.0580069643525094,0.26492963333535424,0.4341912187831931,-0.019967051070840198,-0.2513611615245009,-0.12318935142894427,0.00012293231884469362,0.04315100578752005,0.20486947894331556,Banks—Regional,Financial Services,RVSB
2022Q3,2022,Q3,2022-02-11,2021-12-31,5510000.0,15175000.0,7663000.0,0.25,15175000.0,1.0,1683076000.0,163141000.0,1241624000.0,2295000.0,1519935000.0,0.0,102023000.0,170457539.70000002,-38246460.29999998,7.359922548500799,541.0126361655773,0.018657505662251734,0.19248380235501805,0.029913123101531547,7.359922548500799,0.03377446503331474,11.23278680065898,7.734008153357532,1.0448479517717801,0.22014519056261342,0.0,0.007116141662814344,0.009016229807804282,186.05185185185186,0.003273767791828771,1342.1853519685042,1.0,-0.13793103448275856,1.8051251438621856,0.42104465343140973,0.5130515992892728,-0.01779935275080906,-0.14307931570762053,0.0,0.28020285530430833,0.06977921121424115,0.29845871013377356,Banks—Regional,Financial Services,RVSB
2022Q2,2022,Q2,2021-11-12,2021-09-30,6430000.0,15450000.0,0.0,0.29,15450000.0,1.0,1716352000.0,159760000.0,1320634000.0,0.0,1556592000.0,0.0,97727000.0,161247356.82999998,-178025643.17000002,7.2029410145587685,0.0,0.016953398836602282,0.182135703555333,0.0,7.2029410145587685,0.04024787180771157,10.436722124919093,6.269337357309486,1.0093099451051577,0.17402799377916017,0.0,0.006939648636719921,0.009001650011186517,0.0,0.0037463177716459094,26.24895927559824,1.0,0.11538461538461527,2.878146772188714,0.46732838455580217,0.45855363034142166,0.03886498117267348,0.11728931364031277,0.0,0.5478751756130182,0.07597745996661219,0.3286598189301008,Banks—Regional,Financial Services,RVSB
2022Q1,2022,Q1,2021-08-12,2021-06-30,5755000.0,14872000.0,0.0,0.26,14872000.0,1.0,1617016000.0,156976000.0,1261855000.0,0.0,1460040000.0,0.0,92522000.0,158424525.65,-147477474.35,7.025173882854546,0.0,0.017988690278884067,0.18530221180307818,0.0,7.025173882854546,0.03666165528488431,10.652536689752555,6.882038473066897,1.0092276886275608,0.1942658557775847,0.0,0.007056988148854843,0.009197187906613169,0.0,0.003559024771554518,225.03483757102273,1.0,0.7333333333333335,2.409958030664127,0.44663979792322134,0.4350322326445457,0.05986316989737742,0.6857059168131224,0.0,0.30865628989113497,0.03322204398099254,0.32322522317114644,Banks—Regional,Financial Services,RVSB
2021Q4,2021,Q4,2021-06-21,2021-03-31,3414000.0,14032000.0,0.0,0.15,14032000.0,1.0,1549158000.0,151594000.0,1246248000.0,0.0,1397564000.0,0.0,87881000.0,154860330.23999998,-81719669.76000002,6.783831717082615,0.0,0.01876955094315751,0.19180838291752972,0.0,6.783831717082615,0.022520680238004142,11.036226499429873,11.340094481546572,1.021546566750663,0.3268892794376098,0.0,0.007206493737101307,0.009057823669373943,0.0,0.0022037777941307474,19.915165925925923,1.0,-0.16666666666666666,1.4424345040507867,0.46539454956233983,0.4073352842452848,-0.021546614601492226,-0.15390334572490708,0.0,0.14572137715809916,0.06378298232604038,0.3094878511448881,Banks—Regional,Financial Services,RVSB
2021Q3,2021,Q3,2021-02-11,2020-12-31,4035000.0,14341000.0,0.0,0.18,14341000.0,1.0,1436184000.0,151874000.0,1202348000.0,0.0,1284310000.0,0.0,85584000.0,117406876.74,-89610123.26,6.804177593183797,0.0,0.020238353859951094,0.1913823300894162,0.0,6.804177593183797,0.026568076168402757,8.186798461753016,7.274279847583643,0.7730544842435176,0.2768277571251549,0.0,0.009513923127975034,0.00998548932448767,0.0,0.0028095285840811484,15.379470361540475,1.0,0.6363636363636362,1.379470267834546,0.4567484827677046,0.44152446410022617,0.03298998775480804,0.5867086118757373,0.0,1.6803409265755376,0.05801783036799471,0.31286333743073225,Banks—Regional,Financial Services,RVSB
2021Q2,2021,Q2,2020-11-13,2020-09-30,2543000.0,13883000.0,0.0,0.11,13883000.0,1.0,1425171000.0,149046000.0,1252215000.0,0.0,1276125000.0,0.0,82666000.0,92386092.35000001,-86823907.64999998,6.695173313064149,0.0,0.04143713280722103,0.3962199589388511,0.0,6.695173313064149,0.01706184667820673,6.654620208168264,9.082392091034212,0.6198495253143326,0.4372788045615415,0.0,0.012036443708293718,0.009741287185888571,0.0,0.0017843472818349518,179.73947928015565,1.0,4.5,0.552323682155598,0.49270075923722423,0.41312245014080146,0.009599301868954985,4.297916666666667,0.0,-0.15907677963043182,0.045052596229133185,0.2914650496108179,Banks—Regional,Financial Services,RVSB
2021Q1,2021,Q1,2020-08-14,2020-06-30,480000.0,13751000.0,0.0,0.02,13751000.0,1.0,1377374000.0,147478000.0,1194024000.0,0.0,1229896000.0,0.0,81240000.0,125308112.55000001,26267112.550000012,6.6496149614217455,0.0,0.04286635292956016,0.40035123882884227,0.0,6.6496149614217455,0.0032547227383067307,9.112654537851794,65.264641953125,0.8496732566891334,2.3604166666666666,0.0,0.009041713077817802,0.009983490322889789,0.0,0.0003484892266007635,26.71245204647197,1.0,-0.8461538461538461,-0.6955872383029624,0.43798845547810517,0.4283764502932577,-0.013699612681107445,-0.834139599170698,0.0,-0.816479011676442,0.059402400966209155,0.3136634616763265,Banks—Regional,Financial Services,RVSB
2020Q4,2020,Q4,2020-06-17,2020-03-31,2894000.0,13942000.0,0.0,0.13,13942000.0,1.0,1180808000.0,148843000.0,987385000.0,0.0,1031965000.0,0.0,81870000.0,113439080.31,100253080.31,6.573602571196656,0.0,0.02458570741390641,0.19504444280214722,0.0,6.573602571196656,0.01944330603387462,8.136499807057811,9.799505901002073,0.7621391688557742,0.39046302695231516,0.0,0.00996129373503381,0.011807169328121083,0.0,0.0024508641540368966,-33.741546790600836,1.0,-0.27777777777777773,0.8864452817024293,0.5175076111088784,0.41887564704893815,-0.048652337086318664,-0.29893410852713176,0.0,0.4131857196997977,0.16064630924194587,0.328695327815875,Banks—Regional,Financial Services,RVSB
2020Q3,2020,Q3,2020-02-07,2019-12-31,4128000.0,14655000.0,0.0,0.18,14655000.0,1.0,1184100000.0,145806000.0,984203000.0,0.0,1038294000.0,0.0,80103000.0,186085495.52,152731495.52,6.432888585189823,0.0,0.02450637615066295,0.1990178730642086,0.0,6.432888585189823,0.0283115921155508,12.697747903104743,11.269712664728685,1.2762540328930225,0.24757751937984496,0.0,0.005492099194212361,0.01237648847225741,0.0,0.0034861920445908284,39.73638597480248,1.0,-0.10000000000000009,2.5497650998285657,0.6121027817140472,0.413611359853142,-0.01565018807092961,-0.08954565505072784,0.0,1.0552319400051828,0.3421014878074769,0.32247211811404475,Banks—Regional,Financial Services,RVSB
2020Q2,2020,Q2,2019-11-07,2019-09-30,4534000.0,14888000.0,0.0,0.2,14888000.0,1.0,1173019000.0,143119000.0,965654000.0,0.0,1029900000.0,0.0,77112000.0,167106100.14,146975100.14,6.320644303918946,0.0,0.024727647207760488,0.20267050496440026,0.0,6.320644303918946,0.031679930687050634,11.224214141590542,9.214054926113807,1.1676024856238516,0.2247463608292898,0.0,0.0060979222131705,0.012692036531377583,0.0,0.0038652400344751448,32.28479523570324,1.0,0.11111111111111122,3.135673038001935,0.6460654232605584,0.4107260830945579,0.019307134054498153,0.08158396946564886,0.0,1.6786565655544734,0.38502447060505296,0.2798936818924562,Banks—Regional,Financial Services,RVSB
2020Q1,2020,Q1,2019-08-08,2019-06-30,4192000.0,14606000.0,0.0,0.18,14606000.0,1.0,1165234000.0,138663000.0,950750000.0,0.0,1026571000.0,0.0,73602000.0,186837730.79999998,247911730.79999998,6.130219924507882,0.0,0.07374741897335642,0.6197255215883112,0.0,6.130219924507882,0.030231568623208787,12.791847925510064,11.142517342557252,1.3474231107072543,0.21564885496183206,0.0,0.0048384231393159265,0.012534821332024297,0.0,0.0035975606616353456,28.89094337405288,1.0,-0.05263157894736847,4.605514160740385,0.6866580881464032,0.3808569312560685,0.004401045248246458,-0.0035654860946042312,0.0,1.4536726574396346,0.4035050245249854,0.2522199922109409,Banks—Regional,Financial Services,RVSB
2019Q4,2019,Q4,2019-06-14,2019-03-31,4207000.0,14542000.0,0.0,0.19,14542000.0,1.0,1156921000.0,133122000.0,934910000.0,0.0,1023799000.0,0.0,70428000.0,167503138.92000002,229370138.92000002,5.889047968654031,0.0,0.07395837745187442,0.6427487567794955,0.0,5.889047968654031,0.03160259010531693,11.518576462659883,9.95383521036368,1.258267896515978,0.21487996196814832,0.0,0.005396913788175355,0.012569570437393738,0.0,0.003636376208920056,-133.8953948201439,1.0,0.0,-0.7497470045861899,0.8445612151240638,0.3449540801053799,0.005531738348776103,-0.041248860528714675,0.0,1.9753230470395857,0.5012787614660728,0.22170851851024875,Banks—Regional,Financial Services,RVSB
2019Q3,2019,Q3,2019-02-08,2018-12-31,4388000.0,14462000.0,0.0,0.19,14462000.0,1.0,1151225000.0,128094000.0,925602000.0,0.0,1023131000.0,0.0,67126000.0,164518623.36,203883623.36,5.6681991433848085,0.0,0.055163847206236835,0.4957765391040954,0.0,5.6681991433848085,0.03425609318156978,11.37592472410455,9.373212360984503,1.2843585441941077,0.1804922515952598,0.0,0.00481404465843933,0.012562270624769268,0.0,0.003811591999826272,22.441498207611513,1.0,0.0,4.422777396084884,0.7018323209877564,0.5603364949877053,-0.010671774524558763,0.03759754078978482,0.0,1.555803531073601,0.450967214080497,0.20085750565453128,Banks—Regional,Financial Services,RVSB
2019Q2,2019,Q2,2018-11-07,2018-09-30,4229000.0,14618000.0,0.0,0.19,14618000.0,1.0,1148447000.0,122410000.0,913783000.0,0.0,1026037000.0,0.0,63642000.0,196444599.29999998,194328599.29999998,5.42120783057842,0.0,0.02520621326016786,0.23648394738991912,0.0,5.42120783057842,0.03454783105955396,13.438541476262142,11.612946281626861,1.6048084249652805,0.18680539134547175,0.0,0.004021490042561838,0.012728493347973394,0.0,0.003682364096906518,21.858751452097472,1.0,-0.050000000000000044,11.283277943557138,0.8127388648138446,0.4973883814345848,0.005433661187151799,-0.04795137325529041,0.0,1.5451376094397817,0.549583730953864,0.1442318419630841,Banks—Regional,Financial Services,RVSB
2019Q1,2019,Q1,2018-08-09,2018-06-30,4442000.0,14539000.0,0.0,0.2,14539000.0,1.0,1140268000.0,119828000.0,895941000.0,0.0,1020440000.0,0.0,60204000.0,190492310.76,181184310.76,5.30912936047162,0.0,0.025372105505021628,0.24143772740928665,0.0,5.30912936047162,0.03706980004673365,13.102160448448998,10.721089079243583,1.589714513803118,0.15240882485366952,0.0,0.0035539492239817904,0.012750511283312345,0.0,0.0038955754261278926,47.13989377876763,1.0,0.5384615384615385,1.6830694630831025,0.7145591045157416,0.48110042541561177,0.09151651651651652,0.47623795280824194,0.0,1.768190087873991,0.49400273038493603,0.14043224969476453,Banks—Regional,Financial Services,RVSB
2018Q4,2018,Q4,2018-06-13,2018-03-31,3009000.0,13320000.0,0.0,0.13,13320000.0,1.0,1151535000.0,116901000.0,893922000.0,0.0,1034634000.0,0.0,56552000.0,210761611.22,188942611.22,5.180522836581871,0.0,0.025109961920393213,0.24734604494401247,0.0,5.180522836581871,0.02573972848820797,15.822943785285284,17.510934797274842,1.8029068290262702,0.22532402791625125,0.0,0.0032169046159562756,0.011567169039586291,0.0,0.002613033906915552,45.68862155213527,1.0,0.857142857142857,0.8686563762132694,0.6017808811113257,0.47617387446523557,-0.026742656729504603,0.9796052631578948,0.0,0.9681047557065197,0.4547566852935295,0.11818711462941656,Banks—Regional,Financial Services,RVSB
2018Q3,2018,Q3,2018-02-08,2017-12-31,1520000.0,13686000.0,0.0,0.07,13686000.0,1.0,1128342000.0,116803000.0,859051000.0,0.0,1011539000.0,0.0,53878000.0,195396587.64,195276587.64,5.182700589765529,0.0,0.0265415982033816,0.2563975240361977,0.0,5.182700589765529,0.013013364382764141,14.277114397194213,32.13759665131579,1.672873022439492,0.33289473684210524,0.0,0.0025896051006390032,0.012129301222501688,0.0,0.0013471092984219323,123.59050451612902,1.0,-0.5,0.4617729486040256,0.4327674185746468,0.5075014297474788,0.01845512725107903,-0.5031055900621118,0.0,0.31454362437364125,0.5141012877810537,0.13888563922546845,Banks—Regional,Financial Services,RVSB
2018Q2,2018,Q2,2017-11-09,2017-09-30,3059000.0,13438000.0,0.0,0.14,13438000.0,1.0,1147680000.0,116742000.0,902609000.0,0.0,1030938000.0,0.0,53034000.0,189159104.4,131998104.4,5.184169184510053,0.0,0.025164680050188206,0.24739168422675645,0.0,5.184169184510053,0.026203080296722688,14.076432832266708,15.45922723112128,1.6203174898494115,0.16541353383458646,0.0,0.002674996805493439,0.011708838700683117,0.0,0.002665377108601701,66.16268079748164,1.0,0.16666666666666682,0.6981660621385225,0.31976163194922563,0.5317587009557705,0.020271809277959154,0.15259984928409948,0.0,1.8056412413933376,0.4939406620045636,0.15707233884825195,Banks—Regional,Financial Services,RVSB
2018Q1,2018,Q1,2017-08-08,2017-06-30,2654000.0,13171000.0,0.0,0.12,13171000.0,1.0,1125161000.0,113917000.0,875293000.0,0.0,1011244000.0,0.0,50482000.0,149432217.28,133145217.28,5.061886210138152,0.0,0.025652328866713297,0.25336868070612817,0.0,5.061886210138152,0.023297664088766382,11.345548347126263,14.076131996985682,1.311763979739635,0.16955538809344387,0.0,0.0030113988013495668,0.011705880314017283,0.0,0.002358773544408311,70.05729830285982,1.0,0.3333333333333333,2.4796473433942556,0.2435178284365751,0.531411136434279,0.10393093621657866,0.3048180924287119,0.0,2.567002995620678,0.5287021704539302,0.14021042386336516,Banks—Regional,Financial Services,RVSB
2017Q4,2017,Q4,2017-06-05,2017-03-31,2034000.0,11931000.0,0.0,0.09,11931000.0,1.0,1133939000.0,111264000.0,888620000.0,0.0,1022675000.0,0.0,48335000.0,160798752.4,113987752.4,4.947411519842116,0.0,0.025436994406224673,0.25923928674144375,0.0,4.947411519842116,0.018280845556514238,13.477391031765988,19.763858456243856,1.445200176157607,0.22173058013765978,0.0,0.002804748129376656,0.010521730004876806,0.0,0.001793747282702156,28.576284414430425,1.0,0.0,1.1265833352020889,0.23728440491024133,0.46140131430983905,0.10115366866635903,0.020572002007024585,0.0,-0.8783853680137674,0.5211564628458594,0.12990102050277982,Banks—Regional,Financial Services,RVSB
2017Q3,2017,Q3,2017-02-08,2016-12-31,1993000.0,10835000.0,0.0,0.09,10835000.0,1.0,985669000.0,109400000.0,738416000.0,0.0,876269000.0,0.0,46750000.0,157433031.0,143020031.0,4.86429051855071,0.0,0.025505519601407775,0.22979890310786105,0.0,4.86429051855071,0.018217550274223036,14.530044393170282,19.74824774209734,1.4390587842778793,0.22579026593075766,0.0,0.002858358231062705,0.01099253400482312,0.0,0.0020219769516947373,27.869185873605947,1.0,0.28571428571428553,1.1191917199175816,0.08433792371665226,0.185753406486683,0.015559096447652077,0.1863095238095238,0.0,1.474846842871763,0.2811594861350769,0.3390372896787388,Banks—Regional,Financial Services,RVSB
2017Q2,2017,Q2,2016-11-08,2016-09-30,1680000.0,10669000.0,0.0,0.07,10669000.0,1.0,984045000.0,110986000.0,791562000.0,0.0,873059000.0,0.0,45207000.0,120910222.22,37773222.22,4.938413552110996,0.0,0.02555269322033037,0.2265601066801218,0.0,4.938413552110996,0.015137044311895194,11.332854271253163,17.992592592261907,1.0894186854197825,0.26726190476190476,0.0,0.0037134990884644162,0.010841983852364475,0.0,0.001707238998216545,37.37564829057187,1.0,-0.12499999999999993,8.216032824194912,0.031795095384294654,0.01896436774245035,0.032117635677662765,-0.010017678255745434,0.0,3.9025944918677333,0.32926356490787606,0.3640360795503973,Banks—Regional,Financial Services,RVSB
2017Q1,2017,Q1,2016-08-08,2016-06-30,1697000.0,10337000.0,0.0,0.08,10337000.0,1.0,932447000.0,109991000.0,728335000.0,0.0,822456000.0,0.0,43976000.0,106272982.53000002,64775982.530000016,4.895481594798899,0.0,0.02697311482582924,0.2286641634315535,0.0,4.895481594798899,0.015428535061959615,10.280834142401085,15.656008033294048,0.9661970754879946,0.26458456098998234,0.0,0.004224968466216245,0.01108588477414802,0.0,0.00181994258118692,33.22068850578306,1.0,0.3333333333333334,1.359913515591722,-0.04380739124680168,0.012927439499562416,0.07397402597402597,0.20782918149466192,0.0,0.02969470518517929,0.22457592072134874,0.36570412592599805,Banks—Regional,Financial Services,RVSB
2016Q4,2016,Q4,2016-06-14,2016-03-31,1405000.0,9625000.0,0.0,0.06,9625000.0,1.0,921229000.0,108273000.0,729917000.0,0.0,812956000.0,0.0,42728000.0,94339152.60000001,47326152.60000001,4.82033797704475,0.0,0.027306999671091552,0.2323386255114387,0.0,4.82033797704475,0.012976457657957201,9.801470400000001,16.786326085409254,0.8713081987199025,0.2797153024911032,0.0,0.0041658207559519675,0.010447999357380196,0.0,0.0015251365295708232,33.87402247755835,1.0,-0.25000000000000006,0.633992122552957,-0.08311572906259745,0.005530507061137784,-0.02817043618739903,-0.1764361078546307,0.0,-0.1234321521254549,0.1627907605158938,0.3735403186642456,Banks—Regional,Financial Services,RVSB
2016Q3,2016,Q3,2016-02-09,2015-12-31,1706000.0,9904000.0,0.0,0.08,9904000.0,1.0,886152000.0,105993000.0,691011000.0,0.0,780159000.0,0.0,41773000.0,105316496.67,83748496.67,4.7201263402982505,0.0,0.028392420261986656,0.23737416621852386,0.0,4.7201263402982505,0.016095402526581943,10.63373350868336,15.43324980509965,0.9936174716254849,0.1969519343493552,0.0,0.0031903833741529254,0.011176412173080916,0.0,0.0019251776218978233,24.658510107703115,1.0,0.14285714285714277,1.9255748938698807,-0.07845559001515619,-0.007434489379926102,0.05597611685680776,0.03268765133171913,0.0,0.6466059326179432,0.040600689517949616,0.37295162692588885,Banks—Regional,Financial Services,RVSB
2016Q2,2016,Q2,2015-11-06,2015-09-30,1652000.0,9379000.0,0.0,0.07,9379000.0,1.0,896302000.0,106362000.0,839529000.0,0.0,789370000.0,0.0,40460000.0,106634583.5,41687583.5,4.737857863907726,0.0,0.028076474224089647,0.23659765705797184,0.0,4.737857863907726,0.015531862883360599,11.369504584710523,16.13719483958838,1.0025627902822436,0.16888619854721548,0.0,0.002616411963572775,0.01046410696394742,0.0,0.0018431287668665248,63.96795650869826,1.0,0.0,0.18803411169111892,-0.2958830502943773,-0.1918248558770718,-0.030393879871808124,0.035736677115987464,0.0,-0.08007119255383784,-0.07602356913322478,0.39988776381306507,Banks—Regional,Financial Services,RVSB
2016Q1,2016,Q1,2015-08-07,2015-06-30,1595000.0,9673000.0,0.0,0.07,9673000.0,1.0,860165000.0,104440000.0,803332000.0,0.0,755174000.0,0.0,39144000.0,96018919.56,47333919.56,4.655365859648921,0.0,0.028988624275575036,0.23874952125622367,0.0,4.655365859648921,0.015271926464955956,9.926488117440298,15.049987391849532,0.9193692029873612,0.15862068965517243,0.0,0.002634897384383774,0.011245516848511623,0.0,0.0018542953968134022,48.27497212669683,1.0,0.0,-0.5675426823284261,-0.5886783686957954,-0.4169281075219395,0.06401935980640193,0.050724637681159424,0.0,1.8920333737528832,-0.08386901989975484,0.4084234266988237,Banks—Regional,Financial Services,RVSB
2015Q4,2015,Q4,2015-06-12,2015-03-31,1518000.0,9091000.0,0.0,0.07,9091000.0,1.0,858750000.0,103801000.0,801592000.0,0.0,754413000.0,0.0,37830000.0,100821915.0,41150915.0,4.632965957847557,0.0,0.029062008733624453,0.24043120971859616,0.0,4.632965957847557,0.01462413656901186,11.09029974700253,16.604399703557313,0.9713000356451287,0.0,0.0,0.0,0.0105863173216885,0.0,0.0017676855895196507,398.5055928853755,1.0,0.4000000000000001,1.154665939100902,-0.5851616584681432,-0.4074001913016221,0.012135381874860832,0.32114882506527415,0.0,1.09482690189568,-0.05367882999128169,0.3685181660746972,Banks—Regional,Financial Services,RVSB
2015Q3,2015,Q3,2015-02-13,2014-12-31,1149000.0,8982000.0,0.0,0.05,8982000.0,1.0,828435000.0,101912000.0,769629000.0,0.0,726005000.0,0.0,36565000.0,100329196.80000001,78213196.80000001,4.550676917210206,0.0,0.03268693379685793,0.26570963183923385,0.0,4.550676917210206,0.011274432844022294,11.170028590514363,21.829677284595302,0.9844689222073947,0.0,0.0,0.0,0.010842130040377339,0.0,0.0013869525068351772,-90.30530765076509,1.0,0.0,1.4278302404159458,-0.5981912695115881,-0.4492560812537492,0.004360952700436095,0.05996309963099631,0.0,1.069009250716504,-0.09727124274367316,0.10930476619846761,Banks—Regional,Financial Services,RVSB
2015Q2,2015,Q2,2014-11-13,2014-09-30,1084000.0,8943000.0,0.0,0.05,8943000.0,1.0,841540000.0,100311000.0,780042000.0,0.0,740724000.0,0.0,35416000.0,89331124.47,50402124.47,4.480419253363508,0.0,0.0297074411198517,0.24922491052825713,0.0,4.480419253363508,0.010806392120505229,9.988943807447166,20.60219660285978,0.890541660136974,0.0,0.0,0.0,0.01062694583739335,0.0,0.0012881146469567698,35.05931101648352,1.0,0.6666666666666669,1.5688593396659811,-0.6075713548855662,-0.4638788458275363,0.043645699614890884,0.4648648648648649,0.0,4.969182429571862,-0.13183192140272884,-0.07553558981039402,Banks—Regional,Financial Services,RVSB
2015Q1,2015,Q1,2014-08-14,2014-06-30,740000.0,8569000.0,0.0,0.03,8569000.0,1.0,824642000.0,99366000.0,760868000.0,0.0,724786000.0,0.0,34332000.0,86844468.6,35874468.599999994,4.439431620864337,0.0,0.030341651286255128,0.25180645291145864,0.0,4.439431620864337,0.007447215345289133,10.134726175749796,29.3393475,0.8739857556910814,0.0,0.0,0.0,0.01039117580719876,0.0,0.0008973590964321488,25.48253186619718,1.0,-0.9594594594594594,0.03245200837301729,-0.6285896459518581,-0.4663897745227996,0.09802665299846233,-0.9555315185385493,0.0,0.03299271058568484,-0.20433125111111497,-0.08143417200606816,Banks—Regional,Financial Services,RVSB
2014Q4,2014,Q4,2014-06-13,2014-03-31,16641000.0,7804000.0,0.0,0.74,7804000.0,1.0,824521000.0,97978000.0,758743000.0,0.0,726072000.0,0.0,33592000.0,76650484.9435,-3809515.0565000027,4.378623817545215,0.0,0.03037157331347534,0.2555879891404193,0.0,4.378623817545215,0.1698442507501684,9.821948352575602,1.15153063132474,0.7823234291728756,0.0,0.0,0.0,0.009464889311491156,0.0,0.020182627246607424,44.956296154545456,1.0,17.5,12.06365690447054,-0.7416545941023391,-0.471021618725041,-0.07227769852591535,19.775280898876403,0.0,18.426957958580566,-0.25375266952685843,-0.08661180015731908,Banks—Regional,Financial Services,RVSB
2014Q3,2014,Q3,2014-02-13,2013-12-31,801000.0,8412000.0,0.0,0.04,8412000.0,1.0,804949000.0,81264000.0,742479000.0,0.0,723233000.0,0.0,16951000.0,64873803.3,-70378196.7,3.6326774138737754,0.0,0.031134891775752252,0.30840224453632603,0.0,3.6326774138737754,0.009856763142350856,7.712054600570613,20.247753838951308,0.7983092550206733,0.0,0.0,0.0,0.010450351512952994,0.0,0.0009950940991292616,34.108203627760254,1.0,1.6235143695014662,-0.7402694727775595,-0.6083623127790017,-0.5664200816001944,0.05321146863653437,1.348973607038123,0.0,0.37884963700912255,-0.21429937090918375,-0.23610724538534236,Banks—Regional,Financial Services,RVSB
2014Q2,2014,Q2,2013-11-12,2013-09-30,341000.0,7987000.0,0.0,0.01524672418988923,7987000.0,1.0,788878000.0,80968000.0,724085000.0,0.0,707261000.0,0.0,16150000.0,58817635.599999994,-68357364.4,3.6204420294650537,0.0,0.03179452336102667,0.3097767019069262,0.0,3.6204420294650537,0.004211540361624346,7.364171228245898,43.12143372434017,0.7264306343246715,0.0,0.0,0.0,0.01012450594388486,0.0,0.0004322594875253208,67.91874780600462,1.0,-0.7821896544301539,1.038837665596115,-0.644533005706046,-0.5603715720381902,-0.049166666666666664,-0.7920731707317074,0.0,-0.7538352292558473,-0.3980996429594728,-0.38243160875697135,Banks—Regional,Financial Services,RVSB
2014Q1,2014,Q1,2013-08-14,2013-06-30,1640000.0,8400000.0,0.0,0.07,8400000.0,1.0,774578000.0,80144000.0,716253000.0,0.0,693799000.0,0.0,15809000.0,55224166.14000001,-74204833.85999998,3.5845843194473628,0.0,0.03240603270425961,0.3131987422639249,0.0,3.5845843194473628,0.020463166300658815,6.574305492857143,8.418318009146342,0.6890617655719705,0.0,0.0,0.0,0.010844614745061182,0.0,0.0021172819264167067,45.15467386753885,1.0,0.0,-0.012292565112016932,-0.619700586272434,-0.5841352914116187,0.019788758042976813,0.02821316614420063,0.0,-0.5538229342629785,-0.6415897016227791,-0.5510405785712029,Banks—Regional,Financial Services,RVSB
2013Q4,2013,Q4,2013-06-14,2013-03-31,1595000.0,8237000.0,0.0,0.07,8237000.0,1.0,777003000.0,78442000.0,727068000.0,0.0,697958000.0,0.0,14169000.0,56773582.160000004,-78155417.84,3.509425905846347,0.0,0.032330634502054686,0.3202493562122332,0.0,3.509425905846347,0.020333494811453048,6.892507242928251,8.898680589341694,0.723765102368629,0.0,0.0,0.0,0.010600988670571413,0.0,0.0020527591270561377,29.29493403508772,1.0,0.4000000000000001,-0.3442597307437978,-0.6351738623958028,-0.5952514304347206,-0.1302924717558864,0.5470417070805044,0.0,1.162897135163581,-0.6232388226279459,-0.551111504084549,Banks—Regional,Financial Services,RVSB
2013Q3,2013,Q3,2013-02-13,2012-12-31,1031000.0,9471000.0,0.0,0.05,9471000.0,1.0,794564000.0,76823000.0,744652000.0,0.0,717153000.0,0.0,12574000.0,37764138.36,-88313861.64,3.437940745856329,0.0,0.031638735205722884,0.3272327297814457,0.0,3.437940745856329,0.013420460018484048,3.9873443522331327,9.157162550921436,0.49157333558960203,0.0,0.0,0.0,0.011919744664998667,0.0,0.0012975669675444647,19.854962334384858,1.0,-0.375,-0.7772334595726518,-0.5886039432384111,-0.6022862159490832,-0.062370062370062374,-0.42305540011191944,0.0,1.3847393094735472,-0.5753818042014064,-0.5839245472185515,Banks—Regional,Financial Services,RVSB
2013Q2,2013,Q2,2012-11-14,2012-09-30,1787000.0,10101000.0,0.0,0.08,10101000.0,1.0,809553000.0,75607000.0,716798000.0,0.0,733371000.0,0.0,11543000.0,32168861.279999997,-41040138.72,3.3844555159212026,0.0,0.031076408833022668,0.33274696787334507,0.0,3.3844555159212026,0.02363537767667015,3.1847204514404512,4.500400290990487,0.4254746422950256,0.0,0.0,0.0,0.01247725596718189,0.0,0.0022073909923130417,18.812199578947368,1.0,2.0,-0.6410372314253405,-0.5480704410837871,-0.601390346996693,-0.03900675482827514,2.003932584269663,0.0,3.2441654367000416,-0.5557795470944816,-0.5950204445535127,Banks—Regional,Financial Services,RVSB
2013Q1,2013,Q1,2012-08-14,2012-06-30,-1780000.0,10511000.0,0.0,-0.08,10511000.0,1.0,814730000.0,73820000.0,721971000.0,0.0,740348000.0,0.0,9756000.0,27916661.25,-18269338.75,3.3053737756695387,0.0,0.03090103469861181,0.34104578704958005,0.0,3.3053737756695387,-0.024112706583581684,2.6559472219579487,-3.920879389044944,0.378172057030615,0.0,0.0,0.0,0.012901206534680201,0.0,-0.002184772869539602,8.618913630750232,1.0,0.8880324421883813,-1.3198117757634504,-0.51828661621259,-0.6224798266308074,0.09763993316624896,0.8884502099392116,0.0,-3.4889440197642134,-0.5434116010412984,-0.6027011121351503,Banks—Regional,Financial Services,RVSB
2012Q4,2012,Q4,2012-06-15,2012-03-31,-15957000.0,9576000.0,0.0,-0.7144926759463401,9576000.0,1.0,855998000.0,75607000.0,763518000.0,0.0,779847000.0,0.0,11536000.0,50473323.53999999,29274323.53999999,3.38538871656796,0.0,0.02943231175773775,0.333223114261907,0.0,3.38538871656796,-0.21105188673006467,5.270814906015037,-0.7907708770445572,0.6675747422857671,0.0,0.0,0.0,0.01118694202556548,0.0,-0.018641398694856762,27.747841418361734,1.0,0.03446935682927007,-3.9447813054133194,-0.5668963057133224,-0.6151467850580608,-0.03438539881012403,0.03844531485387165,0.0,-9.629381511484473,-0.6823820115503092,-0.5910136339868073,Banks—Regional,Financial Services,RVSB
2012Q3,2012,Q3,2012-01-31,2011-12-31,-16595000.0,9917000.0,0.0,-0.74,9917000.0,1.0,862330000.0,91567000.0,769080000.0,0.0,770241000.0,0.0,27493000.0,52900796.07,41799796.07,4.102278342141402,0.0,0.029237067016107524,0.2753393689866437,0.0,4.102278342141402,-0.181233413784442,5.334354751436926,-0.7969387777945164,0.5777277411076043,0.0,0.0,0.0,0.011500237728015957,0.0,-0.019244372803914975,18.83931483974359,1.0,-75.0,-3.597695569386961,-0.5714078648949618,-0.5263781024761682,-0.03408980227914678,-92.68508287292818,0.0,-6.392935648032874,-0.537274933268592,-0.5103706423130357,Banks—Regional,Financial Services,RVSB
2012Q2,2012,Q2,2011-11-10,2011-09-30,181000.0,10267000.0,0.0,0.01,10267000.0,1.0,873396000.0,108149000.0,798170000.0,0.0,764740000.0,0.0,44088000.0,53555649.6,28632649.6,4.846502692780334,0.0,0.028881515372179402,0.2332430258254815,0.0,4.846502692780334,0.0016736169543870032,5.216290016557904,73.97189171270718,0.49520244847386474,0.0,0.0,0.0,0.011755263362781602,0.0,0.00020723703795300183,19.065734994660023,1.0,-0.6875440756302521,-0.9691624022836949,-0.5445398379245248,-0.4281334766126302,-0.043506614495994037,-0.7464985994397759,0.0,1.0206602264836384,-0.5420512016813943,-0.41149165140630173,Banks—Regional,Financial Services,RVSB
2012Q1,2012,Q1,2011-08-10,2011-06-30,714000.0,10734000.0,0.0,0.03200451398119883,10734000.0,1.0,885625000.0,107818000.0,816018000.0,0.0,777326000.0,0.0,43907000.0,68452002.8064,23679002.8064,4.8330032378405265,0.0,0.028496259703599154,0.23407037785898457,0.0,4.8330032378405265,0.006622270863863177,6.377119695025153,23.96778809747899,0.634884739156727,0.0,0.0,0.0,0.012120254057868736,0.0,0.0008062103034580098,34.43259698511066,1.0,-0.16395904796918698,-0.8628399165808277,-0.5124772901709961,-0.41698638281202755,0.02954153078841358,-0.16393442622950818,0.0,-0.5690362764327062,-0.5129584767210579,-0.4393002635739037,Banks—Regional,Financial Services,RVSB
2011Q4,2011,Q4,2011-06-08,2011-03-31,854000.0,10426000.0,0.0,0.03828103623806609,10426000.0,1.0,859263000.0,106944000.0,793283000.0,0.0,751854000.0,0.0,43193000.0,67818435.84,41314435.84,4.793825690215152,0.0,0.02938332035709672,0.23608617594254938,0.0,4.793825690215152,0.007985487731897068,6.504741592173413,19.853172084309133,0.6341490484739677,0.0,0.0,0.0,0.012133654073316319,0.0,0.000993874983561494,19.532959631336407,1.0,0.2760345412688698,-0.8344355020944639,-0.5047942779309655,-0.41047932888065486,-0.022959422734514102,0.4749568221070812,0.0,-0.6482230063089212,-0.5373282371098472,-0.447119231773055,Banks—Regional,Financial Services,RVSB
2011Q3,2011,Q3,2011-02-09,2010-12-31,579000.0,10671000.0,0.0,0.03,10671000.0,1.0,838417000.0,106030000.0,770423000.0,0.0,731932000.0,0.0,42339000.0,60646148.160000004,50005148.160000004,4.755480912639712,0.0,0.03012701316886466,0.23822503065170234,0.0,4.755480912639712,0.0054607186645289066,5.683267562552714,26.1857289119171,0.5719715944543998,0.0,0.0,0.0,0.012727556812421504,0.0,0.000690587142197737,14.930120177252586,1.0,-0.5,-0.8930020337636597,-0.49288829183284866,-0.40783868243862564,-0.0027102803738317757,-0.4816472694717995,0.0,-0.8746199566365432,-0.535454812928532,-0.4498682645919909,Banks—Regional,Financial Services,RVSB
2011Q2,2011,Q2,2010-11-04,2010-09-30,1117000.0,10700000.0,0.0,0.06,10700000.0,1.0,858865000.0,105719000.0,806960000.0,0.0,752703000.0,0.0,41760000.0,35706040.92,12471040.920000002,5.862414723295511,0.0,0.02942255185622886,0.2390298810998969,0.0,5.862414723295511,0.01056574504109952,3.337013170093458,7.9915042345568486,0.33774478494877935,0.0,0.0,0.0,0.012458302527172489,0.0,0.0013005536376496888,7.621353451440768,1.0,-0.625,-0.7265775886265315,-0.36557347140321794,-0.25627694116068206,-0.04922694153189977,-0.3671388101983003,0.0,-0.7220448568245199,-0.4069561015039091,-0.3095447443107396,Banks—Regional,Financial Services,RVSB
2011Q1,2011,Q1,2010-08-06,2010-06-30,1765000.0,11254000.0,0.0,0.16,11254000.0,1.0,863424000.0,85718000.0,810875000.0,0.0,777271000.0,0.0,40643000.0,26088348.78,26124348.78,7.984205583746416,0.0,0.06170780520346898,0.6215730651671761,0.0,7.984205583746416,0.02059077439977601,2.3181401084059003,3.695233538243626,0.30435088056184234,0.0,0.0,0.0,0.013034152397894893,0.0,0.002044186865317619,5.728666837944664,1.0,1.3652458770997236,-0.015584651091069062,0.2310299394214396,-0.00387429411081595,0.0717074564327207,1.375292366574527,0.0,-0.3403215400858893,0.07291355676400137,-0.08809142906064699,Banks—Regional,Financial Services,RVSB
2010Q4,2010,Q4,2010-05-28,2010-03-31,-4703000.0,10501000.0,0.0,-0.43806107072446154,10501000.0,1.0,837953000.0,83934000.0,784665000.0,0.0,753599000.0,0.0,38878000.0,24692675.799999997,59396675.8,7.818034852261738,0.0,0.05762972386279421,0.5753449138608907,0.0,7.818034852261738,-0.05603212047561179,2.3514594610037136,-1.3126023708271315,0.294191576715038,0.0,0.0,0.0,0.012531729106525068,0.0,-0.005612486619177925,6.901250922302962,1.0,-2.6505089227038465,-3.863667199189529,0.7202144109625859,0.22619425165255727,-0.018964872944693574,-2.657076205287714,0.0,-2.805468544502782,-0.012012261935550132,-0.11124065821566355,Banks—Regional,Financial Services,RVSB
2010Q3,2010,Q3,2010-02-02,2009-12-31,-1286000.0,10704000.0,0.0,-0.12,10704000.0,1.0,857597000.0,88607000.0,802032000.0,0.0,768582000.0,0.0,43581000.0,24020926.720000003,92115926.72,8.262781961477963,0.0,0.0974828503364634,0.9435033349509633,0.0,8.262781961477963,-0.014513526019388987,2.244107503736921,-4.669698040435459,0.2710951360501992,0.0,0.0,0.0,0.012481386945150228,0.0,-0.001499538827677802,-19.24753743589744,1.0,-6.999999999999999,-2.5226102058782818,0.3338595901521092,0.16365627355683268,-0.018791823265193876,-7.366336633663367,0.0,-1.4190097096892709,-0.037097961950916344,-0.04603389993813645,Banks—Regional,Financial Services,RVSB
2010Q2,2010,Q2,2009-10-30,2009-09-30,202000.0,10909000.0,0.0,0.02,10909000.0,1.0,863670000.0,89567000.0,805655000.0,0.0,773708000.0,0.0,44867000.0,39654642.7,126452642.7,8.357102155909729,0.0,0.12193430361133303,1.1757790257572542,0.0,8.357102155909729,0.0022552949188875365,3.6350392061600516,49.07752809405941,0.44273719896837005,0.0,0.0,0.0,0.012630981740711152,0.0,0.00023388562761239825,11.725204819633355,1.0,-0.3333333333333333,-0.9046286230817691,0.3124733899108234,0.1881778785980715,-0.01195543881894756,-0.4110787172011662,0.0,-0.9283435867367075,0.007612412369545942,-0.01389780250973167,Banks—Regional,Financial Services,RVSB
2010Q1,2010,Q1,2009-08-06,2009-06-30,343000.0,11041000.0,0.0,0.03,11041000.0,1.0,920390000.0,89114000.0,856639000.0,0.0,830894000.0,0.0,44665000.0,32348165.26,163801165.26,8.31961497157258,0.0,0.19048555503645193,1.967378863029378,0.0,8.31961497157258,0.003849002401418408,2.9298220505389008,23.577379927113704,0.3629975678344592,0.0,0.0,0.0,0.011996001694933669,0.0,0.0003726681080846163,8.773573436398156,1.0,1.4463047083333334,-0.8604715218895007,0.20533125107998132,0.2033720275828493,-0.23644536652835407,1.476388888888889,0.0,-0.8627680849024612,0.04441510678585515,0.003609676941786865,Banks—Regional,Financial Services,RVSB
2009Q4,2009,Q4,2009-06-12,2009-03-31,-720000.0,14460000.0,0.0,-0.06721865003851535,14460000.0,1.0,914333000.0,88663000.0,854699000.0,0.0,825670000.0,0.0,44322000.0,41452781.31,170433781.31,8.277509956062342,0.0,0.162063493278707,1.6712721202756504,0.0,8.277509956062342,-0.00812063656767761,2.866720699170125,-14.393326843750001,0.4675319051915681,0.0,0.0,0.0,0.015814807077946438,0.0,-0.000787459273590694,12.774354795069339,1.0,-1.480133214560824,-1.4032938012833673,0.8563254443711557,0.21677059724629896,0.40757325026769203,-1.488135593220339,0.0,-1.2907189338946945,0.43043359662230946,0.017926712365698205,Banks—Regional,Financial Services,RVSB
2009Q3,2009,Q3,2009-02-06,2008-12-31,1475000.0,10273000.0,0.0,0.14,10273000.0,1.0,928968000.0,89642000.0,867434000.0,0.0,839326000.0,0.0,43499000.0,24073341.75,142656341.75,8.37833409647001,0.0,0.1533314387578474,1.5889873050578969,0.0,8.37833409647001,0.016454340599272664,2.3433604351211916,4.080227415254237,0.2685498064523326,0.32610169491525426,0.0,0.0199806078024045,0.011058507935687774,0.0,0.0015877834327985463,7.036931233557439,1.0,1.358974358974359,-0.14762412166090536,0.3277719227640053,0.24929935117073385,-0.043749418225821464,1.3513577894235351,0.0,-0.431972404309102,0.017363755141913705,0.04328572623396239,Banks—Regional,Financial Services,RVSB
2009Q2,2009,Q2,2008-11-10,2008-09-30,-4198000.0,10743000.0,0.0,-0.39,10743000.0,1.0,895607000.0,88058000.0,833721000.0,0.0,807549000.0,0.0,42024000.0,63772085.832,199567085.83200002,8.235231843968831,0.0,0.1808929586302921,1.8397987689931636,0.0,8.235231843968831,-0.047673124531558746,5.936152455738621,-3.797765949976179,0.7242054762997117,-0.2289185326345879,0.0,0.015069289132734979,0.011995216651946668,0.0,-0.004687323792690321,29.428742885094604,1.0,-6.571428571428571,-2.9049921881570038,0.25439858370970336,0.21206077942801949,0.01839036875533226,-6.293820933165195,0.0,-2.7330332340776975,0.07425319427154568,0.04474557095211536,Banks—Regional,Financial Services,RVSB
2009Q1,2009,Q1,2008-08-06,2008-06-30,793000.0,10549000.0,0.0,0.07,10549000.0,1.0,884727000.0,92040000.0,824565000.0,0.0,792687000.0,0.0,46703000.0,79230752.58,206077752.57999998,8.61959249106504,0.0,0.17532866070550576,1.6853324641460234,0.0,8.61959249106504,0.008615819209039548,7.510735859323159,24.978169161412357,0.8608295586701433,1.210592686002522,0.0,0.01211650740071766,0.011923452093131554,0.0,0.0008963216901936981,19.787900244755246,1.0,-0.356747048192771,-0.5671468234201308,0.3834919552999608,0.3660907194399208,-0.021972927869460413,-0.31755593803786575,0.0,-0.5553100682162164,0.16017483060176774,0.0753978670236577,Banks—Regional,Financial Services,RVSB
2008Q4,2008,Q4,2008-06-13,2008-03-31,1162000.0,10786000.0,0.0,0.10882188694717053,10786000.0,1.0,886849000.0,92585000.0,825683000.0,0.0,794264000.0,0.0,46871000.0,106566430.02000001,188344430.02,8.670632016354375,0.0,0.13330003191073114,1.276848301560728,0.0,8.670632016354375,0.01255062915159043,9.880069536436121,22.92737306798623,1.1510118271858292,1.0103270223752152,0.0,0.01101660250587045,0.012162160638395036,0.0,0.0013102568757477316,13.948485604712044,1.0,-0.481800538346807,44.304935253630696,1.2100068365609313,0.3906414259012378,-0.0201671511627907,-0.47492092182557616,0.0,-0.2886159281646439,0.7764900592450921,0.3599170811540422,Banks—Regional,Financial Services,RVSB
2008Q3,2008,Q3,2008-02-08,2007-12-31,2213000.0,11008000.0,0.0,0.21,11008000.0,1.0,843997000.0,92362000.0,782004000.0,0.0,751635000.0,0.0,46667000.0,123409209.00000001,209787209.0,8.64425846858803,0.0,0.14144126104713642,1.2924795911738594,0.0,8.64425846858803,0.023960070158723284,11.210865643168606,13.941392792589244,1.3361469976830298,0.5332128332580208,0.0,0.009561685141341437,0.013042700388745457,0.0,0.0026220472347650526,-629.6388214285715,1.0,-0.0454545454545455,0.010533619545672439,0.3592562018917062,0.39040029235023466,0.008982584784601283,-0.08930041152263374,0.0,1.6296947381917872,0.37672941514669833,0.21738001124986694,Banks—Regional,Financial Services,RVSB
2008Q2,2008,Q2,2007-11-06,2007-09-30,2430000.0,10910000.0,0.0,0.22,10910000.0,1.0,820714000.0,92586000.0,757113000.0,0.0,728128000.0,0.0,45629000.0,163021736.79999998,185129736.79999998,8.490651168182131,0.0,0.0718703470392853,0.6370833603352559,0.0,8.490651168182131,0.026245868705851858,14.94241400549954,16.771783621399177,1.7607601235607975,0.5111111111111111,0.0,0.007618615924351997,0.013293303148234343,0.0,0.0029608365398908756,127.56004444444443,1.0,-0.12,0.2964911953732949,0.4574128970403634,0.3866537378209019,-0.019766397124887692,-0.14406481155336387,0.0,0.12761527657612948,0.29008495282053337,0.20716531935568866,Banks—Regional,Financial Services,RVSB
2008Q1,2008,Q1,2007-08-06,2007-06-30,2839000.0,11130000.0,0.0,0.25,11130000.0,1.0,832140000.0,99741000.0,763305000.0,0.0,732399000.0,0.0,44379000.0,155954084.25,118266084.25,8.755489133655056,0.0,0.03652510394885476,0.3047292487542736,0.0,8.755489133655056,0.02846372103748709,14.012047102425877,13.733188116414231,1.5635905420037897,0.40295878830574144,0.0,0.007335492401507914,0.013375153219410196,0.0,0.003411685533684236,70.82383480926431,1.0,0.03037490955137477,1.064581041373247,0.5874017867151411,0.45801993593847307,-0.013122894130164924,0.027134587554269174,0.0,0.08588425285751394,0.14246413877587838,0.2664180670916968,Banks—Regional,Financial Services,RVSB
2007Q4,2007,Q4,2007-06-13,2007-03-31,2764000.0,11278000.0,0.0,0.2426301316953166,11278000.0,1.0,820348000.0,100209000.0,745173000.0,0.0,720139000.0,0.0,42848000.0,181585690.5,195150690.5,8.796571225418228,0.0,0.05484014101332605,0.4489417118222914,0.0,8.796571225418228,0.027582352882475625,16.10087697286753,16.424176058248914,1.8120696793701163,0.4106367583212735,0.0,0.006250492518847459,0.013747824094164916,0.0,0.0033693018085007827,76.9105,1.0,-0.13346381537386934,1.0404945931123255,0.5898944260292872,0.4553914555656598,-0.03836971350613915,-0.14638665843113033,0.0,0.4557154608314933,0.3613422405002128,0.293071138601616,Banks—Regional,Financial Services,RVSB
2007Q3,2007,Q3,2006-12-31,2006-12-31,3238000.0,11728000.0,0.0,0.28,11728000.0,1.0,835640000.0,97993000.0,758419000.0,0.0,737647000.0,0.0,41232000.0,,,,,,,,,,,,,,,,,,,,,,,,,,,,,,,Banks—Regional,Financial Services,RVSB
2007Q2,2007,Q2,2006-09-30,2006-09-30,2973000.0,11418000.0,0.0,0.26,11418000.0,1.0,844447000.0,95791000.0,764853000.0,0.0,748656000.0,0.0,39134000.0,,,,,,,,,,,,,,,,,,,,,,,,,,,,,,,Banks—Regional,Financial Services,RVSB
2007Q1,2007,Q1,2006-06-30,2006-06-30,2631000.0,11128000.0,0.0,0.23,11128000.0,1.0,793325000.0,93468000.0,715318000.0,0.0,699857000.0,0.0,37348000.0,,,,,,,,,,,,,,,,,,,,,,,,,,,,,,,Banks—Regional,Financial Services,RVSB
