Quarters,Year,Quarter,FillingDate,Date,NetIncome,Revenue,OperatingIncome,EPSDiluted,GrossProfit,GrossProfitRatio,TotalAssets,CommonStockEquity,CurrentAssets,CurrentLiability,TotalLiability,Inventory,RetainedEarnings,MarketCap,EnterpriseValue,bookValuePerShare,currentRatio,debtToAssets,debtToEquity,roic,shareholdersEquityPerShare,roe,priceToSalesRatio,peRatio,pbRatio,payoutRatio,inventoryTurnover,dividendYield,assetTurnover,quickRatio,returnOnAssets,priceToFreeCashFlowsRatio,grossProfitMargin,epsdilutedGrowth,fiveYNetIncomeGrowthPerShare,fiveYRevenueGrowthPerShare,fiveYShareholdersEquityGrowthPerShare,grossProfitGrowth,netIncomeGrowth,operatingIncomeGrowth,threeYNetIncomeGrowthPerShare,threeYRevenueGrowthPerShare,threeYShareholdersEquityGrowthPerShare,Industry,Sector,Symbol
2023Q1,2023,Q1,2023-05-11,2023-03-31,-22218000.0,976000.0,-22348000.0,-0.0932,-1971000.0,-2.0194672131,96523000.0,79717000.0,71556000.0,10877000.0,16806000.0,8844000.0,-883153000.0,156788240.0,143394240.0,0.3345517878126574,6.578652201893904,0.05535468230369964,0.06702459952080485,-0.24822084321971508,0.3345517878126574,-0.2787109399500734,160.64368852459017,-1.7642028985507245,1.9668105924708659,0.0,0.33322026232473995,0.0,0.010111579623509422,5.299806932058472,-0.2301834795851766,-9.056621996303143,-2.019467213114754,-0.23443708609271532,-0.6256152831402833,-0.9867874676986341,-0.9725425563473192,-12.873493975903614,-0.24192286193404136,-0.30881405563689607,0.8376136167496573,-0.8026673381455991,-0.8560115246938347,Medical Devices,Healthcare,ASXC
2022Q4,2022,Q4,2023-03-02,2022-12-31,-17890000.0,2464000.0,-17075000.0,-0.0755,166000.0,0.0673701299,116053000.0,99645000.0,86873000.0,10414000.0,16408000.0,8284000.0,-860935000.0,82208205.30000001,81417205.30000001,0.42072174394007844,8.341943537545612,0.04771957640043773,0.05557729941291585,-0.1550310385210891,0.42072174394007844,-0.1795373576195494,33.363719683441566,-1.1488010802124093,0.8250108414872799,0.0,0.27740222114920327,0.0,0.021231678629591653,7.041866717879778,-0.1541537056344946,-5.697824043526477,0.06737012987012987,0.05506883604505634,0.9847484265837667,-0.9529211589460684,-0.963827389015005,1.0901683867463334,0.05463961107588248,0.10282681799075241,0.890619076031984,-0.6988734778769696,-0.849355327662763,Medical Devices,Healthcare,ASXC
2022Q3,2022,Q3,2022-11-10,2022-09-30,-18924000.0,2563000.0,-19032000.0,-0.0799,-1841000.0,-0.7182988685,128653000.0,112976000.0,103530000.0,9844000.0,15677000.0,9035000.0,-843045000.0,106236794.39999999,97658794.39999999,0.47726994292666647,10.517066233238522,0.04113390282387507,0.04684180710947458,-0.1544794036736669,0.47726994292666647,-0.1675046027474862,41.450173390557936,-1.403466423589093,0.940348343010905,0.0,0.4874377421140011,0.0,0.019921805165833677,9.117025599349859,-0.14709334411168026,-7.028567277538868,-0.7182988685134608,0.03734939759036151,0.9761258810513256,-0.3195138661955329,-0.9454165352188426,-0.360679970436068,0.03542484326418268,0.027341953288700364,0.9855851574208655,-0.9056927415909451,-0.8680516265285445,Medical Devices,Healthcare,ASXC
2022Q2,2022,Q2,2022-08-08,2022-06-30,-19619000.0,994000.0,-19567000.0,-0.083,-1353000.0,-1.361167002,147350000.0,131439000.0,108562000.0,9682000.0,15911000.0,8451000.0,-824121000.0,94152640.5,88497640.5,0.5557556922686624,11.212765957446809,0.03521547336274177,0.03947838921476883,-0.13857396218917137,0.5557556922686624,-0.14926315629303327,94.72096629778672,-1.1997635009429635,0.7163219478237053,0.0,0.27771861318187196,0.0,0.006745843230403801,9.920470977070853,-0.13314557176789957,-6.500458471416736,-1.3611670020120725,-0.023427866831072734,0.9425839161617029,-0.9729797637267796,-0.9542928263686801,-0.7873183619550859,-0.02566917607695525,-0.032395926766211156,0.9312034504514948,-0.9806793582386222,-0.9292936125321449,Medical Devices,Healthcare,ASXC
2022Q1,2022,Q1,2022-05-04,2022-03-31,-19128000.0,1066000.0,-18953000.0,-0.0811,-757000.0,-0.7101313321,166560000.0,150825000.0,118684000.0,8653000.0,15735000.0,9141000.0,-804502000.0,147857105.6,128498105.6,0.6393815814016583,13.715936669363227,0.0328350144092219,0.03626056688214818,-0.11768203244089567,0.6393815814016583,-0.12682247637991048,138.7027257035647,-1.9324694897532415,0.9803222648765126,0.0,0.19943113444918498,0.0,0.006400096061479347,12.201779729573559,-0.11484149855907781,-9.13318337142504,-0.7101313320825516,-0.1997041420118345,0.950768279526907,-0.9782677259293796,-0.9485355101685645,-5.005291005291006,-0.20445815754675398,-0.23399960934956704,0.9399657608612741,-0.9654462022825311,-0.9273489118621498,Medical Devices,Healthcare,ASXC
2021Q4,2021,Q4,2022-02-28,2021-12-31,-15881000.0,2476000.0,-15359000.0,-0.0676,189000.0,0.0763327948,186473000.0,169246000.0,113297000.0,9850000.0,17227000.0,8634000.0,-785374000.0,260684610.00000003,248244610.00000003,0.7206526691391563,11.50223350253807,0.030508438218937863,0.03361379294045354,-0.08627709052834123,0.7206526691391563,-0.09383382768278127,105.28457592891762,-4.103718437126126,1.5402704347517817,0.0,0.26488302061616864,0.0,0.01327806170330289,10.198071065989847,-0.08516514455175817,-19.025296307108455,0.07633279483037157,0.034285714285714475,0.9571915459388665,0.7620014681327857,-0.9458439943446675,1.2426187419768935,0.011699545709129379,0.11922238788851933,0.8262529013564749,-0.9768103140043112,-0.929228663005652,Medical Devices,Healthcare,ASXC
2021Q3,2021,Q3,2021-11-03,2021-09-30,-16069000.0,2571000.0,-17438000.0,-0.07,-779000.0,-0.3029949436017114,199759000.0,181501000.0,134807000.0,9421000.0,18258000.0,11954000.0,-769493000.0,433523450.0,378303450.0,0.7745298437720035,14.30920284470863,0.02282250111384218,0.025118318907333844,-0.09166345188740137,0.7745298437720035,-0.0885339474713638,168.62055620381176,-6.744717312838385,2.3885457931361262,0.0,0.28024092354023755,0.0,0.012870508963300777,12.739305806177688,-0.08044193252869708,-47.43144967177243,-0.3029949436017114,-0.16666666666666682,0.9531586342529039,-0.93382753558047,-0.9493215185825665,0.3742971887550201,-0.21993622836319465,-0.08418303904501367,0.9454175592315777,-0.9674547948516805,-0.9240701007566635,Medical Devices,Healthcare,ASXC
2021Q2,2021,Q2,2021-08-05,2021-06-30,-13172000.0,1102000.0,-16084000.0,-0.06,-1245000.0,-1.1297640653357532,212004000.0,195561000.0,174007000.0,8307000.0,16443000.0,12523000.0,-753424000.0,739402500.0,586650500.0,0.8384180064308682,20.947032623088962,0.02040527537216279,0.02212097504103579,-0.07877286226087854,0.8384180064308682,-0.06735494295897444,670.9641560798548,-14.033603477072578,3.780930246828355,0.0,0.18741515611275253,0.0,0.005198015131789966,19.02467798242446,-0.06213090319050584,-86.44949140652403,-1.1297640653357532,0.25000000000000006,0.9938026772307185,0.0,-0.9494636667656108,-0.2099125364431487,0.2403690888119954,-0.04353467851813404,0.9740610214565067,-0.9883671783667567,-0.9204117548928761,Medical Devices,Healthcare,ASXC
2021Q1,2021,Q1,2021-05-11,2021-03-31,-17340000.0,2083000.0,-15413000.0,-0.08,-1029000.0,-0.49399903984637544,223615000.0,205918000.0,182325000.0,9508000.0,17697000.0,11181000.0,-740252000.0,666224000.0,507434000.0,1.0045172494536372,19.175957088767355,0.02886657871788565,0.031347429559339154,-0.0711961632497175,1.0045172494536372,-0.08420827708116824,319.83869419107054,-9.605305651672433,3.235384959061374,0.0,0.2783293086486003,0.0,0.009315117501062094,17.622107698779974,-0.0775439930237238,-62.66215199398044,-0.49399903984637544,0.38461538461538464,0.947463769299316,0.0,-0.9598907715441188,-3.001945525291829,-0.25734174461605397,-0.12437992413189379,-0.47473023105199,-0.9672224722970457,-0.9175569320512369,Medical Devices,Healthcare,ASXC
2020Q4,2020,Q4,2021-03-11,2020-12-31,-13791000.0,1107000.0,-13708000.0,-0.13,514000.0,0.4643179765130985,78258000.0,61569000.0,34013000.0,10283000.0,16689000.0,10034000.0,-722912000.0,65383290.0,52521290.0,0.5932474490041721,3.3076923076923075,0.04473664034347926,0.056863031720508696,-0.2065209118748732,0.5932474490041721,-0.2239925936753886,59.06349593495935,-1.185252882314553,1.0619514690834673,0.0,0.05909906318517042,0.0,0.014145518669017865,1.978799961100846,-0.17622479490914666,-5.122075205640423,0.4643179765130985,0.13333333333333328,0.924614609836436,0.0,-0.9742208304474155,1.8440065681444993,0.08559872695928922,0.09589763883392692,0.9731691519000303,-0.9517311431415928,-0.9489940572367351,Medical Devices,Healthcare,ASXC
2020Q3,2020,Q3,2020-11-05,2020-09-30,-15082000.0,814000.0,-15162000.0,-0.15,-609000.0,-0.7481572481572482,80144000.0,62169000.0,37503000.0,11562000.0,17975000.0,10856000.0,-709120000.0,34138300.0,16989300.0,0.6373823535442596,3.243642968344577,0.03512427630265522,0.0452798018304943,-0.23334991498417404,0.6373823535442596,-0.24259679261368206,41.93894348894349,-0.5658781991778279,0.5491209445221895,0.0,0.13107958732498157,0.0,0.010156717907766021,1.8047915585538834,-0.1881862647234977,-3.890847959881468,-0.7481572481572482,0.4444444444444445,0.9263766098276478,0.0,-0.9781070593000928,0.19656992084432717,-0.08973988439306359,-0.05540860364750105,0.9538234360202915,-0.47550259711025333,-0.9271051157475468,Medical Devices,Healthcare,ASXC
2020Q2,2020,Q2,2020-08-05,2020-06-30,-13840000.0,655000.0,-14366000.0,-0.27,-758000.0,-1.1572519083969466,75974000.0,59557000.0,34312000.0,10055000.0,16417000.0,10857000.0,-694038000.0,28269540.0,15481540.0,1.1376478004240607,3.412431626056688,0.037052149419538265,0.04726564467652837,-0.2193748208898061,1.1376478004240607,-0.2323824235606226,43.15960305343511,-0.5106492052023122,0.474663599576876,0.0,0.13014644929538546,0.0,0.008621370468844605,1.6483341621084038,-0.18216758364703714,-2.2329810426540284,-1.1572519083969466,0.5423728813559322,0.8518411701561512,0.0,-0.9619830529704244,0.3339191564147627,0.16616459814435475,0.16243003731343283,0.817018099039572,-0.9195623447132014,-0.9064361080441534,Medical Devices,Healthcare,ASXC
2020Q1,2020,Q1,2020-05-15,2020-03-31,-16598000.0,600000.0,-17152000.0,-0.59,-1138000.0,-1.8966666666666667,84230000.0,67162000.0,39937000.0,13048000.0,17068000.0,9829000.0,-680198000.0,10117100.0,-10735900.0,2.323462256970871,3.060775597792765,0.01143298112311528,0.014338465203537714,-0.23825791736749197,2.323462256970871,-0.2471337958964891,16.861833333333333,-0.1523843234124593,0.15063726512015724,0.0,0.17682368501373485,0.0,0.007123352724682417,1.946811771919068,-0.19705568087379793,-0.8107300264444266,-1.8966666666666667,0.14492753623188404,0.721779240383645,0.0,-0.9005386876590626,0.8883766552231486,-0.20870958345470433,-0.3940182054616385,0.6513766880294962,-0.9001784214758843,-0.8129821014933424,Medical Devices,Healthcare,ASXC
2019Q4,2019,Q4,2020-03-16,2019-12-31,-13732000.0,687000.0,-12304000.0,-0.69,-10195000.0,-14.839883551673944,74779000.0,55535000.0,27955000.0,13023000.0,19244000.0,10653000.0,-663600000.0,29230950.0,20744950.0,2.792808649735982,2.146586807955156,0.014870485029219433,0.020023408661204646,-0.2044616562579396,2.792808649735982,-0.24726748897091924,42.54868995633188,-0.5321684750946694,0.5263518501845683,0.0,1.0214962921242843,0.0,0.009187071236577114,0.9931659371880519,-0.18363444282485725,-2.028096163186013,-14.839883551673944,0.8765654276578593,0.584640180455866,0.2528533372864117,-0.8885687487599098,-6.169479606188467,0.859549355125753,0.8742552299972407,0.5628280267340524,4.774031928874044,-0.790124469794813,Medical Devices,Healthcare,ASXC
2019Q3,2019,Q3,2019-11-12,2019-09-30,-97771000.0,2024000.0,-97849000.0,-5.590006,-1422000.0,-0.7025691699604744,97634000.0,63766000.0,46899000.0,12452000.0,33868000.0,13657000.0,-649868000.0,142090215.54000002,136369215.54000002,3.6170960684855613,3.7663829103758433,0.16782063625376406,0.256955117147069,-1.1920946247019708,3.6170960684855613,-1.533277922403789,70.20267566205534,-0.36332403151241166,2.228306864786877,0.0,0.2523248151131288,0.0,0.020730483233299873,1.96763572116929,-1.0014031997050208,-7.183166449623377,-0.7025691699604744,-3.3000013076913017,-1.338212709310636,8.130966425154377,-0.865045190977071,-3.787878787878788,-3.8471072331565117,-3.3500044456299456,-2.788458115803974,-0.30753556148294137,-0.7633287634223459,Medical Devices,Healthcare,ASXC
2019Q2,2019,Q2,2019-08-08,2019-06-30,-20171000.0,3639000.0,-22494000.0,-1.300001,-297000.0,-0.08161582852431987,203378000.0,131487000.0,69305000.0,22502000.0,71891000.0,20091000.0,-552095000.0,302284374.47,309543374.47,7.860049313385206,3.079948449026753,0.15026699052994916,0.23242601930228843,-0.13223457351187284,7.860049313385206,-0.1534068006723098,83.06797869469635,-3.7465219184720637,2.2989677646459348,0.0,0.19590861579811855,0.0,0.017892790763996105,1.7328681894942672,-0.09917985229474181,-19.611027278448166,-0.08161582852431987,0.0,0.4772054650629027,7.836497009365658,-0.743552070740549,-0.038461538461538464,0.10450610432852386,-0.02590531788743957,0.8676743824179862,0.0,-0.5262290787015443,Medical Devices,Healthcare,ASXC
2019Q1,2019,Q1,2019-05-09,2019-03-31,-22525000.0,2181000.0,-21926000.0,-1.300001,-286000.0,-0.13113250802384227,216976000.0,146766000.0,82422000.0,19532000.0,70210000.0,15197000.0,-531924000.0,502966195.68,507421195.68,8.800715829451546,4.219844357976654,0.13826413981269817,0.20440701524876334,-0.12027041095735258,8.800715829451546,-0.15347560061594648,230.6126527647868,-5.582310717869034,3.4269939609991416,0.0,0.16233467131670726,0.0,0.010051802964383157,2.9210526315789473,-0.10381332497603421,-20.687130164109735,-0.13113250802384227,-2.333335897435897,0.3213677031082182,4.284281865347883,-0.6623993766270901,-1.1514028586553733,-2.497127775190188,-0.2030727023319616,0.161111830798271,0.0,-0.648597451192844,Medical Devices,Healthcare,ASXC
2018Q4,2018,Q4,2019-02-27,2018-12-31,-6441000.0,7524000.0,-18225000.0,-0.39,1889000.0,0.25106326422115893,239307000.0,168521000.0,101583000.0,21819000.0,70786000.0,10941000.0,-509406000.0,486224910.43047905,494100910.43047905,10.182832481979387,4.655712910765846,0.12091998980389207,0.1717115374345037,-0.08184087552907587,10.182832481979387,-0.038220755870188285,64.62319383711842,-18.87226014712308,2.8852481912074994,0.0,0.5150351887396033,0.0,0.03144078526745979,3.732801686603419,-0.026915217691083,-37.02596028255247,0.25106326422115893,0.7000002307690533,0.860450737937778,4.977898586417142,-0.7208012440961438,0.6104006820119352,0.6812332970404831,-0.5339617877283057,0.7792068885170453,0.0,-0.5575118518939199,Medical Devices,Healthcare,ASXC
2018Q3,2018,Q3,2018-11-08,2018-09-30,-20206000.0,5422000.0,-11881000.0,-1.300001,1173000.0,0.21634083364072298,227559000.0,164063000.0,106419000.0,12042000.0,63496000.0,10242000.0,-502965000.0,1179255124.32,1156613124.32,10.200590959429922,8.837319382162432,0.08396064317385821,0.11645526413633787,-0.06244979363612864,10.200590959429922,-0.12316000560760196,217.49448991516044,-14.590407853112936,7.187818852026354,0.0,0.41486037883225935,0.0,0.023826787778114686,7.243896362730443,-0.08879455437930382,-71.11229116082735,0.21634083364072298,0.41176478573322556,0.9092016689941257,-0.24180720023105567,-0.9264322056156301,-0.5585246518630034,0.41000934361130575,0.2522499842658443,0.40182844875565354,0.0,-0.6496279952888574,Medical Devices,Healthcare,ASXC
2018Q2,2018,Q2,2018-08-07,2018-06-30,-34248000.0,6389000.0,-15889000.0,-2.210002,2657000.0,0.4158710283299421,242747000.0,165718000.0,118340000.0,16008000.0,77029000.0,11040000.0,-482759000.0,891636537.48,812845537.48,10.534445197307416,7.39255372313843,0.07807305548575266,0.11436295393379114,-0.0838773920157432,10.534445197307416,-0.206664333385631,139.55807442166224,-6.508675962683953,5.380444716204637,0.0,0.33804347826086956,0.0,0.026319583764165985,6.255684657671164,-0.1410851627414551,-126.81503875408903,0.4158710283299421,-37.529297930577584,-1.152633535017123,63.25216377119551,3.450130335343552,0.2011754068716094,-37.82993197278912,-4.032942667089008,-0.22009495345795682,0.0,-0.6479688661967967,Medical Devices,Healthcare,ASXC
2018Q1,2018,Q1,2018-05-08,2018-03-31,-882000.0,4767000.0,-3157000.0,-0.057359,2212000.0,0.46402349486049926,246175000.0,187358000.0,109520000.0,20197000.0,58817000.0,11644000.0,-448511000.0,339829644.70000005,265641644.70000005,12.184374920131857,5.42258751299698,0.05461968112115365,0.07176635104986176,-0.007825409798434222,12.184374920131857,-0.004707565196041802,71.28794728340677,-96.32359543650794,1.8137984217380632,0.0,0.21942631398144968,0.0,0.01936427338275617,4.441055602317176,-0.0035828171016553264,-27.149448326276268,0.46402349486049926,0.9884184532631214,0.9206381437316463,21.03150405995172,2.4398615734702482,22.686274509803923,0.9884185093754924,-1.4325250034251267,0.9722078997608906,0.0,-0.4784189345127321,Medical Devices,Healthcare,ASXC
2017Q4,2017,Q4,2018-03-08,2017-12-31,-76156000.0,3398000.0,7299000.0,-4.95262,-102000.0,-0.03001765744555621,250251000.0,178848000.0,112994000.0,28840000.0,71403000.0,10817000.0,-447640000.0,385806596.63,307762596.63,11.630947628154349,3.9179611650485437,0.05263915029310572,0.07365472356414385,0.03753681088455216,11.630947628154349,-0.4258140991232779,113.53931625367863,-1.2665009868887547,2.1571759070831096,0.0,0.3235647591753721,0.0,0.013578367319211512,3.2682038834951457,-0.3043184642618811,-165.51119546546548,-0.03001765744555621,-0.4652708888128205,-2.205006177800489,10.516587074370678,36.11160043261427,0.8617886178861789,-0.977410225118791,1.1893090569561158,-1.9788691042570739,7.013522842567578,-0.5359327437503741,Medical Devices,Healthcare,ASXC
2017Q3,2017,Q3,2017-11-09,2017-09-30,-38513000.0,183000.0,-38556000.0,-3.380003,-738000.0,-4.032786885245901,183724000.0,100565000.0,44273000.0,18509000.0,83159000.0,11273000.0,-371484000.0,213807661.21,202149661.21,8.743855759985093,2.3919714733372954,0.06980579564999674,0.12752945855914086,-0.3336367178567095,8.743855759985093,-0.38296624073982,1168.347875464481,-1.3878927973022095,2.126064348530801,0.0,0.08169963629912179,0.0,0.0009960593063508306,1.3449673131989843,-0.20962421893710131,-17.604583055578427,-4.032786885245901,-1.3636368086455881,-0.8243244534373039,0.08593130234914474,4.758189510249061,-2.2058823529411766,-1.6176170733365052,-1.6065440778799351,-0.4117785118564919,0.26544299347747413,-0.6737644337141176,Medical Devices,Healthcare,ASXC
2017Q2,2017,Q2,2017-08-02,2017-06-30,-14713000.0,1584000.0,-14792000.0,-1.430001,612000.0,0.38636363636363635,185839000.0,123822000.0,48114000.0,17358000.0,62017000.0,9464000.0,-332971000.0,93993963.44,77148963.44,12.15904743424872,2.7718631178707223,0.06939339966314928,0.10414950493450276,-0.10300576422453257,12.15904743424872,-0.11882379544830482,59.33962338383838,-1.5971243702847824,0.7591055179208865,0.0,0.10270498732037193,0.0,0.008523506906515856,1.9109344394515497,-0.07917067999720188,-7.309017374805599,0.38636363636363635,0.15384656349519107,0.4582153197753312,11.9748464382874,2.795528812326645,0.0,0.04547813675879071,0.06839652349162363,0.37358214419880414,5.318478913992586,-0.6032896980721892,Medical Devices,Healthcare,ASXC
2017Q1,2017,Q1,2017-05-10,2017-03-31,-15414000.0,1946000.0,-15878000.0,-1.690002,612000.0,0.31449126413155193,166352000.0,116267000.0,28846000.0,24953000.0,50085000.0,8321000.0,-318258000.0,147208449.96,145179449.96,12.42374273010109,1.1560133050134251,0.06646749062229489,0.09510007138741002,-0.11812992895091509,12.42374273010109,-0.13257416119793233,75.64668548818089,-2.387577039704165,1.2661240933368885,0.0,0.16031726955894723,0.0,0.011698085986342215,0.618763274956919,-0.0926589400788689,-10.187435983391005,0.31449126413155193,-0.08333322649586339,0.5514427707683585,0.0,0.6842346818157821,39.8,-0.1016295025728988,-0.10355852098971365,0.1724609010743257,7.401882198980901,-0.5234179387691732,Medical Devices,Healthcare,ASXC
2016Q4,2016,Q4,2017-03-06,2016-12-31,-13992000.0,53000.0,-14388000.0,-1.560002,15000.0,0.2830188679245283,176249000.0,117870000.0,38016000.0,30689000.0,58379000.0,7883000.0,-302844000.0,149696144.0,138523144.0,13.30697603005726,1.2387500407312066,0.07371389341216121,0.11022312717400526,-0.10388916756853267,13.30697603005726,-0.11870705013998473,2824.4555471698113,-2.6746738136077757,1.2700105540001696,0.0,0.004820499809717113,0.0,0.0003007109260194384,0.8518035778291896,-0.07938768446913173,-28.508121119786708,0.2830188679245283,-0.09090972663655482,0.42828328687661205,0.0,4.874160649263053,-0.9655172413793104,-0.08096415327564895,-0.06168831168831169,0.43361002089609185,-0.9213249287016831,-0.6351416799785922,Medical Devices,Healthcare,ASXC
2016Q3,2016,Q3,2016-11-09,2016-09-30,-12944000.0,1466000.0,-13552000.0,-1.430001,435000.0,0.2967257844474761,197032000.0,135134000.0,53548000.0,28993000.0,61898000.0,2250000.0,-288852000.0,194258533.428009,166625533.428009,15.283209403854856,1.8469285689649226,0.07554610418612205,0.11014992525937217,-0.08343792936411204,15.283209403854856,-0.0957864046057987,132.50923153343044,-3.751903071461855,1.4375252225791364,0.0,0.4582222222222222,0.0,0.007440415770027204,1.5011899423998896,-0.0656949125015226,-9.639186891679104,0.2967257844474761,0.8428571883830005,0.5775604561981283,0.0,14.548282114120962,0.0,0.8384645143577392,0.8321297179452242,0.8941961993431631,-0.6271025958166314,-0.8897757971643145,Medical Devices,Healthcare,ASXC
2016Q2,2016,Q2,2016-08-05,2016-06-30,-80131000.0,0.0,-80729000.0,-9.100009,0.0,0.0,210196000.0,145892000.0,75963000.0,29504000.0,64304000.0,4247000.0,-275908000.0,139469033.6,91598033.6,16.59040046578483,2.57466784164859,0.079630440160612,0.11472870342445096,-0.4903266185069011,16.59040046578483,-0.5492487593562361,0.0,-0.4351282075601203,0.9559745126531956,0.0,0.0,0.0,0.0,2.2245797180043385,-0.38122038478372566,-10.469862142481794,0.0,-4.833331623933815,-1.969616965672069,0.0,6.863192775219007,0.0,-5.205451870208317,-4.389118825100134,-8.009876870312965,-1.0,6.008384685237863,Medical Devices,Healthcare,ASXC
2016Q1,2016,Q1,2016-05-10,2016-03-31,-12913000.0,0.0,-14980000.0,-1.560002,0.0,0.0,267776000.0,200857000.0,64286000.0,30596000.0,66919000.0,3615000.0,-195777000.0,443104502.75,408143502.75,25.044541820558152,2.101124329977775,0.06927431883365201,0.09235426198738406,-0.05666758672778294,25.044541820558152,-0.06428951940933102,0.0,-8.578651412336406,2.206069505917145,0.0,0.0,0.0,0.0,1.7773892012027717,-0.04822314173040153,-29.497037861137,0.0,0.07692298588995747,0.47999995951645563,0.0,4.0562042889180265,0.0,0.04904632152588556,-0.0776978417266187,-1.227745064128098,-1.0,6.0705110108984,Medical Devices,Healthcare,ASXC
2015Q4,2015,Q4,2016-03-03,2015-12-31,-13579000.0,0.0,-13900000.0,-1.690002,0.0,0.0,248602000.0,177277000.0,49143000.0,31072000.0,71325000.0,3923000.0,-182864000.0,248359340.12690598,229627340.12690598,23.012667176654418,1.5815847064881565,0.07931150996371711,0.11122142184265302,-0.06606049122391172,23.012667176654418,-0.07659764097993535,0.0,-4.572489508191067,1.400967638931762,0.0,0.0,0.0,0.0,1.25730561277034,-0.054621443109870396,-17.199400285796813,0.0,0.18749981971171178,0.3977550022187528,0.0,1.8956037966466188,0.0,0.023163801165383784,-0.024771453848422293,-0.14071219541943045,-1.0,72.42797306398488,Medical Devices,Healthcare,ASXC
2015Q3,2015,Q3,2015-11-09,2015-09-30,-13901000.0,0.0,-13564000.0,-2.080002,0.0,0.0,268432000.0,192696000.0,61862000.0,15334000.0,75736000.0,3435000.0,-169285000.0,194459220.94123802,161230220.94123802,29.113601607067906,4.034302856397548,0.07325505155868153,0.10204674720803752,-0.06342099803568065,29.113601607067906,-0.07213953584921327,0.0,-3.497216404237789,1.0091502726638748,0.0,0.0,0.0,0.0,3.454871527324899,-0.05178592716218633,-21.933140191883375,0.0,-0.1428569858714441,0.5596386066151463,1.0,1.3541726724949152,0.0,-0.48705605477107405,-0.4958094397882664,-0.14421564460270458,-1.0,18.172506955864332,Medical Devices,Healthcare,ASXC
2015Q2,2015,Q2,2015-08-06,2015-06-30,-9348000.0,0.0,-9068000.0,-1.820002,0.0,0.0,170550000.0,156771000.0,71707000.0,6352000.0,13779000.0,0.0,-155384000.0,204314760.0,143116760.0,29.924754334929105,11.288885390428211,0.05812958076810319,0.06323873675616026,-0.05440201577826439,29.924754334929105,-0.059628375145913466,0.0,-5.464130295250321,1.3032688443653482,0.0,0.0,0.0,0.0,11.196630982367758,-0.05481090589270009,-25.324090233019337,0.0,0.12499987980780788,0.6244543085415188,-1.0,0.39046412777870937,0.0,0.07628458498023716,0.0783616221160687,0.3308749076701524,-1.0,8.341214259934167,Medical Devices,Healthcare,ASXC
2015Q1,2015,Q1,2015-05-06,2015-03-31,-10120000.0,0.0,-9839000.0,-2.080002,0.0,0.0,128351000.0,114547000.0,29074000.0,5444000.0,13804000.0,0.0,-146036000.0,186772639.04000002,168296639.04000002,23.36046249828692,5.340558412931668,0.07713223893853574,0.08642740534453107,-0.07906176926723826,23.36046249828692,-0.08834801435218731,0.0,-4.613948592885376,1.6305327860179666,0.0,0.0,0.0,0.0,5.22226304188097,-0.07884628869272542,-22.317199072768553,0.0,-0.23076895766987252,0.3697776015314561,0.0,1.5791985188929625,1.0,-0.2526302760242604,-0.2614102564102564,0.4379373161130034,0.0,2.166879899045659,Medical Devices,Healthcare,ASXC
2014Q4,2014,Q4,2015-02-20,2014-12-31,-8079000.0,134000.0,-7800000.0,-1.690002,-301000.0,-2.246268656716418,135211000.0,121789000.0,35689000.0,4147000.0,13422000.0,0.0,-135916000.0,183827404.378604,158946404.378604,25.06306461298351,8.605980226669882,0.07310795719283195,0.08116496563729073,-0.05923720704163313,25.06306461298351,-0.06633604020067493,1371.8463013328656,-5.688433109871395,1.509392509821117,0.0,0.0,0.0,0.0009910436281071807,8.415722208825658,-0.059751055757297854,-19.216747269350197,-2.246268656716418,0.27777754036107666,-2.8526621118928523,0.0,4.394278111364356,-1.1347517730496455,0.29790562266446513,0.30789707187222715,0.3982602267605328,0.0,8.296799697710151,Medical Devices,Healthcare,ASXC
2014Q3,2014,Q3,2014-11-07,2014-09-30,-11507000.0,61000.0,-11270000.0,-2.340002,-141000.0,-2.3114754098360657,144920000.0,130028000.0,45482000.0,5021000.0,14892000.0,267000.0,-127837000.0,274976161.71999997,240503161.71999997,26.80227621878233,9.0583549093806,0.06811344189897875,0.07591441843295291,-0.08055811692721178,26.80227621878233,-0.0884963238687052,4507.805929836065,-5.974106233596941,2.114745760297782,0.0,0.7565543071161048,0.0,0.0004209218879381728,8.83927504481179,-0.07940242892630417,-23.778637298512624,-2.3114754098360657,0.0,0.08324127729773015,0.0,6.534984170792627,-0.128,-0.08689902710871823,-0.0856372218476062,0.3155479346339857,0.0,24.75972152950204,Medical Devices,Healthcare,ASXC
2014Q2,2014,Q2,2014-08-06,2014-06-30,-10587000.0,113000.0,-10381000.0,-2.340002,-125000.0,-1.1061946902654867,152795000.0,140689000.0,53719000.0,9574000.0,12106000.0,438000.0,-116330000.0,300751593.749322,254769593.749322,30.649689143846075,5.610925423020681,0.043090415262279524,0.046798257148746525,-0.0704881410713437,30.649689143846075,-0.0752510857280953,2661.518528755062,-7.101907852775149,2.137705106648864,0.0,0.54337899543379,0.0,0.0007395529958441049,5.500731146856069,-0.0692889165221375,-39.43765981501731,-1.1061946902654867,-0.1999997948720053,0.36704394692586984,0.0,26.059566698134006,0.015748031496062992,-0.4155635780184517,-0.4502654372729813,0.24835404216330884,0.0,13.526738805108035,Medical Devices,Healthcare,ASXC
2014Q1,2014,Q1,2014-05-08,2014-03-31,-7479000.0,93000.0,-7158000.0,-1.950002,-127000.0,-1.3655913978494623,108889000.0,97957000.0,10176000.0,7354000.0,10932000.0,651000.0,-105743000.0,456746987.673064,460129987.673064,26.068422923882984,1.383736741909165,0.06927237829349153,0.07700317486243964,-0.0678483412322275,26.068422923882984,-0.07634982696489276,4911.25793196843,-15.26764900631983,4.662729439172943,0.0,0.3379416282642089,0.0,0.0008540807611420805,1.190372586347566,-0.06868462379120022,-68.72509594839964,-1.3655913978494623,0.2500000961537352,0.3840640685893339,0.0,10.694946234227004,0.7434343434343434,0.06873365707881958,0.08453766466300039,0.35720435949775065,0.0,4.262914080738756,Medical Devices,Healthcare,ASXC
2013Q4,2013,Q4,2014-03-05,2013-12-31,-8031000.0,219000.0,-7819000.0,-2.600003,-495000.0,-2.26027397260274,116714000.0,105023000.0,17755000.0,7089000.0,11691000.0,701000.0,-98264000.0,308835062.25,307302062.25,36.471625559412985,2.5045845676400056,0.07266480456500506,0.0807537396570275,-0.06888744009021708,36.471625559412985,-0.07646896394123193,1410.20576369863,-9.613842057340305,2.940642166477819,0.0,1.0185449358059915,0.0,0.001876381582329455,2.322048243757935,-0.0688092259711774,-39.3821808530987,-2.26027397260274,0.8095237851038102,0.36825083090270394,0.0,5.84252758874437,0.7083087802003536,0.2870838881491345,0.15130793444046456,0.04713543468343407,0.0,3.5890976751641053,Medical Devices,Healthcare,ASXC
2013Q3,2013,Q3,2013-11-14,2013-09-30,-11265000.0,362000.0,-9213000.0,-13.650014,-1697000.0,-4.6878453038674035,125933000.0,112889000.0,27060000.0,7440000.0,13044000.0,766000.0,-90233000.0,70384821.15749599,55954821.15749599,138.6556582916548,3.6370967741935485,0.07463492492039418,0.08325877632010205,-0.07533854507392385,138.6556582916548,-0.09978828760995313,194.43320761739224,-1.5620244375831336,0.6234869753252841,0.0,2.6879895561357703,0.0,0.0028745444005939666,3.3952956989247314,-0.08945232782511335,-5.25338268081027,-4.6878453038674035,-9.500002692305623,-2.4588022479356657,0.0,13.464068160839803,-566.6666666666666,-10.734375,-8.596875,-1.9010627714302155,83.22484917117843,10.211919639573619,Medical Devices,Healthcare,ASXC
2013Q2,2013,Q2,2013-08-14,2013-06-30,-960000.0,6000.0,-960000.0,-1.300001,3000.0,0.5,2914000.0,2247000.0,2648000.0,667000.0,667000.0,1482000.0,-31038000.0,22211607.599999998,31185607.599999998,2.367221722393475,3.970014992503748,3.4317089910775564,4.4503782821539835,-0.07838654364334123,2.367221722393475,-0.4272363150867824,3701.9345999999996,-5.7842728125,9.885005607476634,0.0,0.0020242914979757085,0.0,0.002059025394646534,1.6401799100449774,-0.32944406314344543,-27.48961336633663,0.5,-0.9999984615408282,0.81505045516848,0.0,-0.8351475953501482,-0.5714285714285714,-0.6991150442477876,-0.7712177121771218,0.7871437959653791,-0.08671384956395495,-0.8900062185758808,Medical Devices,Healthcare,ASXC
2013Q1,2013,Q1,2013-05-15,2013-03-31,-565000.0,11000.0,-542000.0,-0.650001,7000.0,0.6363636363636364,3904000.0,2769000.0,3605000.0,1135000.0,1135000.0,1594000.0,-30078000.0,23882064.568262998,22048064.568262998,3.542111989070493,3.1762114537444934,0.0,0.0,-0.19573853376670278,3.542111989070493,-0.20404478150957026,2171.0967789329998,-10.567285207196017,8.624797605006501,0.0,0.002509410288582183,0.0,0.0028176229508196722,1.6784140969162995,-0.1447233606557377,-42.26914082878407,0.6363636363636364,0.5793636104783598,0.8760794986072938,0.0,-0.21418435958599563,1.0372340425531914,0.5322847682119205,0.5441547518923465,0.7792994658297318,0.0,-0.6089199862103084,Medical Devices,Healthcare,ASXC
2012Q4,2012,Q4,2013-04-01,2012-12-31,-1208000.0,15000.0,-1189000.0,-1.54528,-188000.0,-12.533333333333333,2420000.0,245000.0,2086000.0,2175000.0,2175000.0,1600000.0,-29513000.0,11178839.1,11815839.1,0.3134046360860494,0.9590804597701149,0.3768595041322314,3.7224489795918365,-1.027657735522904,0.3134046360860494,-4.930612244897959,745.25594,-2.3135014693708613,45.62791469387755,0.0,0.126875,0.0,0.006198347107438017,0.15908045977011495,-0.4991735537190083,-17.33153348837209,-12.533333333333333,0.20754953071843005,0.6798445226121085,0.0,-0.9679496185787986,-63.666666666666664,0.12336719883889695,0.13590116279069767,-2.7219429915522695,0.0,-0.932546486451489,Medical Devices,Healthcare,ASXC
2012Q3,2012,Q3,2012-11-14,2012-09-30,-1378000.0,11000.0,-1376000.0,-1.950002,3000.0,0.2727272727272727,2300000.0,1140000.0,1942000.0,860000.0,1160000.0,1687000.0,-28305000.0,15615328.849263,15497328.849263,1.5185078129891028,2.2581395348837208,0.0,0.0,-1.207017543859649,1.5185078129891028,-1.2087719298245614,1419.5753499329999,-2.8329696751202826,13.69765688531842,0.0,0.004742145820983995,0.0,0.004782608695652174,0.2,-0.5991304347826087,-10.5295541802178,0.2727272727272727,0.2500000961537352,0.5392340149767104,0.0,-0.9191040271093605,1.0185185185185186,0.3116883116883117,0.31165582791395696,0.29055368258125014,0.0,-0.5730984845951399,Medical Devices,Healthcare,ASXC
2012Q2,2012,Q2,2012-08-14,2012-06-30,-2002000.0,9000.0,-1999000.0,-2.600003,-162000.0,-18.0,3551000.0,2405000.0,3148000.0,1146000.0,1146000.0,1646000.0,-26927000.0,28302785.650737,27001785.650737,3.203518675648063,2.7469458987783595,0.0,0.0,-0.8311850311850312,3.203518675648063,-0.8324324324324325,3144.7539611929997,-3.5343138924496755,11.768310041886487,0.0,0.10388821385176185,0.0,0.0025344973246972683,1.1727748691099475,-0.5637848493382146,-10.568627950237863,-18.0,0.3333332478633355,-2.0850370271119587,0.0,-0.9297703916055271,0.0,0.06317267197005147,0.04445506692160612,0.26816872448540835,0.0,3.619236676246654,Medical Devices,Healthcare,ASXC
2012Q1,2012,Q1,2012-05-15,2012-03-31,-2137000.0,0.0,-2092000.0,-3.900004,0.0,0.0,5091000.0,4293000.0,4644000.0,798000.0,798000.0,506000.0,-24926000.0,34046064.0,30067064.0,7.376491449936768,5.819548872180451,0.0,0.0,-0.48730491497787093,7.376491449936768,-0.497787095271372,0.0,-3.9829274684136644,7.930599580712788,0.0,0.0,0.0,0.0,5.017543859649122,-0.4197603614221175,-15.747485661424607,0.0,-0.41153111156151373,-26.91238814125474,0.0,-0.8412952362406744,0.0,-0.3289800995024876,-0.33588761174968074,-0.13633452424485673,0.0,2.3092784767278824,Medical Devices,Healthcare,ASXC
2011Q4,2011,Q4,2012-03-30,2011-12-31,-1608000.0,0.0,-1566000.0,-2.76296,0.0,0.0,993000.0,-1999000.0,507000.0,469000.0,2992000.0,0.0,-22789000.0,22697376.0,22399376.0,-3.4348023313355696,1.0810234541577826,0.0,0.0,0.783391695847924,-3.4348023313355696,0.8044022011005503,0.0,-3.5288208955223883,-11.354365182591295,0.0,0.0,0.0,0.0,0.7761194029850746,-1.6193353474320242,-16.154716014234875,0.0,0.14985924628377262,-0.11416859766395153,0.0,-1.0741255552660611,0.0,-0.07702612190221031,-0.05739365293720459,0.3741368925020303,0.0,-1.6444113568714045,Medical Devices,Healthcare,ASXC
2011Q3,2011,Q3,2011-11-14,2011-09-30,-1493000.0,0.0,-1481000.0,-3.250003,0.0,0.0,1036000.0,-486000.0,603000.0,415000.0,1522000.0,86000.0,-21181000.0,16802370.0,16474370.0,-1.1280551493628577,1.453012048192771,0.0,0.0,3.0473251028806585,-1.1280551493628577,3.07201646090535,0.0,-2.8135247823174816,-34.57277777777778,0.0,0.0,0.0,0.0,0.9301204819277108,-1.441119691119691,-12.363774834437086,0.0,0.0,-6.642190437643618,0.0,-1.023107612143799,0.0,-0.12934947049924356,-0.12537993920972645,0.13371172533118486,0.0,-1.1176747257962623,Medical Devices,Healthcare,ASXC
2011Q2,2011,Q2,2011-08-12,2011-06-30,-1322000.0,0.0,-1316000.0,-3.250003,0.0,0.0,1263000.0,909000.0,896000.0,354000.0,354000.0,91000.0,-19688000.0,25763633.56917,25176633.56917,2.1098809275120116,2.531073446327684,0.0055423594615993665,0.007700770077007701,-1.4366812227074235,2.1098809275120116,-1.4543454345434543,0.0,-4.872094094018532,28.342831209207922,0.0,0.0,0.0,0.0,1.8926553672316384,-1.046714172604909,-21.239598985300905,0.0,0.0,-73.18022421836919,0.0,-0.9571779732028775,0.0,0.008995502248875561,-0.0053475935828877,0.438859406645632,0.0,-0.853068708716673,Medical Devices,Healthcare,ASXC
2011Q1,2011,Q1,2011-05-16,2011-03-31,-1334000.0,0.0,-1309000.0,-3.250003,0.0,0.0,2391000.0,2134000.0,2053000.0,257000.0,257000.0,91000.0,-18365000.0,31364425.29249,29564425.29249,4.953229812222919,7.988326848249027,0.011710581346716854,0.013120899718837863,-0.6054579093432008,4.953229812222919,-0.6251171508903468,0.0,-5.8778907969434036,14.697481392919402,0.0,0.0,0.0,0.0,7.3501945525291825,-0.5579255541614387,-26.51261647716822,0.0,-0.11038706349016543,0.0,0.0,-0.8993827073636271,0.0,-0.05789056304520222,0.11613774476704929,0.46910910802012457,0.0,0.0988713708148737,Medical Devices,Healthcare,ASXC
2010Q4,2010,Q4,2011-03-30,2010-12-31,-1261000.0,0.0,-1481000.0,-2.92691,0.0,0.0,3694000.0,3424000.0,3304000.0,270000.0,270000.0,91000.0,-17031000.0,47606715.0,44623715.0,7.9474502704082814,12.237037037037037,0.013264753654574987,0.014310747663551402,,7.9474502704082814,-0.36828271028037385,0.0,-9.438286082474226,13.903830315420562,0.0,0.0,0.0,0.0,11.466666666666667,-0.3413643746616134,-40.72430710008555,0.0,0.8268102333861558,-10.388591260421217,0.0,-0.8384666998466469,1.0,0.28514739229024944,0.14836112708453134,0.39359353945294073,0.0,-0.1872525701161653,Medical Devices,Healthcare,ASXC
2010Q3,2010,Q3,2010-11-12,2010-09-30,-1764000.0,-2000.0,-1739000.0,-16.900017,-3000.0,-1.5,4817000.0,4574000.0,4373000.0,243000.0,243000.0,123000.0,-15770000.0,48081930.0,43929930.0,12.36680807114024,17.995884773662553,0.0,0.0,-0.38019239177962394,12.36680807114024,-0.3856580673371229,-24040.965,-6.814332482993197,10.512009182334937,0.0,0.008130081300813009,0.0,-0.00041519618019514223,17.2880658436214,-0.3662030309321154,-27.180288298473712,1.5,-2.25000014423063,-3.0067728146519914,0.0,-0.7471861880729155,-4.0,-0.2847778587035688,-0.2900593471810089,-0.19723403659880664,0.0,-0.34117891135678896,Medical Devices,Healthcare,ASXC
2010Q2,2010,Q2,2010-08-13,2010-06-30,-1373000.0,2000.0,-1348000.0,-5.200005,1000.0,0.5,6768000.0,6219000.0,6277000.0,549000.0,549000.0,161000.0,-14006000.0,31930964.0,26008964.0,21.521414135821267,11.43351548269581,0.0010342789598108747,0.0011255828911400547,-0.21651140379055572,21.521414135821267,-0.22077504421932787,15965.482,-5.814086671522214,5.134420968001287,0.0,0.006211180124223602,0.0,0.0002955082742316785,10.903460837887067,-0.20286643026004728,-26.215898193760264,0.5,0.0,-3.4694300308091455,0.0,-0.5992366981936406,0.0,-0.5171270718232044,-0.7326478149100257,-4.4967364359591,0.0,-0.5281936395928017,Medical Devices,Healthcare,ASXC
2010Q1,2010,Q1,2010-05-14,2010-03-31,-905000.0,0.0,-778000.0,-5.200005,0.0,0.0,2750000.0,2503000.0,2385000.0,247000.0,247000.0,0.0,-12633000.0,18861092.25,16696092.25,9.057256479936893,9.65587044534413,0.010181818181818183,0.011186576108669596,-0.3073883840379297,9.057256479936893,-0.36156612065521376,0.0,-5.210246477900553,7.535394426687974,0.0,0.0,0.0,0.0,9.036437246963562,-0.3290909090909091,-28.839590596330275,0.0,-6.777783333333334,-0.30517720240658375,0.0,-0.8287847380539203,0.0,-4.649193548387097,-0.476280834914611,-24.109915578987742,0.0,-0.8051336791058944,Medical Devices,Healthcare,ASXC
2009Q4,2009,Q4,2010-03-31,2009-12-31,248000.0,0.0,-527000.0,0.9,0.0,0.0,1427000.0,1284000.0,1023000.0,143000.0,143000.0,0.0,-11728000.0,22453681.25,21632681.25,4.646231450355161,7.153846153846154,0.0350385423966363,0.03894080996884735,-0.3950524737631184,4.646231450355161,0.19314641744548286,0.0,22.634759324596775,17.48729069314642,0.0,0.0,0.0,0.0,6.2377622377622375,0.17379117028731605,-33.96926059001513,0.0,1.2769228213020112,4.815059402688268,0.0,-0.915868688347355,0.0,1.3468531468531468,0.09450171821305842,1.36187902532527,0.0,-0.8997309152232069,Medical Devices,Healthcare,ASXC
2009Q3,2009,Q3,2009-11-12,2009-09-30,-715000.0,0.0,-582000.0,-3.250003,0.0,0.0,1183000.0,983000.0,635000.0,200000.0,200000.0,0.0,-11976000.0,17064797.75,16485797.75,3.5570447941581964,3.175,0.0,0.0,-0.5920651068158698,3.5570447941581964,-0.7273652085452695,0.0,-5.9667125,17.359916327568666,0.0,0.0,0.0,0.0,2.92,-0.6043956043956044,-26.580681853582554,0.0,0.1666667521366645,0.4089733058805224,0.0,-0.9366089208598531,0.0,0.2899702085402185,0.3279445727482679,-4.705659405723838,0.0,-0.927135821747765,Medical Devices,Healthcare,ASXC
2009Q2,2009,Q2,2009-08-07,2009-06-30,-1007000.0,0.0,-866000.0,-3.900004,0.0,0.0,871000.0,-338000.0,181000.0,1209000.0,1209000.0,0.0,-11261000.0,19759239.5,20520239.5,-1.2230733880218416,0.14971050454921422,0.9184845005740528,-2.366863905325444,-1.8744588744588744,-1.2230733880218416,2.9792899408284024,0.0,-4.905471573982125,-58.45928846153846,0.0,0.0,0.0,0.0,0.04052936311000827,-1.156142365097589,-29.1005,0.0,-0.20000012307680948,0.07821804701345288,0.0,-1.0202994637346188,0.0,-0.1276595744680851,-0.2735294117647059,-86.71523015852912,0.0,-1.0248234299451577,Medical Devices,Healthcare,ASXC
2009Q1,2009,Q1,2009-05-13,2009-03-31,-893000.0,0.0,-680000.0,-3.250003,0.0,0.0,1186000.0,616000.0,388000.0,270000.0,570000.0,0.0,-10255000.0,17962945.0,17744945.0,2.2290331568682085,1.4370370370370371,0.0,0.0,-1.103896103896104,2.2290331568682085,-1.4496753246753247,0.0,-5.028819988801792,29.160625,0.0,0.0,0.0,0.0,0.8333333333333334,-0.7529510961214165,-27.936150855365476,0.0,0.2638124512984072,0.0488810080698979,0.0,-0.9670045653026345,0.0,0.2680327868852459,0.32806324110671936,0.0,0.0,-0.954720598489628,Medical Devices,Healthcare,ASXC
2008Q4,2008,Q4,2009-03-27,2008-12-31,-1220000.0,0.0,-1012000.0,-4.41464,0.0,0.0,1746000.0,1473000.0,725000.0,273000.0,273000.0,0.0,-9362000.0,21555534.0,20994534.0,5.330139350757907,2.6556776556776556,0.0,0.0,-0.6870332654446707,5.330139350757907,-0.8282416836388323,0.0,-4.41711762295082,14.633763747454177,0.0,0.0,0.0,0.0,2.1025641025641026,-0.6987399770904925,-23.79198013245033,0.0,-0.13195781337660176,-1.5775005156448454,-1.0,-0.9242183980130767,0.0,-0.10407239819004525,-0.12569521690767518,-15.16077197707938,0.0,-0.8916639965888149,Medical Devices,Healthcare,ASXC
2008Q3,2008,Q3,2008-11-13,2008-09-30,-1105000.0,0.0,-899000.0,-3.900004,0.0,0.0,2812000.0,2648000.0,1533000.0,154000.0,164000.0,0.0,-8142000.0,20109544.82869,18652544.82869,9.586214386561924,9.954545454545455,0.0035561877667140826,0.0037764350453172208,-0.3382242287434161,9.586214386561924,-0.41729607250755285,0.0,-4.54967077572172,7.594238983644259,0.0,0.0,0.0,0.0,9.655844155844155,-0.39295874822190613,-21.576764837650213,0.0,0.24999995192312313,0.3758663182758757,-1.0,-0.8670784484921117,0.0,0.22018348623853212,0.24706867671691793,-2.360671877989874,0.0,-0.8040296746682246,Medical Devices,Healthcare,ASXC
2008Q2,2008,Q2,2008-08-08,2008-06-30,-1417000.0,0.0,-1194000.0,-5.200005,0.0,0.0,4055000.0,3721000.0,2526000.0,324000.0,334000.0,0.0,-7038000.0,43792801.0,41401801.0,14.359643266481173,7.796296296296297,0.002466091245376079,0.0026874496103198066,-0.32002144197266147,14.359643266481173,-0.3808116097823166,0.0,-7.726323394495412,11.769094598226284,0.0,0.0,0.0,0.0,7.54320987654321,-0.3494451294697904,-35.1185252606255,0.0,0.11111116809110959,0.36780855209213154,-1.0,-0.8153408529469757,0.0,0.018698060941828253,0.02926829268292683,-4.143813202800812,0.0,-0.7326003759828282,Medical Devices,Healthcare,ASXC
2008Q1,2008,Q1,2008-05-13,2008-03-31,-1444000.0,0.0,-1230000.0,-5.850006,0.0,0.0,2491000.0,1116000.0,760000.0,365000.0,1375000.0,0.0,-5621000.0,48278880.0,48630880.0,4.507561070182241,2.0821917808219177,0.40545965475712564,0.9050179211469535,-0.5785512699905927,4.507561070182241,-1.2939068100358424,0.0,-8.358531855955679,43.26064516129032,0.0,0.0,0.0,0.0,1.8027397260273972,-0.5796868727418707,-49.61858170606372,0.0,-0.21202451394759073,0.45158670457972516,-1.0,-0.9475095406553184,0.0,-0.2083682008368201,-0.3183279742765273,-1.3245008091529877,0.0,-0.9147906155601567,Medical Devices,Healthcare,ASXC
2007Q4,2007,Q4,2008-03-26,2007-12-31,-1195000.0,0.0,-933000.0,-4.82664,0.0,0.0,2684000.0,2421000.0,730000.0,253000.0,263000.0,0.0,-4177000.0,74027616.0,73406616.0,9.778499418379218,2.8853754940711465,0.0037257824143070045,0.004130524576621231,,9.778499418379218,-0.49359768690623707,0.0,-15.486948953974894,30.577288723667902,0.0,0.0,0.0,0.0,2.494071146245059,-0.44523099850968706,-50.565311475409835,0.0,-0.2375987306679686,0.9372447202925414,-1.0,-0.8986777349422658,0.0,-0.5641361256544503,-0.23249669749009247,-19.519139183289532,0.0,-0.8229365043792677,Medical Devices,Healthcare,ASXC
2007Q3,2007,Q3,2007-11-20,2007-09-30,-764000.0,0.0,-757000.0,-3.900004,0.0,0.0,4015000.0,3600000.0,2101000.0,405000.0,415000.0,0.0,-2982000.0,40639028.449296,38558028.449296,18.771117507195594,5.187654320987654,0.0024906600249066002,0.002777777777777778,-0.20969529085872576,18.771117507195594,-0.21222222222222223,0.0,-13.298111403565445,11.288619013693333,0.0,0.0,0.0,0.0,5.162962962962963,-0.19028642590286426,-26.544107412995427,0.0,-3.5117931520655734,0.8206035482979228,-1.0,-0.891759873357118,0.0,-11.524590163934427,-6.278846153846154,0.08998987497298097,0.0,-0.6654747228930419,Medical Devices,Healthcare,ASXC
2007Q2,2007,Q2,2007-08-01,2007-06-30,-61000.0,0.0,-104000.0,-0.8644022162706004,0.0,0.0,3397000.0,3219000.0,3397000.0,178000.0,178000.0,0.0,-28490000.0,7339176.0,3962176.0,45.61493006844365,19.084269662921347,0.0,0.0,-0.03230817023920472,45.61493006844365,-0.018949984467225848,0.0,-30.078590163934425,2.2799552656104383,0.0,0.0,0.0,0.0,18.971910112359552,-0.017957020900794818,-83.39972727272728,0.0,-7.179784324561776,0.9694592319159141,-1.0,-0.766826899225371,0.0,-7.1,-2.1515151515151514,0.7813352460693189,0.0,-0.24292472737129986,Medical Devices,Healthcare,ASXC
2007Q1,2007,Q1,2007-04-20,2007-03-31,10000.0,0.0,-33000.0,0.13987579029821517,0.0,0.0,3495000.0,3280000.0,3495000.0,215000.0,215000.0,0.0,-28429000.0,7797874.5,4332874.5,46.47933228471425,16.25581395348837,0.0,0.0,-0.010060975609756098,46.47933228471425,0.003048780487804878,0.0,194.9468625,2.377400762195122,0.0,0.0,0.0,0.0,16.11627906976744,0.002861230329041488,-123.77578571428572,0.0,1.0571427714744142,1.0050830823254202,-1.0,-0.7924382300289629,0.0,1.0571428571428572,0.8486238532110092,1.0417093685577528,0.0,-0.3119861100082717,Medical Devices,Healthcare,ASXC
