Quarters,Year,Quarter,FillingDate,Date,NetIncome,Revenue,OperatingIncome,EPSDiluted,GrossProfit,GrossProfitRatio,TotalAssets,CommonStockEquity,CurrentAssets,CurrentLiability,TotalLiability,Inventory,RetainedEarnings,MarketCap,EnterpriseValue,bookValuePerShare,currentRatio,debtToAssets,debtToEquity,roic,shareholdersEquityPerShare,roe,priceToSalesRatio,peRatio,pbRatio,payoutRatio,inventoryTurnover,dividendYield,assetTurnover,quickRatio,returnOnAssets,priceToFreeCashFlowsRatio,grossProfitMargin,epsdilutedGrowth,fiveYNetIncomeGrowthPerShare,fiveYRevenueGrowthPerShare,fiveYShareholdersEquityGrowthPerShare,grossProfitGrowth,netIncomeGrowth,operatingIncomeGrowth,threeYNetIncomeGrowthPerShare,threeYRevenueGrowthPerShare,threeYShareholdersEquityGrowthPerShare,Industry,Sector,Symbol
2023Q1,2023,Q1,2023-05-02,2023-03-31,319000000.0,2326000000.0,1845000000.0,0.96,1148000000.0,0.4935511608,196165000000.0,13378000000.0,9780000000.0,2214000000.0,182787000000.0,0.0,-185000000.0,7714726930.0,19869726930.0,44.201852261801314,4.417344173441735,0.11181913185328678,1.639632232022724,0.04293229931258873,44.201852261801314,0.023845118851846314,3.3167355674978505,6.046024239811912,0.5766726663178352,0.3887147335423197,0.0,0.016073154775939687,0.01185736497336426,19.079945799457995,0.0016261820406290623,11.164583111432707,0.4935511607910576,0.1566265060240964,0.8390712522756784,1.0074332836489535,0.4738895108299295,190.33333333333334,0.1474820143884892,0.07454863133372161,2.2414151993841216,0.738429713285651,0.2284675299475386,Credit Services,Financial Services,ALLY
2022Q4,2022,Q4,2023-02-24,2022-12-31,278000000.0,6000000.0,1717000000.0,0.83,6000000.0,1.0,191826000000.0,12859000000.0,32162000000.0,2743000000.0,178967000000.0,0.0,-384000000.0,7366271550.0,21956271550.0,42.681368432582424,11.725118483412322,0.10510045562124008,1.5678513103662803,0.032350414592068444,42.681368432582424,0.02161909946341084,1227.711925,6.6243449190647485,0.572849486740804,0.4064748201438849,0.0,0.015340189298343203,3.127834600106346e-05,11.725118483412322,0.0014492300313826072,15.314493866943867,1.0,-0.05681818181818187,1.2538537589073058,-0.9949223627696321,0.3983825726242886,-0.9948409286328461,-0.07023411371237458,0.3047112462006079,-0.07044928086222037,-0.9959272132714795,0.12741164883104603,Credit Services,Financial Services,ALLY
2022Q3,2022,Q3,2022-11-02,2022-09-30,299000000.0,2254000000.0,1316000000.0,0.88,1163000000.0,0.515971606,188640000000.0,12434000000.0,32078000000.0,11470000000.0,176206000000.0,0.0,-544000000.0,8577762599.999999,27401762600.0,40.341314645383164,2.796687009590235,0.12631467345207803,1.9163583722052437,0.02600924672201471,40.341314645383164,0.02404696799099244,3.8055734693877548,7.172042307692307,0.6898634872124819,0.4080267558528428,0.0,0.014222823093751745,0.011948685326547921,2.796687009590235,0.0015850296861747244,15.290129411764704,0.5159716060337178,-0.3714285714285714,0.5451513977995822,0.8976049428782498,0.3350083222538946,-0.0666131621187801,-0.3796680497925311,0.08850289495450786,-0.006476311105456819,0.5610245537764877,0.08936904368178113,Credit Services,Financial Services,ALLY
2022Q2,2022,Q2,2022-08-01,2022-06-30,482000000.0,2295000000.0,1209000000.0,1.4,1246000000.0,0.54291939,185703000000.0,13984000000.0,33000000000.0,12153000000.0,171719000000.0,0.0,-721000000.0,10792130070.0,31384130070.0,43.420885122819875,2.715378918785485,0.13332579441366052,1.7705234553775744,0.02364117159417924,43.420885122819875,0.03446796338672769,4.702453189542483,5.597577837136929,0.7717484317791761,0.26348547717842324,0.0,0.011767834447532748,0.012358443320786417,2.715378918785485,0.0025955423444963192,11.03489782208589,0.5429193899782135,-0.27835051546391754,1.7194173357166245,0.8414008387015546,0.47569453794797867,61.3,-0.2641221374045801,-0.1168736303871439,0.023725421724508054,0.5910754736913731,0.20745001169283273,Credit Services,Financial Services,ALLY
2022Q1,2022,Q1,2022-05-02,2022-03-31,655000000.0,20000000.0,1369000000.0,1.94,20000000.0,1.0,184297000000.0,15413000000.0,38036000000.0,9199000000.0,168884000000.0,0.0,-1076000000.0,14595279439.999998,30498279440.0,45.916026668414375,4.134797260571801,0.10762519194560953,1.2869006682670472,0.029920202338707118,45.916026668414375,0.04249659378446766,729.7639719999999,5.5707173435114505,0.9469460481411794,0.2015267175572519,0.0,0.009044020057487848,0.00010852048595473611,4.134797260571801,0.0035540459150176073,21.000402071942442,1.0,0.02645502645502648,3.2486818976998038,-0.9842706065591289,0.6008288591426135,-0.9914310197086547,-0.004559270516717325,0.046636085626911315,1.1084671304397806,-0.986913927866172,0.3545512768435383,Credit Services,Financial Services,ALLY
2021Q4,2021,Q4,2022-02-25,2021-12-31,658000000.0,2334000000.0,1308000000.0,1.89,2334000000.0,1.0,182114000000.0,17050000000.0,39173000000.0,794000000.0,165064000000.0,0.0,-1599000000.0,16466870700.0,28608870700.0,49.295978257726894,49.33627204030227,0.09446830007577671,1.0090322580645161,0.0278067054925726,49.295978257726894,0.03859237536656891,7.055214524421594,6.2564098404255315,0.9657988680351905,0.17477203647416414,0.0,0.006983719134929504,0.012816148126997376,49.33627204030227,0.0036131214513985747,235.24101,1.0,0.0,2.6246407609795592,0.7893030788800877,0.7490762423017552,0.0,-0.07584269662921349,0.0,1.7023368158058192,0.6847229410945257,0.5304900225869533,Credit Services,Financial Services,ALLY
2021Q3,2021,Q3,2021-11-02,2021-09-30,712000000.0,2150000000.0,0.0,1.89,0.0,0.0,179184000000.0,17289000000.0,0.0,0.0,161895000000.0,0.0,-2136000000.0,18336087950.0,22542087950.0,48.13477402632114,0.0,0.08438811501026877,0.8746023483139569,0.0,48.13477402632114,0.04118225461275956,8.528413,6.438233128511236,1.0605638238186128,0.17134831460674158,0.0,0.006653545747199583,0.011998839182069827,0.0,0.003973569068666845,71.6253435546875,0.0,-0.21576763485477188,3.5753441617406825,0.6140544424716082,0.7035860636008169,0.0,-0.2088888888888889,0.0,1.237702313176397,0.44657006716581604,0.5530665526824946,Credit Services,Financial Services,ALLY
2021Q2,2021,Q2,2021-08-02,2021-06-30,900000000.0,2209000000.0,0.0,2.41,0.0,0.0,180470000000.0,17530000000.0,0.0,0.0,162940000000.0,0.0,-2726000000.0,18461334080.0,22186334080.0,47.32568059350129,0.0,0.09635396464786392,0.9919566457501426,0.0,47.32568059350129,0.0513405590416429,8.357326428248076,5.128148355555556,1.0531280136908159,0.07888888888888888,0.0,0.003845875909743571,0.012240261539314014,0.0,0.004986978445170942,-14.146616153256705,0.0,0.14218009478673,2.275879291167673,0.619791237647317,0.687639819974118,0.0,0.1306532663316583,0.0,1.9980184382003257,0.4965652245303013,0.5510893662088646,Credit Services,Financial Services,ALLY
2021Q1,2021,Q1,2021-05-03,2021-03-31,796000000.0,2087000000.0,0.0,2.11,0.0,0.0,181879000000.0,14625000000.0,0.0,0.0,167254000000.0,0.0,-3555000000.0,16964103090.0,22202103090.0,38.97619853476144,0.0,0.11554934874284552,1.436991452991453,0.0,38.97619853476144,0.054427350427350425,8.128463387637758,5.327921824748744,1.159938672820513,0.09170854271356783,0.0,0.004303204219681502,0.01147466172565277,0.0,0.0043765360486917124,-171.35457666666667,0.0,0.15934065934065925,3.1089517921056204,0.46772390394144275,0.3653737643842245,0.0,0.1586608442503639,0.0,2.7014788089406734,0.452807878136789,0.29964259986576147,Credit Services,Financial Services,ALLY
2020Q4,2020,Q4,2021-02-24,2020-12-31,687000000.0,2163000000.0,0.0,1.82,0.0,0.0,182165000000.0,14703000000.0,0.0,0.0,167462000000.0,0.0,-4278000000.0,13411048459.999998,22119048460.0,39.09530127818209,0.0,0.13355474432519968,1.6546963204788139,0.0,39.09530127818209,0.04672515813099368,6.200207332408691,4.880294199417758,0.9121300727742637,0.10480349344978165,0.0,0.005368707764702239,0.01187385062992342,0.0,0.003771306233359866,327.09874292682923,0.0,0.4444444444444445,2.3568844378571754,0.4832772477427056,0.4059646631256346,0.0,0.4432773109243697,0.0,3.461954556310243,0.46640660097067904,0.2808911707050933,Credit Services,Financial Services,ALLY
2020Q3,2020,Q3,2020-11-03,2020-09-30,476000000.0,1845000000.0,0.0,1.26,0.0,0.0,185270000000.0,14126000000.0,0.0,0.0,171144000000.0,0.0,-4893000000.0,9417746060.0,18214746060.0,37.60335198505023,0.0,0.15510336265990177,2.0342630610222283,0.0,37.60335198505023,0.03369672943508424,5.104469409214092,4.946295199579832,0.6666958841851904,0.15336134453781514,0.0,0.007751323887363343,0.009958439034922006,0.0,0.0025692232957305553,57.07724884848485,0.0,0.96875,1.28398147437694,0.30431980797975355,0.24427539043612398,0.0,0.975103734439834,0.0,1.0182500764898994,0.27443131950848054,0.24440138567546071,Credit Services,Financial Services,ALLY
2020Q2,2020,Q2,2020-07-30,2020-06-30,241000000.0,1808000000.0,0.0,0.64,0.0,0.0,184061000000.0,13826000000.0,0.0,0.0,170235000000.0,0.0,-5296000000.0,7437261329.999999,21255261330.0,36.86431978584246,0.0,0.1790113060344125,2.383118761753219,0.0,36.86431978584246,0.017430927238536092,4.113529496681416,7.715001379668049,0.5379185107767972,0.2987551867219917,0.0,0.009680982932463394,0.00982283047467959,0.0,0.001309348531193463,-16.06319941684665,0.0,1.7529411764705882,0.7047663495786551,0.2636535155431674,0.2451784690895191,0.0,1.755485893416928,0.0,0.16758439370764106,0.24567999007966376,0.2528642656467892,Credit Services,Financial Services,ALLY
2020Q1,2020,Q1,2020-04-28,2020-03-31,-319000000.0,1661000000.0,0.0,-0.85,0.0,0.0,182527000000.0,13519000000.0,0.0,0.0,169008000000.0,0.0,-5465000000.0,5421682890.0,39556682890.0,35.981294730426406,0.0,0.2207673385307379,2.9806938383016495,0.0,35.981294730426406,-0.023596419853539462,3.264107700180614,-4.248967782131661,0.4010417109253643,-0.22570532915360503,0.0,0.013280009447398721,0.009100023558158518,0.0,-0.001747686643619848,-16.73358916666667,0.0,-1.8585858585858586,-1.7108383555024431,0.1340036098345652,0.08898628223664333,0.0,-1.843915343915344,0.0,-2.8486670347545013,0.16709634777878185,0.25446165910095153,Credit Services,Financial Services,ALLY
2019Q4,2019,Q4,2020-02-25,2019-12-31,378000000.0,1862000000.0,0.0,0.99,0.0,0.0,180644000000.0,14416000000.0,0.0,0.0,166228000000.0,0.0,-4057000000.0,11637034080.0,47836034080.0,37.85783877329678,0.0,0.2200682004384314,2.757630410654828,0.0,37.85783877329678,0.026220865704772476,6.24974977443609,7.696451111111111,0.8072304439511654,0.17724867724867724,0.0,0.005757480775548266,0.010307566262925977,0.0,0.0020925134518721905,-68.8581898224852,0.0,0.020618556701030948,1.702410718541997,0.30682300538602636,0.18463640815244872,0.0,-0.007874015748031496,0.0,0.8912755749186566,0.2965422447336943,0.34323830713075576,Credit Services,Financial Services,ALLY
2019Q3,2019,Q3,2019-11-05,2019-09-30,381000000.0,1828000000.0,0.0,0.97,0.0,0.0,181485000000.0,14450000000.0,0.0,0.0,167035000000.0,0.0,-4368000000.0,12939197799.999998,49928197800.0,37.03181660921823,0.0,0.22374300906411,2.8101038062283736,0.0,37.03181660921823,0.026366782006920414,7.07833577680525,8.490287270341206,0.8954462145328719,0.17585301837270342,0.0,0.005178064439203488,0.010072457778879797,0.0,0.0020993470534754937,106.93551900826445,0.0,-0.3356164383561644,0.11170145970734971,0.24446290281757738,0.17412312238197508,0.0,-0.34536082474226804,0.0,1.2536520093198467,0.2632055290711626,0.3106301621108299,Credit Services,Financial Services,ALLY
2019Q2,2019,Q2,2019-08-01,2019-06-30,582000000.0,1783000000.0,0.0,1.46,0.0,0.0,180448000000.0,14316000000.0,0.0,0.0,166132000000.0,0.0,-4682000000.0,12484416000.0,52474416000.0,35.960813865862846,0.0,0.24136039191345984,3.0422604079351774,0.0,35.960813865862846,0.040653813914501256,7.001915872125631,5.362721649484536,0.8720603520536463,0.11855670103092783,0.0,0.005526890484905341,0.009880962936690902,0.0,0.0032253059053023586,-58.33839252336448,0.0,0.5869565217391304,1.1786590017754612,0.23403431612120928,0.16344520461977965,0.0,0.5561497326203209,0.0,0.9710663149962322,0.21648719779332345,0.28236721960721844,Credit Services,Financial Services,ALLY
2019Q1,2019,Q1,2019-05-06,2019-03-31,374000000.0,1840000000.0,0.0,0.92,0.0,0.0,180117000000.0,13699000000.0,0.0,0.0,166418000000.0,0.0,-5195000000.0,11444933280.0,54238933280.0,33.89759210549107,0.0,0.2595590643859269,3.4127308562668808,0.0,33.89759210549107,0.02730126286590262,6.220072434782609,7.650356470588235,0.8354575720855536,0.18716577540106952,0.0,0.006116243606445909,0.010215582093861213,0.0,0.0020764280995130943,39.60184525951557,0.0,0.31428571428571445,0.9559466528565055,0.2677797368181744,0.12476519367657846,0.0,0.2896551724137931,0.0,0.792528049212009,0.20147882474977657,0.18746529103799886,Credit Services,Financial Services,ALLY
2018Q4,2018,Q4,2019-02-20,2018-12-31,290000000.0,1650000000.0,0.0,0.7,0.0,0.0,178869000000.0,13268000000.0,0.0,0.0,165601000000.0,0.0,-5489000000.0,9334356460.0,58292356460.0,32.20927776739308,0.0,0.2990736237134439,4.031881217968043,0.0,32.20927776739308,0.021857099788965932,5.657185733333334,8.04685901724138,0.7035240021103407,0.21724137931034482,0.0,0.006749260141282412,0.009224628079767875,0.0,0.0016212982685652629,106.0722325,0.0,-0.2045454545454546,2.247663170530987,0.15626996983924113,0.08762413464171089,0.0,-0.22459893048128343,0.0,0.2937029497898578,0.033015116220713375,0.1583260618335498,Credit Services,Financial Services,ALLY
2018Q3,2018,Q3,2018-11-01,2018-09-30,374000000.0,1747000000.0,0.0,0.88,0.0,0.0,173101000000.0,13085000000.0,0.0,0.0,160016000000.0,0.0,-5716000000.0,11120405580.0,58882405580.0,30.993374973649118,0.0,0.2983344983564509,3.946656476881926,0.0,30.993374973649118,0.028582346197936568,6.365429639381797,7.433426189839572,0.8498590431792128,0.1711229946524064,0.0,0.005755185774438274,0.010092373816442424,0.0,0.0021605883270460597,24.657218580931264,0.0,0.08641975308641969,3.0165697576281034,0.02542469264736884,-0.32910717121399147,0.0,0.07163323782234957,0.0,0.5967797343215916,0.09892590171251177,0.02555468357188623,Credit Services,Financial Services,ALLY
2018Q2,2018,Q2,2018-08-01,2018-06-30,349000000.0,1716000000.0,0.0,0.81,0.0,0.0,171345000000.0,13139000000.0,0.0,0.0,158206000000.0,0.0,-6026000000.0,11312597560.0,60754597560.0,30.511253332342534,0.0,0.31205462663048233,4.069487784458483,0.0,30.511253332342534,0.026562143237689323,6.59242282051282,8.103579914040115,0.8609938016591825,0.16332378223495703,0.0,0.0050386305795536495,0.010014882255099361,0.0,0.0020368262861478305,-50.055741415929205,0.0,0.42105263157894757,1.3607226297803305,0.07531943142366014,-0.3431273424053294,0.0,0.396,0.0,1.1501131314787185,0.04456370196587976,0.030588816912318708,Credit Services,Financial Services,ALLY
2018Q1,2018,Q1,2018-05-07,2018-03-31,250000000.0,1670000000.0,0.0,0.57,0.0,0.0,170021000000.0,13082000000.0,0.0,0.0,156939000000.0,0.0,-6318000000.0,11843182950.0,61943182950.0,29.98993610919436,0.0,0.31721375594779466,4.122687662436936,0.0,29.98993610919436,0.019110227793915302,7.09172631736527,11.84318295,0.9053036959180554,0.232,0.0,0.0048973320977026705,0.009822316066838803,0.0,0.001470406596832156,92.524866796875,0.0,0.39024390243902435,-0.7836528378389492,0.08117902413193077,-0.3956301342381133,0.0,0.3812154696132597,0.0,-0.520167835947627,-0.01795711649944972,-0.09234425073510963,Credit Services,Financial Services,ALLY
2017Q4,2017,Q4,2018-02-21,2017-12-31,181000000.0,1734000000.0,0.0,0.41,0.0,0.0,167148000000.0,13494000000.0,0.0,0.0,153654000000.0,0.0,-6406000000.0,12891869280.0,63275869280.0,30.52195391171388,0.0,0.3275360758130519,4.057136505113384,0.0,30.52195391171388,0.013413368904698384,7.434757370242215,17.806449281767954,0.9553778923966207,0.2983425414364641,0.0,0.004188686592081238,0.010374039773135186,0.0,0.0010828726637470984,-25.68101450199203,0.0,-0.34920634920634924,-0.8793431102484331,0.3878806779607463,-0.367103249103383,0.0,-0.35815602836879434,0.0,0.11454783474692559,0.04820631159503011,-0.04491595338318322,Credit Services,Financial Services,ALLY
2017Q3,2017,Q3,2017-10-31,2017-09-30,282000000.0,1731000000.0,0.0,0.63,0.0,0.0,164013000000.0,13573000000.0,0.0,0.0,150440000000.0,0.0,-6533000000.0,10896839940.0,60478839940.0,30.218024841429393,0.0,0.3300104260028168,3.987769837176748,0.0,30.218024841429393,0.020776541663596847,6.295112616984402,9.660319095744681,0.8028320887055184,0.1950354609929078,0.0,0.005047334851465204,0.010554041447934006,0.0,0.0017193759031296299,25.700094198113206,0.0,0.14545454545454536,-0.32541284224312006,-0.07176083162625993,-0.3355727043862959,0.0,0.11904761904761904,0.0,-0.2851821920034553,0.023731074717610892,-0.041913550894953834,Credit Services,Financial Services,ALLY
2017Q2,2017,Q2,2017-07-31,2017-06-30,252000000.0,1772000000.0,0.0,0.55,0.0,0.0,164345000000.0,13473000000.0,0.0,0.0,150872000000.0,0.0,-6760000000.0,9569921900.0,63200921900.0,29.42403323061602,0.0,0.35383492044175363,4.31611370889928,0.0,29.42403323061602,0.018704074816299265,5.400633126410836,9.493970138888889,0.7103037111259556,0.14682539682539683,0.0,0.0038662802462369104,0.010782195990142688,0.0,0.0015333597006297727,-54.06735536723164,0.0,0.19565217391304351,1.2528669423611232,-0.06623958221063911,-0.33886746676602786,0.0,0.17757009345794392,0.0,-0.17984320534651024,0.06627611588276683,-0.048040166987698536,Credit Services,Financial Services,ALLY
2017Q1,2017,Q1,2017-05-04,2017-03-31,214000000.0,1765000000.0,0.0,0.46,0.0,0.0,162101000000.0,13365000000.0,0.0,0.0,148736000000.0,0.0,-6975000000.0,9472987130.0,62818987130.0,28.68265799069021,0.0,0.3566418467498658,4.325626636737748,0.0,28.68265799069021,0.016011971567527122,5.367131518413598,11.066573749999998,0.708790656939768,0.17757009345794392,0.0,0.004011406273281826,0.010888273360435777,0.0,0.0013201645887440546,33.59215294326241,0.0,-0.11538461538461538,-0.38873085944961056,-0.272741700655933,-0.39825673642043147,0.0,-0.13709677419354838,0.0,-0.029334432244887295,0.054729614855974766,-0.04827294901481415,Credit Services,Financial Services,ALLY
2016Q4,2016,Q4,2017-02-27,2016-12-31,248000000.0,1782000000.0,0.0,0.52,0.0,0.0,163728000000.0,13317000000.0,0.0,0.0,150411000000.0,0.0,-7151000000.0,8986988040.0,68493988040.0,28.18400768673995,0.0,0.4008172090296101,4.927911691822483,0.0,28.18400768673995,0.01862281294585868,5.043203164983165,9.05946375,0.6748507952241496,0.1532258064516129,0.0,0.004228335436841196,0.010883905013192613,0.0,0.0015147073194566598,140.421688125,0.0,0.20930232558139542,2.05126152442854,-0.042407703410616455,-0.3996829642065828,0.0,0.18660287081339713,0.0,1.421282640073481,0.08868898024032969,-0.04829884133391198,Credit Services,Financial Services,ALLY
2016Q3,2016,Q3,2016-11-02,2016-09-30,209000000.0,1789000000.0,0.0,0.43,0.0,0.0,157397000000.0,13630000000.0,0.0,0.0,143767000000.0,0.0,-7361000000.0,9392191710.0,67526191710.0,28.254970532325302,0.0,0.3977903009587222,4.593617021276596,0.0,28.254970532325302,0.015333822450476889,5.249967417551705,11.234679078947368,0.6890822971386646,0.19138755980861244,0.0,0.004258856849931144,0.011366163268677294,0.0,0.0013278525003653182,33.66376956989247,0.0,-0.39436619718309857,1.8512477062517587,0.02903070876374621,-0.40918200790002063,0.0,-0.41944444444444445,0.0,0.9644177836579052,-0.08097978142240815,-0.3883835779803372,Credit Services,Financial Services,ALLY
2016Q2,2016,Q2,2016-08-04,2016-06-30,360000000.0,1787000000.0,0.0,0.71,0.0,0.0,157931000000.0,13611000000.0,0.0,0.0,144320000000.0,0.0,-7530000000.0,8285265900.0,68923265900.0,28.042524259843006,0.0,0.4214878649536823,4.890603188597458,0.0,28.042524259843006,0.026449195503636766,4.636410688304421,5.753656875000001,0.608718382190875,0.041666666666666664,0.0,0.0018104428006347991,0.011315067972722265,0.0,0.0022794764802350396,17.894742764578833,0.0,0.44897959183673464,1.7082022090254658,-0.2568085721478565,-0.4334639798571118,0.0,0.44,0.0,1.3301260513698787,-0.0064857563572390635,-0.39627627762179984,Credit Services,Financial Services,ALLY
2016Q1,2016,Q1,2016-05-05,2016-03-31,250000000.0,1835000000.0,0.0,0.49,0.0,0.0,156505000000.0,13823000000.0,0.0,0.0,142682000000.0,0.0,-7875000000.0,9064841760.0,70539841760.0,28.546175085134635,0.0,0.4260822337944475,4.824133690226434,0.0,28.546175085134635,0.01808579903060117,4.939968261580382,9.064841759999998,0.6557796252622441,0.06,0.0,0.0016547448259041646,0.011724865020286891,0.0,0.0015973930545349988,18.613638110882956,0.0,1.248730964467005,0.45902498992263124,-0.19029024329327376,-0.42283668239088984,0.0,-0.049429657794676805,0.0,-0.8051073663964281,0.07019133483962253,-0.42472541650634416,Credit Services,Financial Services,ALLY
2015Q4,2015,Q4,2016-02-24,2015-12-31,263000000.0,1874000000.0,0.0,-1.97,0.0,0.0,158581000000.0,13439000000.0,0.0,0.0,145142000000.0,0.0,-8110000000.0,9008712000.0,76063712000.0,27.806745292778814,0.0,0.46466474546131,5.483071657117345,0.0,27.806745292778814,0.019569908475332985,4.807210245464248,8.563414448669201,0.6703409479872015,4.619771863117871,0.0,0.13486944637590811,0.011817304721246556,0.0,0.001658458453408668,-74.4521652892562,0.0,-5.191489361702128,1.842116150306307,-0.2876835073281991,-0.440036967518071,0.0,-0.018656716417910446,0.0,-0.839623445804144,0.3720950622134346,-0.4234052380881373,Credit Services,Financial Services,ALLY
2015Q3,2015,Q3,2015-10-29,2015-09-30,268000000.0,1819000000.0,0.0,0.47,0.0,0.0,156105000000.0,14599000000.0,0.0,0.0,141506000000.0,0.0,-7158000000.0,9845034445.02,75682034445.02,30.2210847165193,0.0,0.4568655712501201,4.885197616275088,0.0,30.2210847165193,0.01835742174121515,5.41233339473337,9.183800788264925,0.6743636170299335,0.1417910447761194,0.0,0.0038598138190589952,0.011652413439672016,0.0,0.0017167931840748215,8.666403560757043,0.0,1.2117117117117118,-0.4890914769569234,-0.6273230924104048,-0.6431050818617476,0.0,0.4725274725274725,0.0,-0.403898149781038,-0.09303143222036916,-0.3355054245246381,Credit Services,Financial Services,ALLY
2015Q2,2015,Q2,2015-07-30,2015-06-30,182000000.0,1842000000.0,0.0,-2.22,0.0,0.0,156472000000.0,14295000000.0,0.0,0.0,142177000000.0,0.0,-7388000000.0,10830258210.0,78574258210.0,29.605651479661258,0.0,0.47203972595735977,5.166911507520112,0.0,29.605651479661258,0.01273172437915355,5.879619006514658,14.87672831043956,0.7576256180482687,6.873626373626373,0.0,0.11550971137926361,0.011772074236924179,0.0,0.001163147400173833,18.202114638655463,0.0,-3.0943396226415096,-0.8347326373251015,-0.6401188822747856,-0.6469395299074596,0.0,-0.6840277777777778,0.0,1.1731870737936543,-0.07952088633357737,-0.3347866620669678,Credit Services,Financial Services,ALLY
2015Q1,2015,Q1,2015-05-01,2015-03-31,576000000.0,1880000000.0,0.0,1.06,0.0,0.0,153524000000.0,15934000000.0,0.0,0.0,137590000000.0,0.0,-6319000000.0,10117563040.0,72233563040.0,33.04109089099384,0.0,0.45622182850889764,4.3956947408058245,0.0,33.04109089099384,0.03614911509978662,5.381682468085106,4.391303402777778,0.6349669285803942,0.11631944444444445,0.0,0.006622148014804957,0.01224564237513353,0.0,0.003751856387274954,-8.431302533333334,0.0,3.608695652173913,0.8264623642238481,-0.6319580887639635,-0.6016557849244982,0.0,2.2542372881355934,0.0,0.5897188168743055,-0.25151869209649735,-0.3068196862567914,Credit Services,Financial Services,ALLY
2014Q4,2014,Q4,2015-02-27,2014-12-31,177000000.0,1803000000.0,0.0,0.23,0.0,0.0,151828000000.0,15399000000.0,0.0,0.0,136429000000.0,0.0,-6828000000.0,11381556820.0,78348556820.0,31.957348695993243,0.0,0.47979292357140974,4.730566919929865,0.0,31.957348695993243,0.011494252873563218,6.312566178591237,16.0756452259887,0.7391101253328138,0.384180790960452,0.0,0.005974578089397088,0.011875279922017019,0.0,0.0011657928708802066,-9.736147835757057,0.0,-0.6891891891891893,1.0183720176831923,-0.5909393184847817,-0.6201015158173588,0.0,-0.5815602836879432,0.0,1.7357228234633912,-0.04994107033419946,-0.31931111237876725,Credit Services,Financial Services,ALLY
2014Q3,2014,Q3,2014-10-31,2014-09-30,423000000.0,1813000000.0,0.0,0.74,0.0,0.0,149195000000.0,15190000000.0,0.0,0.0,134005000000.0,0.0,-6937000000.0,11144478540.0,77124478540.0,31.53997728457199,0.0,0.4824223331881095,4.738314680710994,0.0,31.53997728457199,0.027847267939433838,6.146982095973525,6.5865712411347515,0.7336720566161948,0.15602836879432624,0.0,0.005922215181545857,0.012151881765474715,0.0,0.0028352156573611714,-6.783005806451613,0.0,0.37037037037037024,1.2836758074649377,-0.6761956993184218,-0.6867282682823214,0.0,0.30959752321981426,0.0,2.7256576276585993,0.0445287504764834,-0.3404917542267128,Credit Services,Financial Services,ALLY
2014Q2,2014,Q2,2014-08-01,2014-06-30,323000000.0,1747000000.0,0.0,0.54,0.0,0.0,149937000000.0,14878000000.0,0.0,0.0,135059000000.0,0.0,-7293000000.0,11509078500.0,79438078500.0,30.908902046328034,0.0,0.49356062879742824,4.973988439306359,0.0,30.908902046328034,0.021709907245597525,6.587909845449341,8.907955495356036,0.7735635502083614,0.2043343653250774,0.0,0.005734603339441989,0.011651560322001908,0.0,0.0021542381133409366,-5.13568875502008,0.0,0.6363636363636364,1.0425908873968537,-0.6117896876462698,-0.7060210489514277,0.0,0.42290748898678415,0.0,1.450152200990761,-0.26737624255574416,-0.37555527490836904,Credit Services,Financial Services,ALLY
2014Q1,2014,Q1,2014-05-01,2014-03-31,227000000.0,1723000000.0,0.0,0.33,0.0,0.0,148452000000.0,14459000000.0,0.0,0.0,133993000000.0,0.0,-7551000000.0,13387075383.432774,79805075383.43277,30.13748317965659,0.0,0.4897138469000081,5.027941074763123,0.0,30.13748317965659,0.015699564285220277,7.769631679299346,14.743475091886314,0.9258645399704525,0.29955947136563876,0.0,0.0050795261886814845,0.011606445180933905,0.0,0.001529113787621588,-9.374702649462726,0.0,0.5223368331703357,1.173645887231949,-0.6800908176503911,-0.6609656998708767,0.0,1.1826923076923077,0.0,0.337124003417007,-0.2326355291668844,-0.3906626816207901,Credit Services,Financial Services,ALLY
2013Q4,2013,Q4,2014-03-03,2013-12-31,104000000.0,1662000000.0,0.0,0.216772,0.0,0.0,151167000000.0,14208000000.0,0.0,0.0,136959000000.0,0.0,-7710000000.0,12458478360.72021,83035478360.72021,29.61434629988565,0.0,0.5061289831775454,5.38499436936937,0.0,29.61434629988565,0.00731981981981982,7.496076029314206,29.948265290192808,0.8768636233615013,2.0096153846153846,0.0,0.016775724446329413,0.010994463077258926,0.0,0.0006879808423796199,-3.2708003047309555,0.0,1.8195043021972206,-0.9928035056181717,-0.9343202846860964,-0.6643049744348387,0.0,0.14285714285714285,0.0,0.13215375309241362,-0.3636142737793354,-0.40363609676532636,Credit Services,Financial Services,ALLY
2013Q3,2013,Q3,2013-11-05,2013-09-30,91000000.0,1665000000.0,0.0,-0.264516,0.0,0.0,150556000000.0,19061000000.0,0.0,0.0,131495000000.0,0.0,-7365000000.0,10714308939.2201,69915308939.2201,46.19720713028359,0.0,0.43937139668960384,3.4704370179948585,0.0,46.19720713028359,0.004774146162320969,6.435020383915976,29.434914668187087,0.5621063396054824,2.197802197802198,0.0,0.018666626203757582,0.011059007943887988,0.0,0.0006044262599962805,-7.081499629358956,0.0,0.9031877663090382,1.021655483035714,-0.6384546038232514,0.23748970266059552,0.0,1.0981661272923409,0.0,-0.7968892799289715,-0.6006100597568078,-0.4544355832480722,Credit Services,Financial Services,ALLY
2013Q2,2013,Q2,2013-08-02,2013-06-30,-927000000.0,1529000000.0,0.0,-2.732258,0.0,0.0,150627000000.0,19165000000.0,0.0,0.0,131462000000.0,0.0,-7256000000.0,10714308939.2201,70739308939.2201,46.449266809290435,0.0,0.4529798774456107,3.56018784242108,0.0,46.449266809290435,-0.048369423428124184,7.0073962977240685,-2.8895115801564453,0.5590560364842212,-0.2168284789644013,0.0,0.01875995933477637,0.0101509025606299,0.0,-0.00615427512995678,-8.403379560172628,0.0,-2.2622951274095455,0.7757555565386304,-0.6320568949946747,-0.06570746924988197,0.0,-1.848124428179323,0.0,-1.9850879799488845,-0.6504120156175602,-0.446071977628727,Credit Services,Financial Services,ALLY
2013Q1,2013,Q1,2013-05-01,2013-03-31,1093000000.0,1461000000.0,0.0,2.164516,0.0,0.0,166199000000.0,20474000000.0,0.0,0.0,145725000000.0,0.0,-6128000000.0,10714308939.2201,77605308939.2201,49.621825653713145,0.0,0.4498041504461519,3.651313861482856,0.0,49.621825653713145,0.05338478069746996,7.333544790705066,2.4506653566377175,0.5233129305079661,0.18298261665141813,0.0,0.018666626203757582,0.008790666610509089,0.0,0.006576453528601255,-109.32968305326634,0.0,-0.3823784119096079,2.1141626631676633,-0.7694637160924901,-0.16738851746934932,0.0,-0.21928571428571428,0.0,3.0508753617639117,-0.665704816971008,-0.40175803347856104,Credit Services,Financial Services,ALLY
2012Q4,2012,Q4,2013-03-01,2012-12-31,1400000000.0,1166000000.0,0.0,3.504599,0.0,0.0,182347000000.0,19898000000.0,0.0,0.0,162449000000.0,0.0,-7021000000.0,10714308939.2201,82158308939.2201,48.22580281613676,0.0,0.4354280574947764,3.990300532716856,0.0,48.22580281613676,0.07035883003316916,9.188944201732504,1.9132694534321606,0.5384616011267515,0.14357142857142857,0.0,0.01875995933477637,0.006394401882125837,0.0,0.0076776694982642986,-1.4798769253066437,0.0,6.930123208164096,2.1610026285403032,-0.8502841496132735,-0.23245466756224378,0.0,2.6458333333333335,0.0,1.1697084399481485,-0.691054141037805,-0.4267074667981345,Credit Services,Financial Services,ALLY
2012Q3,2012,Q3,2012-11-02,2012-09-30,384000000.0,1713000000.0,0.0,0.441935,0.0,0.0,182482000000.0,18765000000.0,0.0,0.0,163717000000.0,0.0,-8129000000.0,10714308939.2201,92462308939.2201,45.47980650541795,0.0,0.5419986628818185,5.270716759925393,0.0,45.47980650541795,0.020463629096722624,6.254704576310625,6.975461548971419,0.5709730316664056,0.5208333333333334,0.0,0.018666626203757582,0.009387227233370963,0.0,0.002104317138128692,-112.78219936021158,0.0,1.166060444370963,1.1444581573470556,-0.7085598121792441,-0.30726849962315705,0.0,1.4276169265033407,0.0,1.3005935060311613,-0.6428845754099141,-0.5482705135267643,Credit Services,Financial Services,ALLY
2012Q2,2012,Q2,2012-08-03,2012-06-30,-898000000.0,1710000000.0,0.0,-2.66129,0.0,0.0,178560000000.0,18363000000.0,0.0,0.0,160197000000.0,0.0,-8313000000.0,10714308939.2201,91694308939.2201,44.505498900026105,0.0,0.5438284050179212,5.288133747209062,0.0,44.505498900026105,-0.04890268474650112,6.265677742233977,-2.9828254285133906,0.5834726863377497,-0.22383073496659242,0.0,0.01875995933477637,0.009576612903225807,0.0,-0.005029121863799283,3.82927410265193,0.0,-11.060979298038683,-2.8401467112402123,-0.7691791344042207,-0.3810575070394348,0.0,-3.8967741935483873,0.0,0.8618593424562178,-0.5566963686657918,-0.5767018879249579,Credit Services,Financial Services,ALLY
2012Q1,2012,Q1,2012-04-27,2012-03-31,310000000.0,2149000000.0,0.0,0.264516,0.0,0.0,186350000000.0,19667000000.0,0.0,0.0,166683000000.0,0.0,-7215000000.0,10714308939.2201,98828308939.2201,47.6659394906504,0.0,0.543026562919238,5.145319570854731,0.0,47.6659394906504,0.015762444704327045,4.985718445425826,8.6405717251775,0.5447861361275284,0.6451612903225806,0.0,0.018666626203757582,0.011532063321706466,0.0,0.001663536356318755,5.002011642959897,0.0,1.529805516053438,1.610246908547039,-0.6822780937695196,-0.31713221574206285,0.0,2.504854368932039,0.0,1.2757411957138474,-0.5360414738576122,-0.46377777006547155,Credit Services,Financial Services,ALLY
2011Q4,2011,Q4,2012-02-28,2011-12-31,-206000000.0,1625000000.0,0.0,-0.49927,0.0,0.0,184059000000.0,19371000000.0,0.0,0.0,164688000000.0,0.0,-7324000000.0,10714308939.2201,97080308939.2201,46.94853886578476,0.0,0.5446025459227748,5.174694130401115,0.0,46.94853886578476,-0.010634453564606886,6.593420885673908,-13.002802110704003,0.5531107810242166,-0.970873786407767,0.0,0.018666626203757582,0.008828690800232535,0.0,-0.0011192063414448628,-1.571934996951306,0.0,0.49748779122900955,-1.1217355005842344,-0.807182440361707,-0.29784894486162555,0.0,0.01904761904761905,0.0,-1.0165750828991666,-0.9253285740264992,-0.46781229627015486,Credit Services,Financial Services,ALLY
2011Q3,2011,Q3,2011-11-04,2011-09-30,-210000000.0,1487000000.0,0.0,-0.993548,0.0,0.0,181956000000.0,19732000000.0,0.0,0.0,162224000000.0,0.0,-6918000000.0,10714308939.2201,90791308939.2201,47.82347679002968,0.0,0.5302325837015542,4.889468883032637,0.0,47.82347679002968,-0.010642610987228867,7.205318721735105,-12.755129689547736,0.5429915335100395,-0.9523809523809523,0.0,0.018666626203757582,0.008172305392512475,0.0,-0.001154125173118776,7.555930140493724,0.0,-4.220325446740541,0.2711856331822143,-0.8231376644420778,-0.4400086973218453,0.0,-2.8584070796460175,0.0,0.9500258083791213,-0.6771063038349399,0.2810527681075951,Credit Services,Financial Services,ALLY
2011Q2,2011,Q2,2011-08-09,2011-06-30,113000000.0,2044000000.0,0.0,-0.190323,0.0,0.0,178889000000.0,20423000000.0,0.0,0.0,158466000000.0,0.0,-6508000000.0,10714308939.2201,94666308939.2201,49.4982194649694,0.0,0.5525940667117598,4.840278117808353,0.0,49.4982194649694,0.005532977525339078,5.241834118992221,23.70422331685863,0.5246197394711893,1.6902654867256637,0.0,0.017826628024588488,0.011426079859577727,0.0,0.0006316766262878098,8.110756199258214,0.0,-2.105286343612335,-0.9137920248265209,-0.7669086004801059,-0.4445275056379448,0.0,-0.22602739726027396,0.0,1.0273350831835326,-0.5081257641393819,-0.004380049282042196,Credit Services,Financial Services,ALLY
2011Q1,2011,Q1,2011-05-06,2011-03-31,146000000.0,1931000000.0,0.0,-0.06129,0.0,0.0,173704000000.0,20407000000.0,0.0,0.0,153297000000.0,0.0,-6435000000.0,10714308939.2201,93302308939.2201,49.4594410528145,0.0,0.5499815778565836,4.681432841671976,0.0,49.4594410528145,0.007154407801244671,5.548580496747851,18.346419416472774,0.5250310647924781,1.5616438356164384,0.0,0.021279953872283645,0.011116612167825727,0.0,0.000840510293372634,3.5221265414924723,0.0,-1.322578947368421,-0.822911079585535,-0.7579581331919176,-0.45638897708066967,0.0,0.8481012658227848,0.0,1.1488268516216642,-0.6953007773953445,-0.17011319116914203,Credit Services,Financial Services,ALLY
2010Q4,2010,Q4,2011-02-25,2010-12-31,79000000.0,2246000000.0,0.0,0.19,0.0,0.0,172008000000.0,20489000000.0,0.0,0.0,151519000000.0,0.0,-6410000000.0,10714308939.2201,91875308939.2201,49.65818041510836,0.0,0.546480396260639,4.587778808140953,0.0,49.65818041510836,0.0038557274635170093,4.770395787720436,33.906040946899054,0.5229298130323636,4.949367088607595,0.0,0.036493254228346074,0.013057532207804288,0.0,0.0004592809636761081,-3.0266409432825143,0.0,1.8068488729595216,-0.24711217299329735,-0.7184743486012674,-0.4327100764892953,0.0,-0.7063197026022305,0.0,1.0655137197533457,-0.7116108062018971,-0.20965743711341905,Credit Services,Financial Services,ALLY
2010Q3,2010,Q3,2010-11-09,2010-09-30,269000000.0,2503000000.0,0.0,-0.235484,0.0,0.0,173191000000.0,20977000000.0,168491000000.0,64667000000.0,152214000000.0,0.0,-5480000000.0,6432916263.7095995,87304916263.7096,84.67782302468198,2.605517497332488,0.5054939344423209,4.17347571149354,0.0,84.67782302468198,0.012823568670448586,2.5700824065959247,5.978546713484758,0.30666521731942603,1.2267657992565055,0.0,0.051298662452929626,0.014452252137813166,0.19467425425642135,0.0015531984918384905,-149.6027038072,0.0,-1.2417218746984686,-0.6014814814814815,-0.5270219198790628,-0.08104437727252824,0.0,-0.5238938053097345,0.0,1.168546365914787,-0.2907339189572117,0.28978111165764875,Credit Services,Financial Services,ALLY
2010Q2,2010,Q2,2010-08-06,2010-06-30,565000000.0,2626000000.0,0.0,0.974194,0.0,0.0,176802000000.0,20773000000.0,161420000000.0,70824000000.0,156029000000.0,0.0,-5421000000.0,6432916263.7095995,84343916263.7096,83.85433654439238,2.27917090251892,0.4819232814108438,4.101718576998989,0.0,83.85433654439238,0.027198767631059547,2.4497015474903274,2.8464231255352215,0.3096768046844269,0.5893805309734513,0.0,0.051765013929774444,0.014852773158674675,0.2025866937761211,0.003195665207407156,1.5280086137077433,0.0,1.708920283453428,-0.30759803921568635,-0.4801029499109087,-0.08112531516786838,0.0,2.4876543209876543,0.0,0.9283276450511943,-0.40962230215827333,0.1661707741537081,Credit Services,Financial Services,ALLY
2010Q1,2010,Q1,2010-05-07,2010-03-31,162000000.0,2624000000.0,0.0,-1.374194,0.0,0.0,179427000000.0,20548000000.0,162297000000.0,68603000000.0,158879000000.0,0.0,-5958000000.0,6432916263.7095995,89647916263.7096,82.94607939701413,2.365742022943603,0.5031349796853316,4.393420284212575,0.0,82.94607939701413,0.007883978976056064,2.451568698060061,9.927339913132098,0.3130677566531828,1.228395061728395,0.0,0.030934647964039386,0.014624331900995949,0.21383904493972566,0.0009028741493755121,0.8724964415718974,0.0,0.9312688811070463,-0.7774725274725276,-0.47812251392203664,-0.08545486914723169,-1.0,1.0327074500302846,1.0,1.5311475409836066,-0.35385373060822456,0.18829516539440186,Credit Services,Financial Services,ALLY
2009Q4,2009,Q4,2010-03-01,2009-12-31,-4953000000.0,2266000000.0,-3839000000.0,-19.99376733761977,676000000.0,0.29832303618711387,172306000000.0,20839000000.0,161832000000.0,63446000000.0,151467000000.0,0.0,-5630000000.0,6432916263.7095995,90680916263.7096,84.12075864095667,2.5507045361409704,0.5108411779044258,4.2238591103219925,-0.02968950946169392,84.12075864095667,-0.23767935121646913,2.838886259359929,-0.32469797414241874,0.3086960153418878,-0.1029678982434888,0.0,0.07927975106361852,0.013151022018966257,0.22168458216436024,-0.028745371606328278,-0.7914513119721456,0.29832303618711387,-5.4576271186440675,-9.106382978723405,-0.5638953040800616,-0.07039300530847128,-0.4028268551236749,-5.4576271186440675,-3.463953488372093,-5.875,-0.5521739130434783,0.25808983337358116,Credit Services,Financial Services,ALLY
2009Q3,2009,Q3,2009-11-10,2009-09-30,-767000000.0,2880000000.0,-860000000.0,-3.0961476979516176,1132000000.0,0.39305555555555555,178254000000.0,24941000000.0,0.0,51272000000.0,153313000000.0,0.0,-167000000.0,6432916263.7095995,94248916263.7096,100.67929561227027,0.0,0.5724471821109204,4.091295457279179,-0.004480950055913436,100.67929561227027,-0.030752576079547733,2.233651480454722,-2.0967784431908734,0.25792535438473196,-0.8265971316818774,0.0,0.09855561210653753,0.016156720185802283,0.2774418786082072,-0.004302848743927205,-13.075033056320324,0.39305555555555555,0.8034844991032539,-2.237096774193548,-0.43870590528162157,0.09563345633456333,2.0106382978723403,0.8034844991032539,0.4567277321541377,-3.433526011560693,-0.4294770206022187,0.1789090565324258,Credit Services,Financial Services,ALLY
2009Q2,2009,Q2,2009-08-07,2009-06-30,-3903000000.0,2316000000.0,-1583000000.0,-15.755233983187958,376000000.0,0.16234887737478412,181248000000.0,26046000000.0,0.0,50027000000.0,155202000000.0,0.0,1234000000.0,6432916263.7095995,92952916263.7096,105.13984738050566,0.0,0.5802822651836158,4.038048068801351,-0.020415939521875308,105.13984738050566,-0.149850264915918,2.777597695902245,-0.41204946603315395,0.24698288657412268,-0.055085831411734565,0.0,0.03342185584054506,0.012778072033898306,0.3728986347372419,-0.021534030720338982,1.6191583850263276,0.16234887737478412,-4.782222222222223,-5.613475177304965,-0.5549577248270561,0.1774864376130199,-0.5210191082802548,-4.782222222222222,-1.3382570162481535,-5.959339263024142,-0.5601139601139601,0.17988674971687432,Credit Services,Financial Services,ALLY
2009Q1,2009,Q1,2009-05-11,2009-03-31,-675000000.0,2781000000.0,-677000000.0,-2.724771442134735,785000000.0,0.2822725638259619,179552000000.0,22021000000.0,0.0,44107000000.0,157531000000.0,0.0,5374000000.0,6432916263.7095995,106523916263.7096,88.89213618851704,0.0,0.6317055783282838,5.150719767494664,-0.0040828380523459705,88.89213618851704,-0.030652558921029926,2.313166581700683,-2.382561579151704,0.2921264367517188,-0.3451851851851852,0.0,0.03621996470161395,0.015488549278203529,0.3022876187453239,-0.0037593566209231867,-3.2261365414792373,0.2822725638259619,-1.0904583221656394,-1.8835078534031413,-0.45863344364415026,0.042266187050359595,-0.9262841581369142,-1.0904583221656392,-1.075684740078256,-2.3636363636363633,-0.41941544885177445,-0.022982386086339335,Credit Services,Financial Services,ALLY
2008Q4,2008,Q4,2009-02-27,2008-12-31,7462000000.0,13066000000.0,8945000000.0,30.1218437054954,10649000000.0,0.8150160722485841,189476000000.0,21854000000.0,0.0,51687000000.0,167622000000.0,0.0,6286000000.0,6432916263.7095995,117602916263.7096,88.21800755024074,0.0,0.6118716882349216,5.3049784936396085,0.06587608589945497,88.21800755024074,0.34144778987828317,0.49234013957673345,0.21552252290637897,0.29435875646149906,0.004154382203162691,0.0,0.0048189652607297535,0.06895860161709134,0.29312980053011395,0.039382296438599085,2.1008870880828217,0.8150160722485841,3.957590170432025,10.844444444444445,1.5599529780564263,0.07995651314489029,93.6,3.9575901704320255,4.3895414929897685,117.44444444444444,1.72776617954071,0.0077934055798938,Credit Services,Financial Services,ALLY
2008Q3,2008,Q3,2008-11-10,2008-09-30,-2523000000.0,2765000000.0,-2639000000.0,-10.184590145934722,-115000000.0,-0.04159132007233273,211327000000.0,9248000000.0,0.0,41448000000.0,202079000000.0,0.0,-1144000000.0,6432916263.7095995,153529916263.7096,37.33138710646227,0.0,0.7601063754276548,17.36926903114187,-0.014940045561841074,37.33138710646227,-0.2728157439446367,2.326551994108354,-0.6374272952546175,0.6956008070620241,-0.007927070947284977,0.0,0.003109009845632099,0.013083988321416572,0.3265296274850415,-0.011938843593104525,-3.2938639343111107,-0.04159132007233273,-0.01651893634166007,-5.004761904761905,-0.4400567031186715,-0.5424953002869298,0.647239263803681,-0.016518936341659952,-0.11822033898305084,-4.737777777777778,-0.4775132275132275,-0.5948657291803566,Credit Services,Financial Services,ALLY
2008Q2,2008,Q2,2008-08-08,2008-06-30,-2482000000.0,2495000000.0,-2360000000.0,-10.01908551019024,-326000000.0,-0.13066132264529057,227692000000.0,12316000000.0,0.0,41887000000.0,215376000000.0,0.0,1402000000.0,6432916263.7095995,165596916263.7096,49.71597789826874,0.0,0.761945962089138,14.086472880805456,-0.013530314038911763,49.71597789826874,-0.20152646963299772,2.578323151787415,-0.6479569161673651,0.5223218791579733,-0.010878323932312651,0.0,0.004197163291603333,0.010957785078087943,0.3419915486905245,-0.010900690406338388,1.0786244573624413,-0.13066132264529057,-3.2139219015280127,-3.976019184652278,-0.6219124109713593,-0.3754563894523327,-1.5207667731629393,-3.2139219015280136,-3.1403508771929824,-4.041666666666666,-0.5060384082359928,-0.4552129871278808,Credit Services,Financial Services,ALLY
2008Q1,2008,Q1,2008-05-08,2008-03-31,-589000000.0,3805000000.0,-570000000.0,-2.3776153769146062,626000000.0,0.1645203679369251,243354000000.0,14764000000.0,0.0,43296000000.0,228590000000.0,0.0,3880000000.0,6432916263.7095995,176890916263.7096,59.59781566174405,0.0,0.7614175234432145,12.550392847466812,-0.0029441461976026954,59.59781566174405,-0.039894337577892174,1.690648163918423,-2.7304398402842103,0.43571635489769706,-0.059422750424448216,0.0,0.005440767229856172,0.01563565834134635,0.34266444937176643,-0.002420342381879895,-1.8264952480720045,0.1645203679369251,0.18646408839779,-1.842632331902718,0.040754923413566665,-0.205895008605852,-0.38807429130009774,0.18646408839779005,0.008695652173913044,-1.809065934065934,-0.24323786793953867,-0.34288766245326685,Credit Services,Financial Services,ALLY
2007Q4,2007,Q4,2008-02-27,2007-12-31,-724000000.0,4676000000.0,-575000000.0,-2.922569665341553,1023000000.0,0.21877673224978614,248939000000.0,15565000000.0,0.0,40226000000.0,233374000000.0,0.0,4649000000.0,6432916263.7095995,181903916263.7096,62.8312111064106,0.0,0.7758848553260036,12.409123032444587,-0.0034688783161566364,62.8312111064106,-0.046514616125923544,1.3757305953185628,-2.2213108645406074,0.4132936886417989,-0.07320441988950276,0.0,0.008238876090925062,0.018783718099614766,0.4394421518420922,-0.002908343007724784,-0.810803663184976,0.21877673224978614,0.5463659147869674,-2.381679389312977,4.21875,-0.1270820481184454,6.5,0.5463659147869674,0.6544471153846154,-2.1849427168576105,-0.10007698229407243,-0.30566088236606154,Credit Services,Financial Services,ALLY
2007Q3,2007,Q3,2007-11-07,2007-09-30,-1596000000.0,3529000000.0,-1664000000.0,-6.442570698736352,-186000000.0,-0.05270614905072259,278778000000.0,16264000000.0,0.0,41414000000.0,262514000000.0,0.0,5408000000.0,6432916263.7095995,203609916263.7096,65.65286331093235,0.0,0.7931041904310957,13.594441711756026,-0.0067238502890076,65.65286331093235,-0.09813084112149532,1.8228722764833096,-1.007662322009649,0.39553100490098375,-0.03258145363408521,0.0,0.008083425598643456,0.01265881812768583,0.5776548993094123,-0.005724985472311301,-2.367654127239455,-0.05270614905072259,-6.447098976109215,-4.352941176470589,-0.047760388559093286,-0.07020352160987885,-1.2608695652173914,-6.447098976109215,-4.68141592920354,-3.5741935483870972,-0.3122198401870981,-0.285538569671411,Credit Services,Financial Services,ALLY
2007Q2,2007,Q2,2007-08-07,2007-06-30,293000000.0,4448000000.0,452000000.0,1.1827526408081148,713000000.0,0.16029676258992806,279278000000.0,17813000000.0,0.0,37011000000.0,261465000000.0,0.0,7057000000.0,6432916263.7095995,218663916263.7096,71.90570918332746,0.0,0.8036938104684221,12.600572615505529,0.001209409453206586,71.90570918332746,0.016448661090215012,1.4462491600066545,5.488836402482593,0.3611360390562848,0.18088737201365188,0.0,0.008238876090925062,0.015926782632359155,0.33025316797708787,0.001049133837967903,-1.1895185398871302,0.16029676258992806,1.960655737704918,0.0,0.0,0.0,0.8376288659793815,1.960655737704918,3.9161290322580644,-0.6536643026004728,-0.1452728670253652,-0.19471066907775778,Credit Services,Financial Services,ALLY
2007Q1,2007,Q1,2007-05-08,2007-03-31,-305000000.0,4061000000.0,-155000000.0,-1.2311930220016212,388000000.0,0.09554296971189362,275132000000.0,17292000000.0,0.0,34113000000.0,257840000000.0,0.0,6816000000.0,6432916263.7095995,220502916263.7096,69.80258929984274,0.0,0.8131624093162555,12.938179504973398,-0.0012654603993876002,69.80258929984274,-0.0176382142030997,1.5840719684091602,-5.272882183368524,0.3720169016718482,-0.06885245901639345,0.0,0.0032644603379137034,0.014760187837110915,0.2830885586140181,-0.001108558800866493,25.629148460994422,0.09554296971189362,-1.3001968503937007,-1.436337625178827,0.11077680525164099,-0.06992254733218588,-0.686084142394822,-1.3001968503937007,-1.4378531073446328,-1.3992146596858641,-0.20946077477126732,-0.1815600151457781,Credit Services,Financial Services,ALLY
