Quarters,Year,Quarter,FillingDate,Date,NetIncome,Revenue,OperatingIncome,EPSDiluted,GrossProfit,GrossProfitRatio,TotalAssets,CommonStockEquity,CurrentAssets,CurrentLiability,TotalLiability,Inventory,RetainedEarnings,MarketCap,EnterpriseValue,bookValuePerShare,currentRatio,debtToAssets,debtToEquity,roic,shareholdersEquityPerShare,roe,priceToSalesRatio,peRatio,pbRatio,payoutRatio,inventoryTurnover,dividendYield,assetTurnover,quickRatio,returnOnAssets,priceToFreeCashFlowsRatio,grossProfitMargin,epsdilutedGrowth,fiveYNetIncomeGrowthPerShare,fiveYRevenueGrowthPerShare,fiveYShareholdersEquityGrowthPerShare,grossProfitGrowth,netIncomeGrowth,operatingIncomeGrowth,threeYNetIncomeGrowthPerShare,threeYRevenueGrowthPerShare,threeYShareholdersEquityGrowthPerShare,Industry,Sector,Symbol
2023Q1,2023,Q1,2023-03-31,2023-03-31,-2430000.0,2649000.0,-1759000.0,-0.0535,473000.0,0.1785579464,56522000.0,35399000.0,19663000.0,16947000.0,21123000.0,9270000.0,-50078000.0,48635811.50767416,57652811.50767416,0.77946699113961,1.1602643535729038,0.1910760411875022,0.30509336421932826,-0.0379806378424799,0.77946699113961,-0.06864600694934885,18.360064744308854,-5.003684311489111,1.3739317920753173,0.0,0.23473570658036677,0.0,0.04686670676904568,0.31492299522039296,-0.042992109267187995,-12.473919340260107,0.178557946394866,0.4146608315098468,-4.894564635620993,-0.9204989225887715,0.3046844950342917,1.8461538461538463,0.3652037617554859,0.5680255402750491,-0.09715109872588994,-0.4784972734882909,0.7612593893599451,Auto Manufacturers,Consumer Cyclical,VEV
2022Q4,2022,Q4,2022-12-31,2022-12-31,-3828000.0,2035000.0,-4072000.0,-0.0914,-559000.0,-0.2746928747,55032000.0,36832000.0,18146000.0,16573000.0,18200000.0,10068000.0,-47642000.0,54404627.311104,59997627.311104,0.879863303947861,1.0949134133832137,0.13110553859572613,0.19588944396177238,-0.09013906913516558,0.879863303947861,-0.10393136403127715,26.7344605951371,-3.553071271623824,1.477102175040834,0.0,0.25764799364322605,0.0,0.03697848524494839,0.25807035539733303,-0.06955952900130832,-11.819384599414295,-0.2746928746928747,0.5189473684210527,-0.40791179178097886,-0.9595503012558583,-0.48161570293495704,-1.3888888888888888,0.4858294157152451,-0.11044450504499591,0.447273331908787,-0.9068602579706312,-0.42473961637182955,Auto Manufacturers,Consumer Cyclical,VEV
2022Q3,2022,Q3,2022-09-30,2022-09-30,-7445000.0,1515000.0,-3667000.0,-0.19,-234000.0,-0.1544554455,58272000.0,35065000.0,17320000.0,15245000.0,23207000.0,9576000.0,-43814000.0,52907741.680136,60162741.680136,0.9153505527657501,1.1361102000655954,0.14363673805601318,0.23869955796378156,-0.08258350405576656,0.9153505527657501,-0.21231997718522744,34.92260176906667,-1.7766199355317662,1.5088476167156994,0.0,0.18264411027568922,0.0,0.025998764415156507,0.2732699245654313,-0.12776290499725426,-6.724420650754449,-0.15445544554455445,-0.8999999999999999,-5.8390212407510855,-0.9585772202960987,0.43858160037694616,-1.228515625,-0.9648983900765373,-0.6577757685352622,-1.952323725602614,-0.2101225075377318,0.6117086277958298,Auto Manufacturers,Consumer Cyclical,VEV
2022Q2,2022,Q2,2022-06-30,2022-06-30,-3789000.0,11742000.0,-2212000.0,-0.1,1024000.0,0.087208312,65762000.0,40739000.0,24924000.0,16674000.0,25023000.0,8206000.0,-36369000.0,65805762.338406414,65188762.338406414,1.0843626069802939,1.4947822957898524,0.13290350050180955,0.21453643928422397,-0.045724425555148565,1.0843626069802939,-0.09300670119541471,5.6043061095559885,-4.341895113381263,1.6153013657283295,0.0,1.3061174750182794,0.0,0.17855296371764848,0.7388748950461796,-0.05761686080107053,-146.5607179029096,0.08720831204224153,-0.017293997965412075,-11.120140445456183,-0.4093185481893614,0.5924047010033276,3.876190476190476,-0.09067357512953368,0.28367875647668395,-6.377789062554493,-0.16369309626682002,0.6935399493234626,Auto Manufacturers,Consumer Cyclical,VEV
2022Q1,2022,Q1,2022-03-31,2022-03-31,-3474000.0,3183000.0,-3088000.0,-0.0983,210000.0,0.0659754948,73268000.0,43435000.0,37462000.0,28799000.0,29833000.0,16422000.0,-32581000.0,106064930.512656,104351930.512656,1.2285497365639766,1.3008090558699954,0.12697221160670416,0.21418211120064465,-0.07045903097342092,1.2285497365639766,-0.0799815816737654,33.322315586759665,-7.632767020196892,2.4419231152908023,0.0,0.18103763244428206,0.0,0.043443249440410545,0.5686308552380291,-0.04741496970027843,-13.376835731196369,0.06597549481621112,0.18083333333333332,-1.4290218299374975,-0.4692364883613386,1.400865741330696,1.78521662314304,0.28456547920290964,0.20884348248183413,-3.627210131842817,-0.49684031763793746,0.9143895605242969,Auto Manufacturers,Consumer Cyclical,VEV
2021Q4,2021,Q4,2021-12-31,2021-12-31,-4855790.291094,3044856.051994,-3903146.7625229997,-0.12,-267442.1220979998,-0.0878340774,53993000.0,34245000.0,20806000.0,19401000.0,19748000.0,9416000.0,-29694000.0,140183040.9798,142924040.9798,1.0896552909136208,1.0724189474769341,0.13229492712018226,0.20858519491896627,-0.10373284535766696,1.0896552909136208,-0.1417955990975033,46.039299916328595,-7.217313381351619,4.093533099132721,0.0,0.35177338297493627,0.0,0.05639353345792973,0.3717334158033091,-0.08993370049995371,-5.986775093064983,-0.08783407738531962,0.04335209426170697,-1.378841453316857,-0.9193842865315636,-0.3580136942988877,0.5307696698767297,-0.2914316492910299,-0.05657487054339814,-0.3269377459095438,-0.7960339866358251,-0.4318743295317698,Auto Manufacturers,Consumer Cyclical,VEV
2021Q3,2021,Q3,2021-09-30,2021-09-30,-3760005.644712,2290028.458758,-3694150.666782,-0.125438,-569959.154234,-0.24888736734001907,30428135.755333,23678000.517432,18996025.181689,6164496.327017,6750135.237901,7157024.922973,-23828526.181274,185690049.94863182,181804606.25071782,0.7938655204119625,3.0815210479460498,0.0,0.0,-0.15696528071035598,0.7938655204119625,-0.158797430633716,81.0863503632357,-12.346394360456795,7.842302808124563,0.0,0.3996056523167691,0.0,0.07526022879520765,1.0709652804273289,-0.12357002988765098,-39.694262018107175,-0.24888736734001907,-10.83377358490566,-1.7517344454735697,0.2029832131671666,42.48681856683871,-1.3299297171378295,-11.015834533645213,-15.778345187789107,-11.723731853842773,-0.8273582532615187,0.18432904464042837,Auto Manufacturers,Consumer Cyclical,VEV
2021Q2,2021,Q2,2021-06-30,2021-06-30,-312920.890695,15403288.895341,-220173.719484,-0.0106,1727516.875953,0.1121524687156597,34170477.365658,27502359.004137,25561926.882969,5888235.626205,6668118.36152,10932875.242957,-20643907.317349,245014377.221628,237060847.909489,0.9312252947358658,4.341186138884833,0.008194208029455436,0.010180944840327387,-0.007924946886303446,0.9312252947358658,-0.011377965455542536,15.906627401874998,-195.7478587299245,8.908849498502006,0.0,1.250885216878148,0.0,0.45077769123651773,1.7486645664976863,-0.009157638839704699,41.475474289985755,0.1121524687156597,-1.2230029663602129,0.7481851560073811,16.53892165408106,29.53327985599975,-0.49627459520745637,-1.1939111002038647,-1.1253599839275623,-1.1670714380526286,-0.3525176136468315,0.41479449688234,Auto Manufacturers,Consumer Cyclical,VEV
2021Q1,2021,Q1,2021-03-31,2021-03-31,1613733.769578,21624190.954535,1756331.746271,0.047533,3429481.339469999,0.15859466588509627,37809061.309208,21722425.116257,31811231.967298,15352256.612981,16086636.192951,20598277.733326,-19971638.846858,219984844.12660798,223022973.241154,0.7581798760429481,2.0720883430518104,0.1163307212001803,0.20247994164842503,0.06723886934369858,0.7581798760429481,0.07428884026260431,10.173090155794847,34.080101729564596,10.127084934083717,0.0,0.8833121803007705,0.0,0.5719314419813077,0.5261365395530988,0.04268113816369708,133.56645930378156,0.15859466588509627,3.763546511627907,2.3923374930469383,3.44954204536691,0.48165600136700404,0.9511370900859384,3.7444944831444147,3.5022940149387862,3.099602403968072,0.02869856330310921,0.26905377644540046,Auto Manufacturers,Consumer Cyclical,VEV
2020Q4,2020,Q4,2020-12-31,2020-12-31,-587989.438306,4313591.585113,-701888.641297,-0.0172,1757683.4333660002,0.40747562644365537,36886351.516672,17539759.716428,32019511.277016,18927820.822485,19346591.800245,25576398.255905,-21367514.664826,139152962.8543793,144864402.9873823,0.6121919065874497,1.6916639045409252,0.18211582617569982,0.3829920414915494,-0.028935093748747885,0.6121919065874497,-0.03352323223420674,32.25918822139347,-59.164737403821206,7.933572928256624,0.0,0.09993229406947086,0.0,0.11694275545694267,0.22505800464037418,-0.01594056918424797,-18.30024806787331,0.40747562644365537,0.6162769944672497,0.6840291027391973,-0.8747251353299811,-0.6393182102932103,3.157863949447167,0.398767418745315,0.20261196532266826,0.6840291027391973,-0.8747251353299811,-0.6393182102932103,Auto Manufacturers,Consumer Cyclical,VEV
2020Q3,2020,Q3,2020-09-30,2020-09-30,-977973.34449,6664794.256514,-880234.729859,-0.044824,422737.12048699986,0.06342838266520041,24436185.901267,10392039.953383,20307085.225914,12797592.935692,14044145.947884,13396703.920631,-19930892.152761,58112259.113786995,62566813.26152799,0.41023678780236345,1.586789432040639,0.2216162308084754,0.5211157230983379,-0.05568464259253658,0.41023678780236345,-0.09410792769052363,8.719287779512406,-14.855276843995108,5.591997276229607,0.0,0.4659397694394213,0.0,0.27274282015379636,0.3796170842082895,-0.0400215217072519,-26.435822897246624,0.06342838266520041,-1.0407011154108812,0.7974160164799936,0.014967466482907756,2.080008508670573,0.16100420900017617,-0.6810403446152948,-0.5199274238004831,-1.9612581489474195,-0.72442897995239,-0.3552643924810619,Auto Manufacturers,Consumer Cyclical,VEV
2020Q2,2020,Q2,2020-06-30,2020-06-30,-581766.730122,6371298.872456,-579129.447943,-0.021965,364113.34016699996,0.05714899700296778,28324953.873188,10958392.15112,24090273.832186,16175796.602724,17366561.722068,16452386.879485,-18574915.068092,24732379.33272,26803332.62017,0.43395843411160306,1.4892789779595277,0.08450843300231603,0.21843509829508637,-0.04337369389512545,0.43395843411160306,-0.05308869422623653,3.881842592511469,-10.628134118091229,2.256935049563109,0.0,0.36512547244920124,0.0,0.22493589578223397,0.3539045095160237,-0.020539017741267783,99.66594434281745,0.05714899700296778,0.4808187770345333,0.536254271781554,2.389753619025864,5.151674783839544,4.59876766226005,0.523127692445924,0.4879545691849668,-3.3117876677807994,-0.5231559559009628,-0.36272475086194317,Auto Manufacturers,Consumer Cyclical,VEV
2020Q1,2020,Q1,2020-03-31,2020-03-31,-1219963.333803,2797900.860245,-1131011.846002,-0.042307,65034.550838999916,0.023244051196762247,23018615.851079,11070688.196305,18782403.046115,10853784.374559,11947927.654774,12398161.754336,-17328333.098294,19040805.20030766,21072989.659480657,0.4425622914197063,1.7304934756342207,0.17895894688437158,0.372098570423102,-0.07445728955674996,0.4425622914197063,-0.11019760580107207,6.80538952285834,-3.901921613691379,1.7199296794089822,0.0,0.22042512136528924,0.0,0.12154948318119,0.4179940968647017,-0.05299898750192723,7.81503626699271,0.023244051196762247,0.798873306394105,-0.06131879990304915,-0.5116200957959567,14.552334564402958,-0.8860805072965031,0.11566490820619599,-0.016993392723264413,-0.20557782883063516,-0.34060809289376837,-0.13513257766340875,Auto Manufacturers,Consumer Cyclical,VEV
2019Q4,2019,Q4,2019-12-31,2019-12-31,-1379526.092681,4352089.23974,-1112113.268478,-0.21035,570881.6752570001,0.1311741657418554,28251786.384132,12753495.831643,23594225.542958,14247630.275517,15498290.552489,14777314.031555,-17488643.236084,11892256.64514888,17464555.63387188,1.5295044278880432,1.6560105144995307,0.21775654710143783,0.4823784422457801,-0.05882483086890631,1.5295044278880432,-0.10816846697500972,2.7325397045073783,-2.15513441685565,0.9324703439854287,0.0,0.25587921840252775,0.0,0.1540465151677775,0.5349939380758115,-0.04882969430406813,-5.828922651407878,0.1311741657418554,-2.0940193569264256,-2.4513575338231526,10.052025006036,417.3889256768554,19.174526519049888,0.1349819265394999,0.26341492046268167,-1.5472116202445294,-0.5657095686244521,-0.09887016068168933,Auto Manufacturers,Consumer Cyclical,VEV
2019Q3,2019,Q3,2019-09-30,2019-09-30,-1594794.530896,1212989.122224,-1509823.236138,-0.067986,-31411.089288000017,-0.025895606739166948,24230422.269225,13759141.108929,19142338.721861,8531991.992748,10471281.160296,13780386.765372,-15928068.439341,36039207.03850687,39666069.10226187,0.5679379864197799,2.243595486040254,0.16591917136900922,0.29219059191289415,-0.08491965194524449,0.5679379864197799,-0.11590800023564389,29.71107191169979,-5.649506306348292,2.619291913149958,0.0,0.09030227037161156,0.0,0.05006058535614604,0.4862660209687727,-0.06581785959717032,-7.919428159766101,-0.025895606739166948,-1.9750568877997552,0.7671304374723816,-0.6923933052086438,0.4420593956079059,-1.0176077082649169,-3.8184408079905356,-14.175915291548316,-0.4369128862640455,-0.2155174773680401,30.680014554084753,Auto Manufacturers,Consumer Cyclical,VEV
2019Q2,2019,Q2,2019-06-30,2019-06-30,-330977.300427,9048492.53504,-99488.117002,-0.022852,1783939.6709330007,0.19715324558480332,27150293.266301,15502964.655698,22085398.385131,9613885.588056,11647328.610603,9703617.458867,-14453372.943327,34245127.10229975,33685101.20345775,0.6402934914015322,2.2972395690426386,0.1034043661704982,0.18109174141173956,-0.005433414299846454,0.6402934914015322,-0.021349290782608586,3.7846223522522213,-25.86667352875822,2.2089405389770533,0.0,0.7486437810333069,0.0,0.3332742098322381,1.1386195935713728,-0.012190560786236874,5.215539207581494,0.19715324558480332,-0.017045707419110837,0.8317113805719011,12.231146217013386,3.318623909057911,0.7774380177872592,0.35049839575269637,0.7874384191864184,0.6751188662875786,11.567392317976777,19.994125131108493,Auto Manufacturers,Consumer Cyclical,VEV
2019Q1,2019,Q1,2019-03-31,2019-03-31,-509586.57879,4293764.230078,-468043.738766,-0.022469,1003657.8789699995,0.23374778520425823,29337238.615938,15399864.439784,24233630.167765,11926639.454763,13937374.176153,13668263.181546,-13885471.090473,51281177.13456894,57149948.10521094,0.6417448997306022,2.0318908993335167,0.206373242545971,0.3931476854351401,-0.021815862325475967,0.6417448997306022,-0.03309032886507328,11.943174889609011,-25.158225936961855,3.3299758796635364,0.0,0.24071136964571238,0.0,0.14635884059467452,0.8106400416114633,-0.017369957188580032,-15.880649607028698,0.23374778520425823,0.8429510030055217,0.5971978251305922,87.6935863873655,16.98534408153174,-0.13778845951891758,0.4528783749399688,0.29330587545537923,0.47505694344377575,0.05486097206162037,0.25411556291247583,Auto Manufacturers,Consumer Cyclical,VEV
2018Q4,2018,Q4,2018-12-31,2018-12-31,-931395.425531,3799563.304876,-662300.311422,-0.14307,1164050.6208140003,0.3063643180573325,29695310.675976,15341841.222293,25012443.191413,12588440.783243,14353469.453683,11794027.29749,-13112399.13952,17324901.143508002,19455594.300047003,1.9179828470267208,1.986937351662178,0.13930965667130651,0.26964452799881766,-0.03400128497759155,1.9179828470267208,-0.06070949451475245,4.559708512100552,-4.650253981446941,1.1292582743154354,0.0,0.22346164016619569,0.0,0.1279516266502613,0.9562807501810229,-0.031365067558781747,-3.529046139121118,0.3063643180573325,-13.43984658861526,-0.5535824948980039,1.8279898352213877,23.011054096726408,-0.22088882768113033,-2.9055309741031747,-16.385534557066073,-0.7927302623276348,-0.6047590863851438,0.13000756535434954,Auto Manufacturers,Consumer Cyclical,VEV
2018Q3,2018,Q3,2018-09-30,2018-09-30,-238481.126307,10704714.359796,-38094.906386,-0.009908,1494075.1232580002,0.13957169458620405,29714203.450438,16134394.470631,24873099.279417,11422311.746813,13579808.979807,8771722.35509,-12929383.673501,91988638.714896,89865218.61752799,0.6703082424639736,2.1775889006318687,0.0554240405210904,0.10207270059541268,-0.0021424169478712544,0.6703082424639736,-0.014780915809459148,8.59328288668592,-96.43178072347513,5.701400128919645,0.0,1.0500377079529095,0.0,0.3602558075517992,1.2221477528301559,-0.008025829354799167,42.325069120623624,0.13957169458620405,-1.1447881807952536,0.8552729975144784,-0.7139676518272211,2.42770192564072,-0.5953451482258716,-1.1574984947244358,-1.021303634785264,0.9480099546045924,0.7156494346339386,4.032593740022362,Auto Manufacturers,Consumer Cyclical,VEV
2018Q2,2018,Q2,2018-06-30,2018-06-30,1514180.352798,19232279.501217,1788188.108273,0.068431,3692220.954988001,0.1919804126574991,35429075.425791,15715269.920925,30617130.474453,17564202.402676,19713805.504866,9859812.195864,-12467132.755474,124566659.21742336,124501788.47533137,0.6582053413325584,1.7431551841937505,0.1495064417104173,0.33705275357359094,0.08510259733132852,0.6582053413325584,0.09635089695671453,6.476957617506594,20.566681338065354,7.926472777382075,0.0,1.5761008665811864,0.0,0.5428388765464831,1.009260689807652,0.0427383535867192,17.55237968570046,0.1919804126574991,1.9458028411536807,1.6639986067242636,0.0,5.066981707930564,0.5783571121609584,3.6534644650790136,0.7718703976774917,2.27657668820121,9.822041099919145,8.330536942214799,Auto Manufacturers,Consumer Cyclical,VEV
2018Q1,2018,Q1,2018-03-31,2018-03-31,325387.75447,17376519.463222,1009209.313851,0.02323,2339281.0958560016,0.1346231102728697,43482772.318628,14149442.857032,39790497.208478,27168479.413974,29333329.461596,16166278.71861,-14238873.014767,124251043.07989588,131439600.54808888,0.5974371536615241,1.4645831517538634,0.25310449798604884,0.7778175699178422,0.040119426512398304,0.5974371536615241,0.02299650648847199,7.150513849616287,95.46382844237579,8.781338200757885,0.0,0.9301607765834018,0.0,0.3996184819103153,0.7580135477625414,0.007483141877101613,-47.05615438822447,0.1346231102728697,1.3024739583333333,1.1557141517371092,36.82611557648472,1.736059804754676,11.886224346899052,1.6345844408545684,3.0312542687216704,1.2989877422400011,2.203622641470817,19.99488066446438,Auto Manufacturers,Consumer Cyclical,VEV
2017Q4,2017,Q4,2017-12-31,2017-12-31,-512757.221138,9487776.039181,-496840.464235,-0.0768,-214884.52022599988,-0.022648565832351693,37345598.409543,13399505.367793,33681553.081511,21843577.733598,23946093.04175,15426194.035785,-14957003.578529,47556876.51632289,52805239.14057689,1.6973185895665015,1.5419430595247587,0.2304660205710524,0.6423290423823771,-0.022577092848026635,1.6973185895665015,-0.03826687680356182,5.01243666797473,-23.186838993108864,3.5491516448532807,0.0,0.6289730660005441,0.0,0.25405339432870266,0.6500923118683162,-0.013730057703586672,-12.814074477016591,-0.022648565832351693,-2.587892321051979,0.2639956189345751,91.20159701368831,7.9663311653740925,-1.0735934253019148,-1.5846405897212554,-1.3755467503528023,-0.35495516210460226,24.448465376108835,463.2937204180915,Auto Manufacturers,Consumer Cyclical,VEV
2017Q3,2017,Q3,2017-09-30,2017-09-30,877046.90737,20849183.010487,1322979.0,0.048366,2919887.467453003,0.1400480520500165,30669794.362087,13894886.056766,26921104.689125,14597282.613077,16774908.305321,6140626.18397,-14644319.766551,177855878.18917874,179357652.43083376,0.6362868484665063,1.8442545371429395,0.10900130891430321,0.24059554831485147,0.07674811937416674,0.6362868484665063,0.06312012230880651,8.530592210722041,50.69736769339824,12.800096198167333,0.0,2.9197829351407387,0.0,0.6797953310133726,1.133541914629828,0.028596439122336496,193.84380791497063,0.1400480520500165,3.8531005418422644,1.5866707593792704,-0.38594796092678746,2.355239129204532,0.9715897340334625,4.1407588012104775,25.045969996456275,1.1420754942407068,4.86565185830634,0.6156049605293893,Auto Manufacturers,Consumer Cyclical,VEV
2017Q2,2017,Q2,2017-06-30,2017-06-30,170606.507966,9058291.043858,50794.0,0.009966,1480981.2696069991,0.1634945556989122,29778472.350372,11657742.049579,27575079.965553,17339399.181891,18120730.300794,12113737.159377,-14804946.330811,147936852.84611338,151490346.7256724,0.6809591847456044,1.5903134633610594,0.2154066404001704,0.5502335407631229,0.002810611663286381,0.6809591847456044,0.014634609964814,16.33165153667947,216.78078786360774,12.690009112995932,0.0,0.6255138009483355,0.0,0.3041892457503731,0.48575253817707204,0.005729189394225884,-31.237290683605508,0.1634945556989122,1.2215060455192033,1.1043403377344185,0.0,5.2075753177585025,1.0737332962929431,1.2097195751483936,1.052483170853934,1.1226858404249207,17.733107145437792,3.5929041226045366,Auto Manufacturers,Consumer Cyclical,VEV
2017Q1,2017,Q1,2017-03-31,2017-03-31,-813498.252823,3411094.947435,-967815.0,-0.044992,714161.8800519998,0.20936440968581643,20215032.468993,10290350.785105,18119201.697686,8289488.444638,9924681.683888,7130880.037193,-14604751.121043,191351821.25565675,191290555.33985177,0.5117111362849656,2.185804566674592,0.1833169172772345,0.36011964142553643,-0.06914886515512975,0.5117111362849656,-0.07905447246759716,56.096890940999835,-58.80523424347504,18.595267085805595,0.0,0.3782048012750781,0.0,0.16874051291617448,0.8846284872962671,-0.04024224319554229,-25.964818353193795,0.20936440968581643,0.0,0.40520234768496544,0.0,0.0,0.0,0.0,0.0,0.2326745351926271,83.08083030508062,13.341058043936364,Auto Manufacturers,Consumer Cyclical,VEV
2016Q3,2016,Q3,2016-08-31,2016-08-31,-758507.948391,1056718.892038,-593794.831445,-0.045834,199409.50445800007,0.1887062926199953,7640310.296623,-316820.338103,7565784.870175,5649246.411575,7957130.634725,4826304.934037,-12623947.535273,25226418.77041536,29604445.919460356,-0.01913536751758825,1.3392555960513808,0.6046559480232006,-14.581636688027558,-0.13799751031801463,-0.01913536751758825,2.394126440659264,23.872402547628727,-8.314487285178553,-79.62373539988494,0.0,0.177632660865234,0.0,0.1383083737456406,0.16952306876591017,-0.09927711296310293,-9.405238630475125,0.1887062926199953,0.003673673456079005,0.33079749949515924,-0.958951111144561,0.9592432267395669,15.347067270541524,-0.08879431128904731,0.26642729012447863,0.33079749949515924,-0.958951111144561,0.9592432267395669,Auto Manufacturers,Consumer Cyclical,VEV
2016Q2,2016,Q2,2016-05-31,2016-05-31,-696649.441062,492347.384724,-809456.0,-0.046003,12198.488032000023,0.024776181229922138,6105343.259779,504960.667352,6024692.162606,5534090.595433,5600382.592428,1417900.571972,-11909199.086072,35909925.370958105,37475294.239128105,0.030498698440773016,1.0886508015567848,0.7316958340214117,8.846737017909057,-0.1627958599865131,0.030498698440773016,-1.3796112966881375,72.93615541613669,-12.886655487807321,71.11430195002865,0.0,0.3386336857345465,0.0,0.08064204808393065,0.6742258440241635,-0.11410487689552401,-26.106443932462753,0.024776181229922138,0.30734020929007,0.5594572570407474,0.0,1.1884482560156622,-0.9276624257511962,0.08433347196106931,0.09434637791584292,0.5594572570407474,0.0,1.1884482560156622,Auto Manufacturers,Consumer Cyclical,VEV
2016Q1,2016,Q1,2016-02-29,2016-02-29,-760811.299452,3791844.942477,-893781.0,-0.066415,168632.8047170001,0.044472494860731765,3523101.445639,471145.515862,3438348.178377,2964718.731321,3051955.929777,1121240.342112,-10791801.403576,30483657.66736182,31373272.532575816,0.028456325292324107,1.1597552719090365,0.4759774956590415,3.559233711436138,-0.4160870515321569,0.028456325292324107,-1.6148117170552547,8.039267989541933,-10.016826014978584,64.70115206676525,0.0,3.2314321931506806,0.0,1.0762803742624723,0.6046120492244158,-0.21594930239484159,-54.514801566592155,0.044472494860731765,-0.48006596394268264,0.32435488532095846,0.0,0.0,26.79250702776252,0.011258546631517744,0.0590124790357884,0.32435488532095846,0.0,0.0,Auto Manufacturers,Consumer Cyclical,VEV
2015Q4,2015,Q4,2015-11-30,2015-11-30,-769474.463582,758071.512441,-949833.0,-0.044873,6067.563625999959,0.00800394623254253,4309762.098855,58681.783847,4216643.357689,4203173.261736,4251080.315008,3360295.712395,-10166025.233526,29431695.81261105,30880815.92987905,0.0036557000771797743,1.0032047443952945,0.39205650340674364,28.793778038470133,-0.5432733092230367,0.0036557000771797743,-13.11266313219512,38.824431903318214,-9.562271785993657,501.54739483291445,0.0,0.22379100328614251,0.0,0.17589637085592297,0.07735015626948485,-0.17854221322017538,-27.960909839386265,0.00800394623254253,0.8442558656115507,-0.15715489565875906,0.0,0.0,1.0211810068445653,0.24538155518761767,0.040714912748665455,-0.15715489565875906,0.0,0.0,Auto Manufacturers,Consumer Cyclical,VEV
2015Q3,2015,Q3,2015-08-31,2015-08-31,-1019686.79519,1387009.735929,-990146.738048,-0.28812,-286462.474165,-0.2065324177217339,2956738.836572,712678.694145,2855416.518778,1552445.646018,2244060.142427,1505748.419789,-9488232.051292,9701325.77441796,10134845.13342196,0.13319339431936644,1.8393020883546556,0.324860214482325,1.3477697881362136,-0.5917663634541459,0.13319339431936644,-1.4307805236317852,6.994417936021296,-2.3785062776581056,13.61248182963661,0.0,1.1113889864340705,0.0,0.46910119986690435,0.5143479235869761,-0.3448687393615765,-13.238570201509514,-0.2065324177217339,-4.967812092214006,-1.783744491561947,-0.8332804229123834,1.283691074502345,-5.47775288044654,-0.346154677863041,-0.08696129349862945,-1.783744491561947,-0.8332804229123834,1.283691074502345,Auto Manufacturers,Consumer Cyclical,VEV
2015Q2,2015,Q2,2015-05-31,2015-05-31,-757481.151281,1134913.380378,-910931.0,-0.048279,63974.60552500002,0.05636959316110302,3445257.847263,1075613.740053,3326070.373917,2285756.242004,2369644.10721,1926725.351829,-8869210.40562,26168834.80984479,26443803.227678787,0.0705431365213929,1.4551290784186686,0.3116652326675716,0.9982831648413965,-0.42381088910375136,0.0705431365213929,-0.7042315685216849,23.05800183722291,-8.63679405275955,24.329212091094472,0.0,0.5558336448089917,0.0,0.32941319073682795,0.3585393114059648,-0.21986196240225162,-29.351503194915704,0.05636959316110302,-0.006756334063184336,0.4798599936366644,0.0,1.4358786351865813,1.9815459262646096,-0.09949046560085645,0.004364296925209088,0.4798599936366644,0.0,1.4358786351865813,Auto Manufacturers,Consumer Cyclical,VEV
2015Q1,2015,Q1,2015-02-28,2015-02-28,-688938.353701,26363.323929,-914924.0,-0.047955,-65177.393959,-2.47227527661275,2358319.812655,466285.956345,2230829.543547,1809690.130038,1892033.85631,1637257.127329,-8057399.873718,22400635.8701418,23088008.489369802,0.035681546976328256,1.2327135494186272,0.29146709260528786,1.474143945093256,-0.793063059879371,0.035681546976328256,-1.4775018297811693,849.6893612683191,-8.128679347653106,48.040554439447476,0.0,0.05591102115850204,0.0,0.011178858688940975,0.006741806265332182,-0.2921310120892349,-37.11789136224697,-2.47227527661275,0.3896758428467795,0.22484306908236024,0.0,0.0,-1.3282569630603076,0.2946603314577987,0.1822310411555186,0.22484306908236024,0.0,0.0,Auto Manufacturers,Consumer Cyclical,VEV
2014Q4,2014,Q4,2014-11-30,2014-11-30,-976746.926945,2188961.447129,-1118805.0,-0.078573,198556.0134089999,0.09070786224646495,2187193.567537,1040994.726917,2037995.006286,1069538.343344,1146198.84062,1141389.335103,-8048608.395027,20233523.954485048,20507603.78407005,0.0798791606274467,1.9054903631729931,0.18759437496290965,0.3941472512931511,-0.7708985381775927,0.0798791606274467,-0.9382823002742043,9.243435502723427,-5.178804098665054,19.4367208894597,0.0,1.7438444293334703,0.0,1.0008082867553378,0.13724275401390493,-0.44657543870015826,-52.069493304758794,0.09070786224646495,0.7454795763013832,-0.8092436269315848,0.0,0.0,3.1367678148258453,0.2045971646834771,0.23528591553050265,-0.8092436269315848,0.0,0.0,Auto Manufacturers,Consumer Cyclical,VEV
2014Q3,2014,Q3,2014-08-31,2014-08-31,-1227990.250445,707072.63795,-1463037.0,-0.30871,-92923.53246400005,-0.13142006560091363,4220762.594956,1710846.653301,4068865.304321,2446409.586698,2509915.941656,2937276.288925,-7449733.294094,6489300.194855999,6672894.102925999,0.3938381374231561,1.66319872454918,0.10345003403503478,0.2552175165784303,-0.6812793630530062,0.3938381374231561,-0.7177675731928687,9.177699498696885,-1.3211220920736957,3.793034391676889,0.0,0.2723598639427913,0.0,0.16752248486919954,0.2891613369377819,-0.29094037459308963,-14.647688741003265,-0.13142006560091363,-2.7219536308066985,-3.1292888862686072,-0.895313930334332,1.838843134500192,-3.688427319166772,-0.25729049064563536,-0.395712038403529,-3.1292888862686072,-0.895313930334332,1.838843134500192,Auto Manufacturers,Consumer Cyclical,VEV
2014Q2,2014,Q2,2014-05-31,2014-05-31,-976695.727504,339621.041767,-1048237.0,-0.082943,34564.27175899997,0.10177305734405317,2683449.146607,1782728.462418,2572884.026984,880548.89962,900720.684189,1329397.832418,-6229345.301729,17865783.5674872,17968682.892882198,0.14826331370476054,2.92190930917559,0.25012561144327117,0.376501173746685,-0.4271670059052938,0.14826331370476054,-0.547865672251208,52.605054959298364,-4.5730167196349365,10.021595517275234,0.0,0.22946988671791485,0.0,0.12656138544545284,0.9711386904396027,-0.3639702763657553,-14.06619385992675,0.10177305734405317,-0.02541817597388953,0.149532355379911,0.0,1.916103451202129,-0.5909781162921449,0.026197690462901532,0.04833769110651124,0.149532355379911,0.0,1.916103451202129,Auto Manufacturers,Consumer Cyclical,VEV
2014Q1,2014,Q1,2014-02-28,2014-02-28,-1002971.258066,220488.738698,-1101480.0,-0.080887,84504.70044700001,0.38326084563776647,3426802.437402,2482156.274154,3345318.426114,915077.382129,944646.163248,1429341.398091,-5122449.804972,17334921.1901355,16207797.900002502,0.21835675982787672,3.6557765402646623,0.10961019873260253,0.15132507976719595,-0.3854335632168308,0.21835675982787672,-0.40407256727131147,78.62043790761973,-4.320891812882535,6.983815390932148,0.0,0.09513754966631315,0.0,0.06434241329218897,1.6759971321100757,-0.2926842957501786,-5.81316340891221,0.38326084563776647,0.04581755553196257,-0.29731052148955706,0.0,0.0,3.104723903949791,-0.7321141994646928,-0.9489943431247821,-0.29731052148955706,0.0,0.0,Auto Manufacturers,Consumer Cyclical,VEV
2013Q4,2013,Q4,2013-11-30,2013-11-30,-579044.533193,85527.654284,-565153.0,-0.084771,20587.182579,0.24070790613102697,1790325.710195,-1598693.579986,1516406.073393,3344856.265541,3389019.290182,351784.90694,-4317288.636877,9522134.1670005,10110469.6353155,-0.24364598082889954,0.4533546296189607,0.7438694033366394,-0.8330355075502727,2.1172721490297906,-0.24364598082889954,0.3621985729110583,111.33398018121308,-4.11114069003165,-5.956197163864189,0.0,0.18460277977780373,0.0,0.04777211978634013,0.23172579605498725,-0.3234297144344373,10.54793714974138,0.24070790613102697,-0.00594517621929514,-1.1302767205784812,0.0,0.0,-0.9599138398607913,-2.8672415805056466,-3.718731213679781,-1.1302767205784812,0.0,0.0,Auto Manufacturers,Consumer Cyclical,VEV
2013Q3,2013,Q3,2013-08-31,2013-08-31,-149730.633874,3400682.982356,-119768.0,-0.08427,513573.32574400026,0.1510206415618887,2596739.707835,-1026883.892999,2352601.97306,3565903.054449,3623623.600835,60079.681275,-3764768.544868,3160248.1568451,3210835.3319541,-0.4695015327958983,0.6597492800946385,0.019481034220089948,-0.04926279928421203,0.12267581955908444,-0.4695015327958983,0.14581067528161706,0.9292980772514331,-5.276555763973597,-3.0775126364243963,0.0,48.05467664512007,0.0,1.3095971737541912,0.5353515066471651,-0.05766100985101663,-2.5870183054704183,0.1510206415618887,0.034940048785515494,0.0,0.0,0.0,0.0,0.7425601631453558,0.7765593255437794,0.0,0.0,0.0,Auto Manufacturers,Consumer Cyclical,VEV
2013Q2,2013,Q2,2013-05-31,2013-05-31,-581614.080025,0.0,-536017.0,-0.087321,0.0,0.0,4051995.769783,-985539.64373,3781253.153258,4049105.444949,5037535.413513,2939473.939535,-3671846.741957,8600900.346493201,8732209.773279201,-0.16184123475378953,0.9338490203990294,0.2281305199732487,-0.9379469489339443,8.764786165170975,-0.16184123475378953,0.5901478278679371,0.0,-3.696996273767779,-8.727097282399647,0.0,0.0,0.0,0.0,0.2078926383043607,-0.14353768193991667,-26.357796367889758,0.0,0.006722631722631815,0.0,0.0,0.0,0.0,-1.0008515641682987,-1.0672251082751945,0.0,0.0,0.0,Auto Manufacturers,Consumer Cyclical,VEV
2013Q1,2013,Q1,2013-02-28,2013-02-28,-290683.272283,0.0,-259293.0,-0.087912,0.0,0.0,,,,,,,,6016506.202430639,,,0.0,0.0,0.0,0.0,,0.0,0.0,-5.174451693743457,0.0,0.0,0.0,0.0,0.0,0.0,0.0,-10.54352891185894,0.0,-1.9108969901658888,0.0,0.0,0.0,0.0,-0.06940964383417263,0.036031748982285255,0.0,0.0,0.0,Auto Manufacturers,Consumer Cyclical,VEV
2012Q4,2012,Q4,2012-11-30,2012-11-30,-271816.580259,0.0,-268985.0,-0.030201,0.0,0.0,,,,,,,,8932904.324829,,,0.0,0.0,0.0,0.0,,0.0,0.0,-8.215930312563435,0.0,0.0,0.0,0.0,0.0,0.0,0.0,-11.384047210491136,0.0,0.0,0.0,0.0,0.0,0.0,0.0,0.0,0.0,0.0,0.0,Auto Manufacturers,Consumer Cyclical,VEV
