Quarters,Year,Quarter,FillingDate,Date,NetIncome,Revenue,OperatingIncome,EPSDiluted,GrossProfit,GrossProfitRatio,TotalAssets,CommonStockEquity,CurrentAssets,CurrentLiability,TotalLiability,Inventory,RetainedEarnings,MarketCap,EnterpriseValue,bookValuePerShare,currentRatio,debtToAssets,debtToEquity,roic,shareholdersEquityPerShare,roe,priceToSalesRatio,peRatio,pbRatio,payoutRatio,inventoryTurnover,dividendYield,assetTurnover,quickRatio,returnOnAssets,priceToFreeCashFlowsRatio,grossProfitMargin,epsdilutedGrowth,fiveYNetIncomeGrowthPerShare,fiveYRevenueGrowthPerShare,fiveYShareholdersEquityGrowthPerShare,grossProfitGrowth,netIncomeGrowth,operatingIncomeGrowth,threeYNetIncomeGrowthPerShare,threeYRevenueGrowthPerShare,threeYShareholdersEquityGrowthPerShare,Industry,Sector,Symbol
2023Q1,2023,Q1,2023-04-28,2023-03-31,179000000.0,1032000000.0,413000000.0,1.48,667000000.0,0.6463178295,22443000000.0,3081000000.0,2330000000.0,0.0,18206000000.0,0.0,2188000000.0,4470592619.5199995,22132592619.52,25.554437570799312,0.0,0.8112106224658022,5.90912041544953,0.014778173473171619,25.554437570799312,0.05809802012333658,4.331969592558139,6.243844440670391,1.4510199998442064,0.6871508379888268,0.0,0.0275131309131017,0.0459831573319075,0.0,0.007975760816290157,7.954791137935942,0.6463178294573644,0.0,0.6247055312000195,0.45370482248483873,0.025324673116268317,-0.37134778510838834,-0.005555555555555556,0.04556962025316456,5.231392152105735,0.15891092106201454,0.1245770061218373,Credit Services,Financial Services,OMF
2022Q4,2022,Q4,2023-02-10,2022-12-31,180000000.0,1061000000.0,395000000.0,1.48,1061000000.0,1.0,22533000000.0,3029000000.0,1011000000.0,0.0,19504000000.0,0.0,2125000000.0,4031913183.7500005,21814913183.75,25.024345863062138,0.0,0.8112989837127769,6.035325189831628,0.014018746869935211,25.024345863062138,0.05942555298778475,3.800106676484449,5.599879421875,1.331103725239353,0.6444444444444445,0.0,0.028770460749879233,0.047086495362357435,0.0,0.007988283850352816,6.072158409262049,1.0,-0.026315789473684233,4.158089142678475,0.4840534740292909,0.03269308608526699,0.5157142857142857,-0.0425531914893617,-0.1649048625792812,-0.22454380070660065,0.16617848465584573,-0.2134313163726155,Credit Services,Financial Services,OMF
2022Q3,2022,Q3,2022-10-28,2022-09-30,188000000.0,1063000000.0,473000000.0,1.52,700000000.0,0.6585136406,22341000000.0,3012000000.0,2283000000.0,0.0,19329000000.0,0.0,2063000000.0,3641366449.44,21307366449.44,24.41782260438907,0.0,0.8147352401414439,6.0431606905710495,0.016767040633543884,24.41782260438907,0.06241699867197875,3.425556396462841,4.84224261893617,1.2089530044621515,0.6276595744680851,0.0,0.03240541748226055,0.047580681258672396,0.0,0.008415021708965579,6.681406329247706,0.658513640639699,-0.09523809523809519,1.9875089504552805,0.5458322915305849,0.0224754794730584,0.018922852983988356,-0.10047846889952153,-0.052104208416833664,-0.16362227877218016,0.19797253157239697,-0.18828528945853304,Credit Services,Financial Services,OMF
2022Q2,2022,Q2,2022-07-29,2022-06-30,209000000.0,1043000000.0,499000000.0,1.68,687000000.0,0.6586768936,22195000000.0,3033000000.0,2299000000.0,0.0,19162000000.0,0.0,1994000000.0,4655288416.38,22051288416.38,24.35370912811465,0.0,0.8074791619734174,5.909000989119684,0.017774653168353954,24.35370912811465,0.06890867128255852,4.46336377409396,5.568526813851675,1.534879134975272,0.5741626794258373,0.0,0.025777135435426625,0.04699256589321919,0.0,0.009416535255688217,7.436562965463259,0.6586768935762224,-0.288135593220339,4.404129176525426,0.5797700593706684,0.044334071538030054,-0.33430232558139533,-0.30564784053156147,-0.1886178861788618,0.17723079476248307,0.22551439766337567,-0.19964209682861594,Credit Services,Financial Services,OMF
2022Q1,2022,Q1,2022-04-29,2022-03-31,301000000.0,1032000000.0,615000000.0,2.36,1032000000.0,1.0,21808000000.0,3089000000.0,2418000000.0,0.0,18719000000.0,0.0,1905000000.0,6024659600.74,22944659600.739998,24.30834266254841,0.0,0.8052090975788702,5.684687601165425,0.022638487152507204,24.30834266254841,0.09744253803820006,5.837848450329457,5.003870100282391,1.9503592103399157,0.4186046511627907,0.0,0.02091404466810434,0.04732208363903155,0.0,0.013802274394717534,10.914238407137681,1.0,0.16831683168316824,8.705689362771267,0.5732513252793372,0.058595723939861885,0.09787234042553192,0.1444866920152091,0.044142614601018676,1.12061832613015,0.2431328384577836,-0.16254705291960375,Credit Services,Financial Services,OMF
2021Q4,2021,Q4,2022-02-11,2021-12-31,263000000.0,940000000.0,589000000.0,2.02,940000000.0,1.0,22079000000.0,3093000000.0,40957000000.0,0.0,18986000000.0,0.0,1727000000.0,6395594385.599999,23604594385.6,24.200052515600543,0.0,0.8039313374699941,5.738764953119948,0.020935457778576656,24.200052515600543,0.08503071451665051,6.8038238144680845,6.079462343726235,2.0677641078564504,0.33840304182509506,0.0,0.013915829340332768,0.042574391956157434,0.0,0.011911771366456814,10.519069713157894,1.0,-0.0691244239631336,9.270501422619175,0.3861858922389567,0.06367127789933225,-0.08914728682170543,-0.08680555555555555,0.0,0.6637414604026963,0.13137485596886597,-0.13473328220225,Credit Services,Financial Services,OMF
2021Q3,2021,Q3,2021-10-21,2021-09-30,288000000.0,1032000000.0,0.0,2.17,1032000000.0,1.0,21963000000.0,3121000000.0,0.0,0.0,18842000000.0,0.0,1554000000.0,7273305943.309999,24113305943.309998,23.742288767439504,0.0,0.8041251195191914,5.658763216917655,0.0,23.742288767439504,0.09227811598846523,7.047777076850775,6.313633631345486,2.330440866167895,1.9340277777777777,0.0,0.0765814066315098,0.04698811637754405,0.0,0.013112962710012293,14.289402639115913,1.0,-0.16538461538461544,10.807186199116465,0.4834882145921227,0.05016563524346853,0.04137235116044399,-0.17714285714285713,0.0,1.0101737112657356,0.25419073514658247,-0.11428254862700951,Credit Services,Financial Services,OMF
2021Q2,2021,Q2,2021-07-23,2021-06-30,350000000.0,991000000.0,0.0,2.6,991000000.0,1.0,22377000000.0,3537000000.0,0.0,0.0,18840000000.0,0.0,1825000000.0,8020993016.129999,23838993016.129997,26.418383555985084,0.0,0.7867453188541806,4.977381962114786,0.0,26.418383555985084,0.09895391574780887,8.093837554117053,5.729280725807142,2.267739048948261,0.26857142857142857,0.0,0.011719247206794538,0.04428654421951111,0.0,0.015641060016981723,13.973855428797908,1.0,-0.1503267973856209,12.546441927075199,0.41453950432834663,0.17857889545665961,0.029075804776739357,-0.15254237288135594,0.0,49.70834132190048,0.20797995793277332,0.028119250533459313,Credit Services,Financial Services,OMF
2021Q1,2021,Q1,2021-04-27,2021-03-31,413000000.0,963000000.0,0.0,3.06,963000000.0,1.0,21285000000.0,3308000000.0,0.0,0.0,17977000000.0,0.0,1570000000.0,7224109597.12,22712109597.12,24.598984499189363,0.0,0.7887714352830631,5.075272067714631,0.0,24.598984499189363,0.12484885126964934,7.501671440415368,4.372947698014528,2.183829987037485,1.2929782082324455,0.0,0.07391914433481009,0.045243128964059194,0.0,0.01940333568240545,12.993002872517986,1.0,0.14606741573033713,1.7037155346498853,0.31770314227424096,0.13161007129885485,-0.02332657200811359,0.15041782729805014,0.0,2.360846899138677,0.21618563737343513,-0.013011119076858894,Credit Services,Financial Services,OMF
2020Q4,2020,Q4,2021-02-09,2020-12-31,359000000.0,986000000.0,0.0,2.67,986000000.0,1.0,22471000000.0,3441000000.0,0.0,0.0,19030000000.0,0.0,1691000000.0,6469897427.839999,21997897427.84,25.613784738983995,0.0,0.7921320813492947,5.172914850334205,0.0,25.613784738983995,0.1043301365882011,6.561762097200811,4.505499601559888,1.8802375553153152,0.16991643454038996,0.0,0.009428279301232304,0.043878777090472165,0.0,0.015976147033954877,11.097594215849055,1.0,0.4354838709677418,2.640783179170754,0.7253680338306565,0.2519729441269953,0.013360739979445015,0.436,0.0,8.269075274457622,0.2426153186050581,0.057017775935916615,Credit Services,Financial Services,OMF
2020Q3,2020,Q3,2020-10-29,2020-09-30,250000000.0,973000000.0,0.0,1.86,973000000.0,1.0,21857000000.0,3123000000.0,0.0,0.0,18734000000.0,0.0,1392000000.0,4197594156.25,19784594156.25,23.249925163605436,0.0,0.8020771377590703,5.613512648094781,0.0,23.249925163605436,0.08005123278898495,4.314074158530318,4.19759415625,1.3440903478226065,1.256,0.0,0.07480475441687717,0.04451663082765247,0.0,0.011437983254792516,9.876692132352941,1.0,1.8181818181818183,23.749226252364988,2.1621424490787335,0.04794390807575521,0.019916142557651992,1.8089887640449438,0.0,2.6482868924415754,0.299390117229974,-0.0264292289887828,Credit Services,Financial Services,OMF
2020Q2,2020,Q2,2020-07-30,2020-06-30,89000000.0,954000000.0,0.0,0.66,954000000.0,1.0,22508000000.0,3171000000.0,0.0,0.0,19337000000.0,0.0,1457000000.0,3296192456.3399997,18566192456.34,23.607947967457303,0.0,0.8001599431313311,5.679596341847997,0.0,23.607947967457303,0.028066855881425417,3.455128360943396,9.258967573988764,1.039480434039735,0.4943820224719101,0.0,0.013348735118718272,0.0423849298027368,0.0,0.003954149635685089,5.1583606515492955,1.0,1.77014123523116,8.035231473646702,2.0366989635135906,0.0039776932359412015,-0.038306451612903226,1.78125,0.0,1.133726421283668,0.33976071095222005,0.012354392992673758,Credit Services,Financial Services,OMF
2020Q1,2020,Q1,2020-04-29,2020-03-31,32000000.0,992000000.0,0.0,0.238255,992000000.0,1.0,24693000000.0,3052000000.0,0.0,0.0,21641000000.0,0.0,1412000000.0,2568001597.84,18808001597.84,22.723599568272455,0.0,0.8278864455513708,6.698230668414155,0.0,22.723599568272455,0.010484927916120577,2.5887112881451615,20.062512483125,0.8414159888073395,12.09375,0.0,0.15070084081159207,0.040173328473656504,0.0,0.001295913821730855,4.54513557139823,1.0,-0.875259162303665,0.0,1.8414148760289004,0.2901471705979629,-0.030303030303030304,-0.8773946360153256,0.0,-0.02374105327391494,0.430820777221755,-0.010417712575841549,Credit Services,Financial Services,OMF
2019Q4,2019,Q4,2020-02-14,2019-12-31,261000000.0,1023000000.0,0.0,1.91,1023000000.0,1.0,22817000000.0,4330000000.0,0.0,0.0,18487000000.0,0.0,2596000000.0,5736663725.4,21721663725.4,31.814571802755296,0.0,0.7543498268834641,3.9750577367205544,0.0,31.814571802755296,0.060277136258660505,5.607686926099706,5.494888625862068,1.3248646017090069,0.13026819923371646,0.0,0.005926789790633804,0.04483499145374063,0.0,0.011438839461804795,9.062659913744076,1.0,0.04945054945054937,5.701347104695594,1.9828668548386719,0.8033637099687441,0.0449438202247191,0.05241935483870968,0.0,8.571460326170925,0.41667768222901225,0.3983542483406473,Credit Services,Financial Services,OMF
2019Q3,2019,Q3,2019-11-01,2019-09-30,248000000.0,979000000.0,0.0,1.82,979000000.0,1.0,22410000000.0,4094000000.0,3172000000.0,1295000000.0,18316000000.0,0.0,2369000000.0,4991989322.32,20619989322.32,30.081779087261804,2.4494208494208496,0.7595269968763945,4.157547630679042,0.0,30.081779087261804,0.060576453346360526,5.099069787865168,5.032247300725806,1.219342775359062,1.2338709677419355,0.0,0.06129820803738982,0.043685854529228026,1.0756756756756756,0.01106648817492191,8.547926921780821,1.0,0.28169014084507055,-0.509846644272675,-0.16390197264552342,0.6429225807473556,0.05268817204301075,0.27835051546391754,0.0,8.820474454757468,0.35929575329247726,0.3305730948632088,Credit Services,Financial Services,OMF
2019Q2,2019,Q2,2019-08-02,2019-06-30,194000000.0,930000000.0,0.0,1.42,930000000.0,1.0,21017000000.0,4141000000.0,2507000000.0,1325000000.0,16876000000.0,0.0,2429000000.0,4650175378.89,19415175378.89,30.428523328893384,1.8920754716981132,0.7399248227625256,3.755373098285438,0.0,30.428523328893384,0.046848587297754166,5.000188579451613,5.992494044961341,1.1229595215865733,0.17525773195876287,0.0,0.007311552195288562,0.04424989294380739,0.5932075471698113,0.009230622829138316,7.789238490603015,1.0,0.2792792792792791,1.2604918684761983,0.8145187631015172,1.0814543149953428,0.04611923509561305,0.27631578947368424,0.0,6.386919906207978,0.3059568862477804,0.3574795497743364,Credit Services,Financial Services,OMF
2019Q1,2019,Q1,2019-05-03,2019-03-31,152000000.0,889000000.0,0.0,1.11,889000000.0,1.0,21358000000.0,3950000000.0,3452000000.0,1291000000.0,17408000000.0,0.0,2269000000.0,4474391383.440001,18882391383.440002,29.02651754620285,2.6738962044926415,0.754611855042607,4.080253164556962,0.0,29.02651754620285,0.03848101265822785,5.0330611737232855,7.359196354342106,1.1327573122632912,0.2236842105263158,0.0,0.0075987988278888845,0.04162374754190467,1.3237800154918669,0.007116771233261541,8.16494778,1.0,-0.10253642610600242,1.4504093437659595,0.6586714178160867,1.0837517557808096,0.006795016987542469,-0.09523809523809523,0.0,-0.016666819896997163,0.2020961780815909,0.33528681198601923,Credit Services,Financial Services,OMF
2018Q4,2018,Q4,2019-02-15,2018-12-31,168000000.0,883000000.0,0.0,1.236819,883000000.0,1.0,20090000000.0,3799000000.0,2373000000.0,1113000000.0,16291000000.0,0.0,2151000000.0,3299366032.62,17798366032.62,27.96831545444596,2.1320754716981134,0.7555002488800399,3.995261911029218,0.0,27.96831545444596,0.044222163727296655,3.7365413732955832,4.9097708818750005,0.8684827672071598,0.0,0.0,0.0,0.04395221503235441,0.6217430368373764,0.008362369337979094,5.592145818,1.0,0.1347973168254421,4.195450005040967,0.8147799943109598,1.0262883276995551,0.03882352941176471,0.13513513513513514,0.0,1.759405890255334,0.5281763324166011,0.36705975312120903,Credit Services,Financial Services,OMF
2018Q3,2018,Q3,2018-11-05,2018-09-30,148000000.0,850000000.0,0.0,1.089903,850000000.0,1.0,20468000000.0,3640000000.0,2950000000.0,1097000000.0,16828000000.0,0.0,1983000000.0,4513724185.320001,19001724185.32,26.805714091593785,2.6891522333637194,0.7685655657611882,4.321703296703297,0.0,26.805714091593785,0.04065934065934066,5.310263747435295,7.624534096824325,1.240034116846154,0.0,0.0,0.0,0.04152823920265781,1.1330902461257977,0.007230799296462771,8.815867549453126,1.0,20.79806,2.3409415637124185,0.7317772225184677,1.344247699260152,0.021634615384615384,20.142857142857142,0.0,14.321856741329102,1.7325237041818864,0.20821398719504502,Credit Services,Financial Services,OMF
2018Q2,2018,Q2,2018-08-03,2018-06-30,7000000.0,832000000.0,0.0,0.05,832000000.0,1.0,19640000000.0,3489000000.0,2400000000.0,1097000000.0,16151000000.0,0.0,1835000000.0,4520141333.95,19018141333.95,25.695835908409848,2.187784867821331,0.7664969450101833,4.314703353396388,0.0,25.695835908409848,0.002006305531670966,5.432862180228365,161.43361906964284,1.2955406517483519,0.0,0.0,0.0,0.04236252545824847,0.6198723792160438,0.0003564154786150713,11.619900601413882,1.0,-0.945054945054945,-0.8975573139496087,0.7482910190213113,1.3166143850622594,0.04130162703379224,-0.9435483870967742,0.0,1.5473765753229658,1.6198503010663905,0.09276952391865027,Credit Services,Financial Services,OMF
2018Q1,2018,Q1,2018-05-03,2018-03-31,124000000.0,799000000.0,0.0,0.91,799000000.0,1.0,20467000000.0,3382000000.0,3642000000.0,1187000000.0,17085000000.0,0.0,1830000000.0,4062753569.28,18153753569.28,24.923264055600782,3.0682392586352147,0.7767625934431035,4.700768775872265,0.0,24.923264055600782,0.03666469544648137,5.084797959048811,8.191035421935483,1.2012872765464222,0.0,0.0,0.0,0.03903845214247325,1.5223251895534962,0.006058533248644159,7.3202767014054055,1.0,2.1379310344827593,11.61051083002535,1.9130340726993427,0.0,0.0,2.1794871794871793,0.0,0.0,1.2652100207449826,0.415034555013671,Credit Services,Financial Services,OMF
2017Q4,2017,Q4,2018-02-21,2017-12-31,39000000.0,799000000.0,0.0,0.29,799000000.0,1.0,19433000000.0,3278000000.0,2684000000.0,1105000000.0,16155000000.0,0.0,1706000000.0,3515796782.18,17578796782.18,24.23212298043403,2.4289592760180994,0.7744558225698553,4.591214154972544,0.0,24.23212298043403,0.011897498474679682,4.400246285581977,22.5371588601282,1.0725432526479561,0.0,0.0,0.0,0.04111562805536973,0.9067873303167421,0.002006895487058097,11.161259625968253,1.0,-0.43137254901960786,1.3983906883036614,1.0594037274073094,1.253988355611414,0.05968169761273209,-0.43478260869565216,0.0,1.7067905684687625,1.343955396203772,0.3735633931942407,Credit Services,Financial Services,OMF
2017Q3,2017,Q3,2017-11-07,2017-09-30,69000000.0,754000000.0,0.0,0.51,754000000.0,1.0,19050000000.0,3230000000.0,2584000000.0,1201000000.0,15820000000.0,0.0,1667000000.0,3812795967.67,17515795967.67,23.88108379574345,2.151540383014155,0.7674015748031496,4.526006191950464,0.0,23.88108379574345,0.021362229102167184,5.056758577811671,13.814478143731884,1.180432188133127,0.0,0.0,0.0,0.03958005249343832,0.7626977518734388,0.0036220472440944883,7.62559193534,1.0,0.7000000000000001,2.2699413583056383,2.249550910271956,0.0,0.05160390516039052,0.6428571428571429,0.0,-0.8627775335525223,-0.35204971719099837,0.3042703261311009,Credit Services,Financial Services,OMF
2017Q2,2017,Q2,2017-08-04,2017-06-30,42000000.0,717000000.0,0.0,0.3,717000000.0,1.0,18698000000.0,3154000000.0,2612000000.0,1135000000.0,15544000000.0,0.0,1598000000.0,3325787909.9,16872787909.9,23.31984543245633,2.3013215859030836,0.7706171783078404,4.56848446417248,0.0,23.31984543245633,0.013316423589093214,4.638476861785216,19.79635660654762,1.054466680374128,0.0,0.0,0.0,0.0383463472029094,0.7594713656387665,0.0022462295432666597,11.23576996587838,1.0,0.19999999999999996,-0.3829300392296838,0.5125570136062512,1.1024063812835854,0.027220630372492838,0.2727272727272727,0.0,-0.5075764194461155,0.4076218597895887,0.5951872647832471,Credit Services,Financial Services,OMF
2017Q1,2017,Q1,2017-05-05,2017-03-31,33000000.0,698000000.0,0.0,0.25,698000000.0,1.0,17973000000.0,3105000000.0,2542000000.0,1189000000.0,14868000000.0,0.0,1556000000.0,3360181862.1000004,16252181862.1,22.96281962303614,2.1379310344827585,0.7610860735547766,4.405475040257649,0.0,22.96281962303614,0.010628019323671498,4.814014129083095,25.455923197727277,1.082184174589372,0.0,0.0,0.0,0.03883603182551605,0.6619007569386038,0.0018360874645301285,7.567977166891893,1.0,0.24999999999999994,3.8337454908188633,1.5537977624807287,0.0,-0.023776223776223775,0.2222222222222222,0.0,-0.46460444315859234,0.3106290613372919,0.6484518210293885,Credit Services,Financial Services,OMF
2016Q4,2016,Q4,2017-02-21,2016-12-31,27000000.0,715000000.0,0.0,0.2,715000000.0,1.0,18123000000.0,3066000000.0,2343000000.0,1098000000.0,15057000000.0,0.0,1523000000.0,2983602008.7000003,16363602008.7,22.751439301241412,2.133879781420765,0.7702367157755339,4.552837573385519,0.0,22.751439301241412,0.008806262230919765,4.172869942237763,27.625944525,0.9731252474559687,0.0,0.0,0.0,0.039452629255642004,0.5783242258652095,0.0014898195662969708,15.955090955614974,1.0,0.05263157894736847,1.276861486670139,0.8499286032985861,1.1162602756599045,0.002805049088359046,0.08,0.0,-0.15837745177667303,0.4811840649758991,0.6483286585335619,Credit Services,Financial Services,OMF
2016Q3,2016,Q3,2016-11-08,2016-09-30,25000000.0,713000000.0,0.0,0.19,713000000.0,1.0,18353000000.0,3046000000.0,2446000000.0,1313000000.0,15307000000.0,0.0,1496000000.0,4169901268.45,17505901268.45,22.608137202980494,1.862909367859863,0.762491145861712,4.594221930400526,0.0,22.608137202980494,0.008207485226526593,5.848388875806451,41.6990126845,1.368976122275115,0.0,0.0,0.0,0.038849234457581865,0.5011424219345011,0.0013621751212335859,8.669233406340956,1.0,0.0,1.4619106291563124,2.084784999273238,0.0,0.011347517730496455,-0.038461538461538464,0.0,1.2282953308485962,0.464102597146495,0.9771558198953285,Credit Services,Financial Services,OMF
2016Q2,2016,Q2,2016-08-05,2016-06-30,26000000.0,705000000.0,0.0,0.19,705000000.0,1.0,18544000000.0,3020000000.0,2486000000.0,1162000000.0,15524000000.0,0.0,1471000000.0,3074503571.3,16694503571.3,22.415456154718306,2.1394148020654047,0.7744823123382226,4.755629139072847,0.0,22.415456154718306,0.008609271523178808,4.360997973475177,29.56253433942308,1.0180475401655629,0.0,0.0,0.0,0.03801768766177739,0.6385542168674698,0.0014020707506471096,12.54899416857143,1.0,-0.8118811881188119,1.2784777807033159,2.961750446551544,2.7701553656537907,-0.036885245901639344,-0.8300653594771242,0.0,-0.6165267072977356,0.4929950737674055,1.02087094425901,Credit Services,Financial Services,OMF
2016Q1,2016,Q1,2016-05-06,2016-03-31,153000000.0,732000000.0,0.0,1.01,732000000.0,1.0,19055000000.0,2928000000.0,2588000000.0,1257000000.0,16127000000.0,0.0,1403000000.0,3694677239.37,17848677239.37,21.738039562474736,2.058870326173429,0.7803726056153241,5.078551912568306,0.0,21.738039562474736,0.05225409836065574,5.047373277827869,6.037054312696078,1.2618433194569671,0.11764705882352941,0.0,0.00487187346385615,0.03841511414326948,0.569610182975338,0.008029388611912883,8.94594973213075,1.0,1.6196319018404908,3.096673097174566,3.363448953973167,2.541929165420181,0.27972027972027974,1.6986301369863013,0.0,14.189369208542065,1.6886102694434166,0.0,Credit Services,Financial Services,OMF
2015Q4,2015,Q4,2016-02-29,2015-12-31,-219000000.0,572000000.0,0.0,-1.63,572000000.0,1.0,21056000000.0,2751000000.0,2806000000.0,1081000000.0,18451000000.0,0.0,1250000000.0,5585708542.74,21946708542.739998,20.458736635754192,2.595744680851064,0.8216185410334347,6.28862231915667,0.0,20.458736635754192,-0.07960741548527808,9.76522472506993,-6.376379614999999,2.03042840521265,-0.0867579908675799,0.0,0.0034015380241590237,0.027165653495440728,0.9019426456984274,-0.010400835866261398,16.624132567678572,1.0,-19.374999999999996,-1.2505796776853266,0.4831888435924544,0.903000995197352,0.8571428571428571,-18.90909090909091,0.0,-1.2505796776853266,0.4831888435924544,0.903000995197352,Credit Services,Financial Services,OMF
2015Q3,2015,Q3,2015-11-09,2015-09-30,-11000000.0,308000000.0,0.0,-0.08,308000000.0,1.0,13284000000.0,2983000000.0,5607000000.0,746000000.0,10455000000.0,0.0,1469000000.0,5878274932.812763,11568274932.812763,22.186230564856448,7.516085790884718,0.719286359530262,3.2031511900771035,0.0,22.186230564856448,-0.0036875628561850488,19.085308223418064,-133.59715756392643,1.970591663698546,-1.8181818181818181,0.0,0.0034023587240466094,0.02318578741342969,5.180965147453083,-0.0008280638361939175,31.60362867103636,1.0,0.11111111111111106,0.7963398684298436,0.33530807237138255,0.0,0.03355704697986577,0.08333333333333333,0.0,0.7963398684298436,0.33530807237138255,0.0,Credit Services,Financial Services,OMF
2015Q2,2015,Q2,2015-08-06,2015-06-30,-12000000.0,298000000.0,0.0,-0.09,298000000.0,1.0,13308000000.0,2996000000.0,6058000000.0,636000000.0,10477000000.0,0.0,1480000000.0,5849448559.28,11931448559.279999,23.514414838606662,9.525157232704403,0.7270814547640517,3.2296395193591456,0.0,23.514414838606662,-0.004005340453938585,19.62902201100671,-121.86351165166666,1.9524194123097462,-1.75,0.0,0.0035900820029751424,0.022392545837090473,5.650943396226415,-0.0009017132551848512,292.47242796399996,1.0,0.0,-1.5062515288032732,0.3841127274908374,0.0,-0.0033444816053511705,0.0,0.0,-1.1871521191602827,-0.33267522258440396,1.119947833789256,Credit Services,Financial Services,OMF
2015Q1,2015,Q1,2015-05-08,2015-03-31,0.0,299000000.0,0.0,0.0,299000000.0,1.0,12407000000.0,2026000000.0,5356000000.0,746000000.0,10556000000.0,0.0,1492000000.0,5954972121.900001,13168972121.900002,17.613184050731533,7.1796246648793565,0.7765777383734989,4.755676209279368,0.0,17.613184050731533,0.0,19.91629472207358,0.0,2.939275479713722,0.0,0.0,0.0030226841757668714,0.024099298782945113,3.245308310991957,0.0,31.507789004761907,1.0,1.0,-1.0,-0.03463905152716083,0.0,0.033597090718021576,1.0,0.0,1.0,0.2859885158645483,0.0,Credit Services,Financial Services,OMF
2014Q4,2014,Q4,2015-03-16,2014-12-31,-46827000.0,289281000.0,0.0,-0.41,289281000.0,1.0,11057864000.0,2025269000.0,3813575000.0,431000000.0,9220902000.0,0.0,1491326000.0,4152297323.70102,11663272323.70102,17.64179440169987,8.848201856148492,0.7587180489830586,4.1425613091396745,0.0,17.64179440169987,-0.023121373012671403,14.353854292888299,-22.168286051321996,2.050244843376865,-13.196019390522562,0.0,0.14881641458401815,0.026160658152424375,2.480552204176334,-0.004234723812844868,64.06086771731648,1.0,-1.1108108108108108,0.43633842035164533,-0.1213980732130472,0.6409787613586096,-0.7070856909100482,-1.1097293497363796,0.0,0.43633842035164533,-0.1213980732130472,0.6409787613586096,Credit Services,Financial Services,OMF
2014Q3,2014,Q3,2014-11-14,2014-09-30,426750000.0,987596000.0,0.0,3.7,987596000.0,1.0,11262818000.0,2101767000.0,4187089000.0,1303000000.0,8752700000.0,0.0,1538153000.0,3665194857.27,9552719857.27,18.309918823793744,3.213422102839601,0.6976972370502658,3.7387764676103488,0.0,18.309918823793744,0.20304343916333256,3.7112289410548445,2.147155745325132,1.7438635478004936,0.033143526654950205,0.0,0.0038590035593728516,0.08768640317192376,1.5122885648503455,0.03789016212461215,-194.12080171971823,1.0,4.8730158730158735,10.254616909190391,4.015123839724963,0.0,1.2844625384562005,4.895232701100996,0.0,10.254616909190391,4.015123839724963,0.0,Credit Services,Financial Services,OMF
2014Q2,2014,Q2,2014-08-11,2014-06-30,72389000.0,432310000.0,0.0,0.63,432310000.0,1.0,14083358000.0,1678078000.0,1548824000.0,1144000000.0,12017730000.0,0.0,1111403000.0,2978760106.838439,13348442106.83844,14.618876383535454,1.3538671328671328,0.7995978657930871,6.710667203789097,0.0,14.618876383535454,0.04313804245094686,6.890333572756677,10.28733684274696,1.775102293718432,0.0,0.0,0.0,0.030696514283028237,0.7791442307692308,0.005140038334607414,36.178979605490305,1.0,0.39999999999999997,2.389746041460264,1.2287428503568862,0.0,-0.0437798466278702,0.38347603394235913,0.0,1.9100201112869446,1.8513760135638477,1.4588139030850924,Credit Services,Financial Services,OMF
2014Q1,2014,Q1,2014-04-15,2014-03-31,52324000.0,452103000.0,0.0,0.45,452103000.0,1.0,14522365000.0,1598995000.0,1399206000.0,1184000000.0,12560454000.0,0.0,1039014000.0,2886929240.85,13861440240.85,13.929930696243721,1.1817618243243244,0.8083169649020666,7.3412824930659575,0.0,13.929930696243721,0.032723054168399525,6.385556479054552,13.793523243874704,1.8054648331295595,0.0,0.0,0.0,0.031131499587016304,0.6454079391891892,0.0036029944158544424,10.61277402306414,1.0,2.7500000000000004,15.25201181998044,0.46271375256150377,0.0,0.13120771448016333,0.9699559504536727,0.0,1.8413811470015335,2.1623414104111944,1.2696999728751335,Credit Services,Financial Services,OMF
2013Q4,2013,Q4,2014-04-15,2013-12-31,26561000.0,399664000.0,0.0,0.12,399664000.0,1.0,15402686000.0,1540020000.0,15300624000.0,1094000000.0,13516058000.0,0.0,986690000.0,2820579733.6535606,15166138733.65356,13.802732351618678,13.985945155393052,0.8295285640439596,8.29662471915949,0.0,13.802732351618678,0.017247178608070027,7.05737753126016,26.548131975956863,1.831521495599772,0.0,0.0,0.0,0.025947682112067987,0.4214515539305302,0.0017244394906187142,11.355082302005494,1.0,1.1476397933535025,1.3289615840908686,0.24895254211952852,0.2838824737432149,-0.009499451049202348,1.292738033571027,0.0,1.3289615840908686,0.24895254211952852,0.2838824737432149,Credit Services,Financial Services,OMF
2013Q3,2013,Q3,2013-09-30,2013-09-30,-90733000.0,403497000.0,0.0,-0.812789,403497000.0,1.0,16427363000.0,1276472000.0,0.0,0.0,14833527000.0,0.0,975623000.0,2150025906.42,14899350906.42,11.434676506264124,0.0,0.8521733524729441,10.966915843042386,0.0,11.434676506264124,-0.0710810734587206,5.328480525059666,-5.92404611998942,1.6843502297112667,-2.1894349354700053,0.0,0.092396095975782,0.024562493688122678,0.0,-0.005523284534468496,6.981396932833277,1.0,-2.615099236155821,-1.0233030059762733,1.106945923930071,0.0,0.0312916928644819,-2.6150984371106127,0.0,-1.0233030059762733,1.106945923930071,0.0,Credit Services,Financial Services,OMF
2013Q2,2013,Q2,2013-06-30,2013-06-30,56178000.0,391254000.0,0.0,0.503244,391254000.0,1.0,16042293000.0,1238216000.0,0.0,0.0,14318567000.0,0.0,1066356000.0,2150025906.42,12931696906.42,11.091978049561869,0.0,0.7123696718417997,9.229442197484122,0.0,11.091978049561869,0.04537011313050389,5.495217701084206,9.567917629766102,1.7363900211433225,0.0,0.0,0.0,0.024388907495954598,0.0,0.0035018684673070117,-244.79402327450757,1.0,6.843317116217502,1.705026964560863,1.0741215886681228,0.0,0.7339591033584173,6.843353442895777,0.0,1.705026964560863,1.0741215886681228,0.0,Credit Services,Financial Services,OMF
2013Q1,2013,Q1,2013-03-31,2013-03-31,-9614000.0,225642000.0,0.0,-0.086123,225642000.0,1.0,,,,,,,,2150025906.42,,,0.0,0.0,0.0,0.0,,0.0,9.528482757731274,-55.90872442323695,0.0,0.0,0.0,0.0,0.0,0.0,0.0,16.84036238785629,1.0,0.8809906162477595,-4.070584477802619,-0.2493238185538202,0.0,-0.2952343471823991,0.8809912854030502,0.0,-4.070584477802619,-0.2493238185538202,0.0,Credit Services,Financial Services,OMF
2012Q4,2012,Q4,2012-12-31,2012-12-31,-80784000.0,320166000.0,0.0,-0.7236656243787885,320166000.0,1.0,14673515000.0,1200127000.0,13560627000.0,0.0,13473388000.0,0.0,1021485000.0,2150025906.42,9433958906.42,10.750775584135996,0.0,0.6018549747623524,7.358661208355449,0.0,10.750775584135996,-0.06731287605395096,6.715347371113735,-6.653625428364529,1.7914986550756713,0.0,0.0,0.0,0.021819311869037513,0.0,-0.005505429339868463,-88.77068152023122,1.0,-0.8014448696803906,0.0,0.0,0.0,0.6718152766464064,-0.8014450093658014,0.0,0.0,0.0,0.0,Credit Services,Financial Services,OMF
2012Q3,2012,Q3,2012-09-30,2012-09-30,-44844000.0,191508000.0,0.0,-0.401714,191508000.0,1.0,,,,,,,,2150025906.42,,,0.0,0.0,0.0,0.0,,0.0,11.226820323015227,-11.986140322116672,0.0,0.0,0.0,0.0,0.0,0.0,0.0,28.237055848546138,1.0,0.0,0.0,0.0,0.0,0.0,0.0,0.0,0.0,0.0,0.0,Credit Services,Financial Services,OMF
2011Q2,2011,Q2,2011-06-30,2011-06-30,-77359000.0,147445000.0,0.0,-0.6929843661655612,147445000.0,1.0,16152508000.0,663706000.0,0.0,0.0,15488802000.0,0.0,0.0,2150025906.42,14788870906.42,5.945499317859331,0.0,0.9123679740632229,22.204155153034627,0.0,5.945499317859331,-0.11655612575447563,14.581884135915088,-6.948208697178092,3.239425146706524,0.0,0.0,0.0,0.009128303790346366,0.0,-0.004789287211620635,-77.02597020814675,1.0,-0.27912590383554686,-4.724913328197227,-0.21836234865031057,0.0,0.060503621442391374,-0.2791262938589239,0.0,-4.724913328197227,-0.21836234865031057,0.0,Credit Services,Financial Services,OMF
2011Q1,2011,Q1,2011-03-31,2011-03-31,-60478000.0,139033000.0,0.0,-0.541764,139033000.0,1.0,16267283000.0,685122000.0,0.0,0.0,15582161000.0,0.0,0.0,2150025906.42,15230127906.42,6.137344522500054,0.0,0.9053053911953213,21.495235884995665,0.0,6.137344522500054,-0.08827332942162126,15.464140933591306,-8.887636439779754,3.138165036913134,0.0,0.0,0.0,0.00854678682358941,0.0,-0.003717768972237097,20.03415928753797,1.0,0.0,-20.315873522836156,-0.5374586223530782,0.0,0.0,0.0,0.0,-20.315873522836156,-0.5374586223530782,0.0,Credit Services,Financial Services,OMF
2010Q2,2010,Q2,2010-06-30,2010-06-30,20768000.0,188636000.0,0.0,0.18604040016709594,188636000.0,1.0,,,,,,,,2150025906.42,,,0.0,0.0,0.0,0.0,,0.0,11.397749668249963,25.881475183214565,0.0,0.0,0.0,0.0,0.0,0.0,0.0,122.20916878417553,1.0,5.632929270076153,0.0,0.0,0.0,-0.3724370810253339,5.633024592781859,0.0,0.0,0.0,0.0,Credit Services,Financial Services,OMF
2010Q1,2010,Q1,2010-03-31,2010-03-31,3131000.0,300585000.0,0.0,0.028048,300585000.0,1.0,,,,,,,,2150025906.42,,,0.0,0.0,0.0,0.0,,0.0,7.152805051549479,171.67246138773555,0.0,0.0,0.0,0.0,0.0,0.0,0.0,13.379044974331212,1.0,0.0,0.0,0.0,0.0,0.0,0.0,0.0,0.0,0.0,0.0,Credit Services,Financial Services,OMF
