Quarters,Year,Quarter,FillingDate,Date,NetIncome,Revenue,OperatingIncome,EPSDiluted,GrossProfit,GrossProfitRatio,TotalAssets,CommonStockEquity,CurrentAssets,CurrentLiability,TotalLiability,Inventory,RetainedEarnings,MarketCap,EnterpriseValue,bookValuePerShare,currentRatio,debtToAssets,debtToEquity,roic,shareholdersEquityPerShare,roe,priceToSalesRatio,peRatio,pbRatio,payoutRatio,inventoryTurnover,dividendYield,assetTurnover,quickRatio,returnOnAssets,priceToFreeCashFlowsRatio,grossProfitMargin,epsdilutedGrowth,fiveYNetIncomeGrowthPerShare,fiveYRevenueGrowthPerShare,fiveYShareholdersEquityGrowthPerShare,grossProfitGrowth,netIncomeGrowth,operatingIncomeGrowth,threeYNetIncomeGrowthPerShare,threeYRevenueGrowthPerShare,threeYShareholdersEquityGrowthPerShare,Industry,Sector,Symbol
2019Q2,2019,Q2,2019-04-30,2019-04-30,0.0,0.0,0.0,0.0,0.0,0.0,112377085.0,111258361.0,0.0,0.0,1118724.0,0.0,10814633.0,0.0,0.0,0.0,0.0,0.0,0.0,,0.0,0.0,0.0,0.0,0.0,0.0,0.0,,0.0,0.0,0.0,0.0,0.0,0.0,0.0,0.0,0.0,0.0,0.0,0.0,0.0,0.0,0.0,Asset Management,Financial Services,JEQ
2018Q2,2018,Q2,2018-04-30,2018-04-30,0.0,0.0,0.0,0.0,0.0,0.0,136469991.0,135772545.0,0.0,0.0,697446.0,0.0,591188.0,0.0,0.0,0.0,0.0,0.0,0.0,,0.0,0.0,0.0,0.0,0.0,0.0,0.0,,0.0,0.0,0.0,0.0,0.0,0.0,0.0,0.0,0.0,0.0,0.0,0.0,0.0,0.0,0.0,Asset Management,Financial Services,JEQ
2022Q4,2022,Q4,2022-10-31,2022-10-31,,,,,,,91736941.0,81298321.0,991277.0,8270.0,10438620.0,0.0,-14721386.0,0.0,10226394.0,0.0,119.86420798065296,0.11147520168565464,0.1257885018314216,,0.0,,0.0,0.0,0.0,0.0,0.0,,,119.86420798065296,,0.0,0.0,0.0,0.0,0.0,0.0,0.0,0.0,0.0,0.0,0.0,0.0,Asset Management,Financial Services,JEQ
2022Q2,2022,Q2,2022-04-30,2022-04-30,,,,,,,106466383.0,94501319.0,881234.0,9032.0,11965064.0,0.0,-5963262.0,0.0,11732016.0,0.0,97.56798051372897,0.11019455784461091,0.12414658466301406,,0.0,,0.0,0.0,0.0,0.0,0.0,,,97.56798051372897,,0.0,0.0,0.0,0.0,0.0,0.0,0.0,0.0,0.0,0.0,0.0,0.0,Asset Management,Financial Services,JEQ
2021Q2,2021,Q2,2021-04-30,2021-04-30,,,,,,,151071006.0,135922642.0,0.0,0.0,15148364.0,0.0,35458061.0,0.0,13906043.0,0.0,0.0,0.09204971468846908,0.10230851015977162,,0.0,,0.0,0.0,0.0,0.0,0.0,,,0.0,,0.0,0.0,0.0,0.0,0.0,0.0,0.0,0.0,0.0,0.0,0.0,0.0,Asset Management,Financial Services,JEQ
2020Q4,2020,Q4,2020-10-31,2020-10-31,,,,,,,131886837.0,131458993.0,0.0,0.0,427844.0,0.0,30994412.0,0.0,0.0,0.0,0.0,0.0,0.0,,0.0,,0.0,0.0,0.0,0.0,0.0,,,0.0,,0.0,0.0,0.0,0.0,0.0,0.0,0.0,0.0,0.0,0.0,0.0,0.0,Asset Management,Financial Services,JEQ
2020Q2,2020,Q2,2020-04-30,2020-04-30,,,,,,,110497768.0,109604864.0,0.0,0.0,892904.0,0.0,9140283.0,0.0,0.0,0.0,0.0,0.0,0.0,,0.0,,0.0,0.0,0.0,0.0,0.0,,,0.0,,0.0,0.0,0.0,0.0,0.0,0.0,0.0,0.0,0.0,0.0,0.0,0.0,Asset Management,Financial Services,JEQ
2019Q4,2019,Q4,2019-10-31,2019-10-31,,,,,,,120844752.0,120300740.0,0.0,0.0,544012.0,0.0,19857012.0,0.0,0.0,0.0,0.0,0.0,0.0,,0.0,,0.0,0.0,0.0,0.0,0.0,,,0.0,,0.0,0.0,0.0,0.0,0.0,0.0,0.0,0.0,0.0,0.0,0.0,0.0,Asset Management,Financial Services,JEQ
2018Q4,2018,Q4,2018-10-31,2018-10-31,,,,,,,116116199.0,115937606.0,0.0,0.0,178593.0,0.0,15609094.0,0.0,0.0,0.0,0.0,0.0,0.0,,0.0,,0.0,0.0,0.0,0.0,0.0,,,0.0,,0.0,0.0,0.0,0.0,0.0,0.0,0.0,0.0,0.0,0.0,0.0,0.0,Asset Management,Financial Services,JEQ
