Quarters,Year,Quarter,FillingDate,Date,NetIncome,Revenue,OperatingIncome,EPSDiluted,GrossProfit,GrossProfitRatio,TotalAssets,CommonStockEquity,CurrentAssets,CurrentLiability,TotalLiability,Inventory,RetainedEarnings,MarketCap,EnterpriseValue,bookValuePerShare,currentRatio,debtToAssets,debtToEquity,roic,shareholdersEquityPerShare,roe,priceToSalesRatio,peRatio,pbRatio,payoutRatio,inventoryTurnover,dividendYield,assetTurnover,quickRatio,returnOnAssets,priceToFreeCashFlowsRatio,grossProfitMargin,epsdilutedGrowth,fiveYNetIncomeGrowthPerShare,fiveYRevenueGrowthPerShare,fiveYShareholdersEquityGrowthPerShare,grossProfitGrowth,netIncomeGrowth,operatingIncomeGrowth,threeYNetIncomeGrowthPerShare,threeYRevenueGrowthPerShare,threeYShareholdersEquityGrowthPerShare,Industry,Sector,Symbol
2023Q1,2023,Q1,2023-04-26,2023-03-31,129166000.0,529646000.0,156668000.0,0.75,285140000.0,0.5383595836,2546263000.0,1986343000.0,1288461000.0,381698000.0,559920000.0,497242000.0,1059980000.0,12266994180.0,12019426180.0,11.822203573426657,3.3756032255867203,0.05802424965527913,0.07438040660651257,0.05940449500243636,11.822203573426657,0.06502703712299436,23.160741665187693,23.742691923571222,6.175667636455537,0.3052738336713996,0.49172435152300087,0.0032143978729759206,0.20800914909418233,1.9695832831191151,0.050727674242605734,233.48358704962027,0.5383595835709134,0.013513513513513526,0.5200215744185507,0.31161392316291514,1.7487254510512065,0.04517330361855609,0.023567262583998987,0.027277257586487268,0.7733868098863409,0.4174612720139633,0.949484802213785,Specialty Industrial Machinery,Industrials,GGG
2022Q4,2022,Q4,2023-02-21,2022-12-30,126192000.0,555045000.0,152508000.0,0.74,272816000.0,0.4915205073,2438900000.0,1859652000.0,1205620000.0,399917000.0,579248000.0,476790000.0,976851000.0,11279905560.0,11057740560.0,11.08876247719223,3.0146755451756237,0.0479851572430194,0.06293166678496837,0.06256311270639324,11.08876247719223,0.0678578572765227,20.322506391373672,22.34671286610879,6.065600209071375,0.2794947381767465,0.5919356530128568,0.0031267992282729713,0.22758005658288571,1.7133705243838095,0.051741358809299275,217.4481543740602,0.4915205073462512,0.10447761194029843,2.4927592841220214,0.4914304597962845,1.5905876980252347,0.04491972055398946,0.08569068759033657,0.0653794298248678,0.4804478643138716,0.33986068913181267,0.8058156440098233,Specialty Industrial Machinery,Industrials,GGG
2022Q3,2022,Q3,2022-10-26,2022-09-30,116232000.0,545644000.0,143149000.0,0.67,261088000.0,0.478495136,2438200000.0,1788311000.0,1285903000.0,430768000.0,649889000.0,462220000.0,950414000.0,10141501700.0,9875666700.0,10.571338212170295,2.985140493258552,0.06110737429251087,0.08331436757924097,0.05932302896424887,10.571338212170295,0.06499540628000387,18.58629747601,21.813058581113637,5.670994418756022,0.3055440842453025,0.6156289212928908,0.0035018482519211134,0.22378968091214832,1.8081658804739442,0.04767123287671233,129.62870454400203,0.4784951360227548,-0.014705882352941188,0.530324198264516,0.42729990771822923,1.4676963703351709,-0.0296290790158329,-0.009763328732811941,-0.03720069948883508,0.36261266863678393,0.34355407817764955,0.7928581108524422,Specialty Industrial Machinery,Industrials,GGG
2022Q2,2022,Q2,2022-07-27,2022-07-01,117378000.0,548547000.0,148680000.0,0.68,269060000.0,0.4904958007,2404278000.0,1757274000.0,1276476000.0,424058000.0,647004000.0,450974000.0,912864000.0,10063116000.0,9812775000.0,10.390201504186178,3.010144838677728,0.0678033072714553,0.0927675479179684,0.06106612128182305,10.390201504186178,0.06679550257956357,18.345038802509173,21.433139089096766,5.726549189255631,0.3027824634940108,0.6197408276308612,0.0035317092638105334,0.22815456448879873,1.8546991213466082,0.04882047749885828,162.59154656498416,0.49049580072445936,0.17241379310344845,0.45538930811717726,0.4307680794694881,1.6695094287347616,0.05731407800373318,0.16396775185188858,0.15827769684410617,0.31252275685035075,0.2621639729699566,0.8703659858479208,Specialty Industrial Machinery,Industrials,GGG
2022Q1,2022,Q1,2022-04-27,2022-04-01,100843000.0,494285000.0,128363000.0,0.58,254475000.0,0.514834559,2319445000.0,1690256000.0,1197220000.0,402313000.0,629189000.0,436741000.0,841503000.0,12012288660.0,11780619660.0,9.953865813943901,2.975842192521743,0.06416103852430215,0.0880446512244299,0.056231132880574124,9.953865813943901,0.05966137673819824,24.302353217273435,29.779678956397568,7.106786581440918,0.35501720496216893,0.5490897351061613,0.0029803646093866016,0.2131048591365607,1.7893878646725312,0.04347721114318296,-761.8143493150685,0.5148345590094784,-0.15942028985507245,0.6359641926412831,0.4298522352078102,1.9370180933633923,-0.07314328172292092,-0.16126322443276334,-0.027427774789177396,0.1337645322527537,0.19070292453458187,0.9522089728815296,Specialty Industrial Machinery,Industrials,GGG
2021Q4,2021,Q4,2022-02-22,2021-12-31,120232000.0,539619000.0,131983000.0,0.69,274557000.0,0.5087978741,2443198000.0,1709343000.0,1363621000.0,506792000.0,733855000.0,382301000.0,876916000.0,13718621680.0,13320431680.0,10.04526809430902,2.6906916446984166,0.09254755447573222,0.1322800631587692,0.06239540104410558,10.04526809430902,0.07033813576327279,25.4227921552058,28.525312895069533,8.025669324412947,0.265087497504824,0.6933332635802679,0.002323265466709772,0.22086584877688997,1.8734194699205986,0.04921091127284813,281.54045354731466,0.5087978740555836,0.16949152542372878,2.1338553717157436,0.5192977846004184,1.9276086747617178,0.10604107414777991,0.157980910920841,0.05926211285804862,0.5897554476412822,0.2942142495564703,1.2161440098839946,Specialty Industrial Machinery,Industrials,GGG
2021Q3,2021,Q3,2021-10-20,2021-09-24,103829000.0,486696000.0,124599000.0,0.59,248234000.0,0.5100391209296974,2377328000.0,1564349000.0,1333071000.0,427214000.0,812979000.0,362932000.0,792390000.0,12481100660.0,12117393660.0,9.211047257910666,3.1203822908425285,0.10100457320151027,0.1534957992110456,0.057613252311964604,9.211047257910666,0.06637201800876914,25.644551547577954,30.05205833630296,7.978463028390723,0.3065039632472623,0.6570431926641905,0.0025497751253614202,0.20472395899934717,2.1724756211172855,0.043674663319491464,114.1755537666377,0.5100391209296974,-0.06349206349206354,0.8777709821973962,0.46312739391716956,1.1618425555183136,-0.059092425253199105,-0.057111462249586804,-0.06906599523322102,0.10321881032440211,0.15229841340434885,0.9339612242911224,Specialty Industrial Machinery,Industrials,GGG
2021Q2,2021,Q2,2021-07-21,2021-06-25,110118000.0,507164000.0,133843000.0,0.63,263824000.0,0.5201946510399003,2229205000.0,1481263000.0,1203952000.0,358724000.0,747942000.0,337525000.0,720429000.0,12716158120.0,12437900120.0,8.734171020201186,3.356207000367971,0.09174974935010463,0.13807743797016464,0.06476886455568406,8.734171020201186,0.0743406133819585,25.07306930302624,28.86939038122741,8.584672755614635,0.28852685301222325,0.720954003407155,0.0024985533916906024,0.22750891012715296,2.3332952353341287,0.049397879513099964,149.54204341792695,0.5201946510399003,0.03278688524590167,1.1271139542128399,0.43371561688168464,1.1560148190199822,0.06667097932350587,0.041925686224417384,0.043317275462638166,0.21833660898797838,0.1780961145816929,1.052356256051658,Specialty Industrial Machinery,Industrials,GGG
2021Q1,2021,Q1,2021-04-21,2021-03-26,105687000.0,454129000.0,128286000.0,0.61,247334000.0,0.5446337934815878,2087720000.0,1382502000.0,1127386000.0,323520000.0,705218000.0,311645000.0,642259000.0,12155808600.0,11916226600.0,8.18300305419419,3.4847490108803165,0.10587339298373345,0.15987969637656943,0.0656332985615149,8.18300305419419,0.07644618235633656,26.767303123121405,28.754266371455333,8.792615562219803,0.2993934921040431,0.6635594987886858,0.002603035391656298,0.2175239016726381,2.4227652077151336,0.0506231678577587,151.46670072519748,0.5446337934815878,-0.07575757575757582,1.6283551490522967,0.4649933252315756,1.1351087025945643,0.010252262850047381,-0.07850659598399178,-0.02907786388956164,0.2368751598405207,0.11841327535671566,0.9025919001810755,Specialty Industrial Machinery,Industrials,GGG
2020Q4,2020,Q4,2021-02-16,2020-12-25,114691000.0,470340000.0,132128000.0,0.66,244824000.0,0.5205255772419951,1988128000.0,1283904000.0,1023801000.0,321389000.0,704224000.0,285704000.0,568295000.0,12244695360.0,12078371360.0,7.63755770237472,3.185550843370495,0.10692721997778815,0.16557702133492846,0.07613562023648737,7.63755770237472,0.08932988759284183,26.033710422247736,26.690619490631352,9.537080155525647,0.25562598634592076,0.7893344160389774,0.002394342949174033,0.23657430507492475,2.1589257877525365,0.05768793558563634,115.80660298484877,0.5205255772419951,0.0,1.1367711136611915,0.44120033224591576,1.0152160901989398,0.0693199040851179,0.005047539762520265,0.056981720731170755,2.1669173164500526,0.26083217121646507,0.7843075877426273,Specialty Industrial Machinery,Industrials,GGG
2020Q3,2020,Q3,2020-10-21,2020-09-25,114115000.0,439316000.0,125005000.0,0.66,228953000.0,0.5211578909031312,1993995000.0,1165937000.0,1061189000.0,326453000.0,828058000.0,283713000.0,485209000.0,10111342020.0,10036137020.0,6.977397038934304,3.25066395468873,0.175260720312739,0.29973231829850155,0.0762542243883195,6.977397038934304,0.0978740703828766,23.016102350016844,22.151649695482625,8.672288485569975,0.2556631468255707,0.7414640851846761,0.002885373666748937,0.22031950932675357,2.265777922089857,0.05722933106652725,94.47556687160129,0.5211578909031312,2.88235294117647,1.316837350827211,0.4173890333794508,0.8852363513928326,0.2543376668912885,2.9579286903440623,1.7919728407745739,0.521009413499403,0.16336048102770734,0.6287528600251526,Specialty Industrial Machinery,Industrials,GGG
2020Q2,2020,Q2,2020-07-22,2020-06-26,28832000.0,366892000.0,44773000.0,0.17,182529000.0,0.4975006268874764,1962459000.0,1026968000.0,1038292000.0,310380000.0,935491000.0,291442000.0,400154000.0,7804828290.0,7823399290.0,6.16194356275838,3.34522842966686,0.22995588697649225,0.4394284924165115,0.020357030954073853,6.16194356275838,0.02807487672449385,21.272822220162883,67.67505107172586,7.599874864650116,1.0112721975582686,0.6325889885466062,0.0037357644417824855,0.18695524339616776,2.30544493846253,0.014691771904534056,104.5550890847712,0.4975006268874764,-0.5952380952380952,-0.824931895995007,0.14637339008006178,0.5112161073224765,-0.08106488916634362,-0.6040539427064737,-0.5014808711530753,-0.6372198113898416,-0.028886573789078728,0.5831614462421705,Specialty Industrial Machinery,Industrials,GGG
2020Q1,2020,Q1,2020-04-22,2020-03-27,72818000.0,373567000.0,89812000.0,0.42,198631000.0,0.531714525105269,1947340000.0,1018658000.0,1048772000.0,311763000.0,928682000.0,289567000.0,411450000.0,7641273730.0,7662685730.0,6.064270703727296,3.3640040671920657,0.24549796132159768,0.4693115844571976,0.052094495049475484,6.064270703727296,0.07148424692094893,20.454894918448364,26.234151343074515,7.501314209479531,0.4028262242852042,0.6041296142170897,0.0038387579134663455,0.1918345024494952,2.3429496123658033,0.03739357277106206,216.534153135538,0.531714525105269,-0.14285714285714288,0.11423075529695269,0.2840685026553324,0.7392894094843205,-0.05134181229433425,-0.14165144103259267,-0.13782411273987463,0.1942016501711086,0.09242873684495809,0.7893422628774247,Specialty Industrial Machinery,Industrials,GGG
2019Q4,2019,Q4,2020-02-18,2019-12-27,84835000.0,412292000.0,104169000.0,0.49,209381000.0,0.5078463807204603,1692210000.0,1024931000.0,791468000.0,285322000.0,667279000.0,273233000.0,448991000.0,8709415980.0,8692338980.0,6.140583903996741,2.773946628721234,0.12049095561425592,0.1989363186399865,0.06972543869201442,6.140583903996741,0.08277142558864939,21.12438752146537,25.665751105086343,8.497563231085799,0.31450462662816053,0.7426299165913341,0.0030634660304742958,0.24364115564853062,1.7114628384772292,0.050132666749398716,92.85487632734872,0.5078463807204603,0.0,0.8465060813616554,0.43817382644185354,0.8355239159502768,0.00965382222886599,0.008355916892502258,0.007446880530759485,1.8156341130407192,0.18343199472701974,0.7896213955332596,Specialty Industrial Machinery,Industrials,GGG
2019Q3,2019,Q3,2019-10-23,2019-09-27,84132000.0,400555000.0,103399000.0,0.49,207379000.0,0.5177291508032604,1637424000.0,983796000.0,772627000.0,287527000.0,653628000.0,288588000.0,397317000.0,7628290560.0,7680499560.0,5.896360759493671,2.6871459028195614,0.14016833758391228,0.2332953173218838,0.0721157595640273,5.896360759493671,0.08551772928533964,19.04430243037785,22.667625160462133,7.753935328055816,0.3172039176532116,0.6693833423427169,0.003498424685071252,0.2446250940501666,1.581496694223499,0.05138070530296368,73.8109760133141,0.5177291508032604,-0.03921568627450984,0.5223068026576091,0.42627468752648323,0.6408731377494775,-0.0862509583439816,-0.04544062085162871,-0.07976077108605299,0.5487766722470508,0.22571684660943506,0.38388212063663807,Specialty Industrial Machinery,Industrials,GGG
2019Q2,2019,Q2,2019-07-24,2019-06-28,88137000.0,428328000.0,112361000.0,0.51,226954000.0,0.5298602939803142,1640547000.0,925958000.0,798893000.0,359602000.0,714589000.0,297545000.0,342308000.0,8364203120.0,8478835120.0,5.555170262292721,2.2216033281238703,0.18013199256101775,0.3191451448121837,0.07315626475602528,5.555170262292721,0.0951846628032805,19.5275656039297,23.7250051624176,9.033026465563234,0.3022226760611321,0.6767850241139995,0.0031846428904036468,0.26108852718026365,1.3122591086812643,0.053724154199788245,113.76308257280034,0.5298602939803142,0.0,0.44780264275910436,0.44486065225039817,0.5421117683421484,0.05050869738291629,0.016000184440166456,0.07494714284347585,0.7322368580641528,0.2319912754684929,0.3712840497375954,Specialty Industrial Machinery,Industrials,GGG
2019Q1,2019,Q1,2019-04-24,2019-03-29,86749000.0,404870000.0,104527000.0,0.51,216042000.0,0.533608318719589,1549047000.0,844438000.0,733509000.0,354044000.0,704609000.0,297458000.0,281038000.0,8201304320.000001,8373573320.000001,5.098770650178727,2.071801809944527,0.18849008454875804,0.3457684282327418,0.0768065986613304,5.098770650178727,0.10272986293842769,20.256636253612275,23.635155217927586,9.71214502426466,0.30476432004979886,0.6348055859986956,0.003223633579298762,0.26136715025431767,1.1545401136581894,0.05600152868182825,407.76136429175165,0.533608318719589,0.186046511627907,0.8834360581199657,0.538346512877544,0.4476721306574169,0.03490199084098181,0.17668841474166813,0.08235135750823203,1.2007855112683758,0.33236363645805556,0.3303709549699504,Specialty Industrial Machinery,Industrials,GGG
2018Q4,2018,Q4,2019-02-19,2018-12-28,73723000.0,406438000.0,96574000.0,0.43,208756000.0,0.5136232340479975,1472741000.0,751873000.0,723216000.0,299803000.0,720868000.0,283982000.0,220734000.0,6820780000.0,6966136000.0,4.53276865109269,2.4123040796789894,0.18840651547013357,0.3690437081794399,0.0768142534219454,4.53276865109269,0.0980524636474511,16.78184618564209,23.12975597845991,9.07171822900942,0.29910611342457577,0.6961074997711123,0.003232914710634268,0.27597384740426184,1.3566441963556068,0.05005836056713298,68.59260451130844,0.5136232340479975,-0.20370370370370378,0.8220149911597383,0.6529927105539134,0.3107741007638307,-0.057360504653231524,-0.20455109461486173,-0.15860915324231784,0.3919664756765411,0.2621293206702201,0.19599859991776827,Specialty Industrial Machinery,Industrials,GGG
2018Q3,2018,Q3,2018-10-24,2018-09-28,92681000.0,415936000.0,114779000.0,0.54,221459000.0,0.5324352785043853,1485501000.0,796562000.0,730760000.0,264234000.0,688939000.0,277726000.0,255899000.0,7750225980.000001,7883020980.000001,4.7627879722805195,2.765578994376197,0.18201536047434502,0.3394387379764538,0.09226942243980688,4.7627879722805195,0.11635126958102446,18.63321756231728,20.905649431922402,9.729595411279975,0.23892707243124264,0.7002477261761593,0.002857207010110949,0.2799971188171533,1.6168320503795879,0.06239039892938476,108.61047086521485,0.5324352785043853,0.058823529411764754,0.8175117817947244,0.6517678051878091,0.4574371673617953,-0.03672853333797297,0.03972402961633386,0.012356894635643599,0.8800388942488667,0.3407934202226367,0.28686686012226753,Specialty Industrial Machinery,Industrials,GGG
2018Q2,2018,Q2,2018-07-25,2018-06-29,89140000.0,424570000.0,113378000.0,0.51,229903000.0,0.5414961019384318,1472961000.0,711805000.0,709286000.0,267525000.0,761156000.0,271729000.0,185407000.0,7563497200.0,7757487200.0,4.25567977998326,2.651288664610784,0.20628108958757224,0.4268640990158822,0.09455694752877596,4.25567977998326,0.125230927009504,17.814488070282874,21.212410814449182,10.625799481599595,0.24910253533767107,0.7164012674392501,0.002935811227642155,0.288242526448426,1.4981777403980936,0.060517556133529674,80.85583314625359,0.5414961019384318,0.04081632653061228,0.6963449981144766,0.6339744587305692,0.3988612581515254,0.033638909995009465,0.04245117530113437,0.015058730840853745,-0.46067321269798983,0.3218563472420128,0.04370508519203961,Specialty Industrial Machinery,Industrials,GGG
2018Q1,2018,Q1,2018-04-25,2018-03-30,85510000.0,406348000.0,111696000.0,0.49,222421000.0,0.5473658046797326,1491531000.0,727179000.0,716234000.0,280630000.0,764352000.0,267298000.0,176524000.0,7730017560.0,7913311560.0,4.300976501274597,2.5522360403378115,0.19920873250371599,0.40860090844207547,0.08679760540915396,4.300976501274597,0.11759140459226683,19.023146564028863,22.599747281019763,10.63014410482151,0.2624839200093556,0.688097179926524,0.0029036156549170893,0.2724368450940678,1.4466593022841463,0.05733035384447256,155.24929324576732,0.5473658046797326,1.3333333333333335,0.7743049329703314,0.6336938170483941,0.5516819001941184,0.11005140490093328,1.349692240052759,0.46544214117029653,0.2999566307926714,0.3876929338610082,0.23356018300930895,Specialty Industrial Machinery,Industrials,GGG
2017Q4,2017,Q4,2018-02-20,2017-12-29,36392000.0,374859000.0,76220000.0,0.21,200370000.0,0.534520979888438,1379205000.0,723063000.0,631926000.0,234426000.0,656142000.0,239349000.0,181599000.0,7638743280.0,7767694280.0,4.2804042054415,2.6956310306877223,0.16865730620176117,0.32170502432014914,0.03947671161950121,4.2804042054415,0.05033033082871064,20.37764407417189,52.47542921521214,10.564422851120858,0.5551769619696637,0.7290149530601757,0.0026449376892791715,0.2717935332311005,1.5360198954040933,0.026386215247189503,94.98443540866192,0.534520979888438,-0.5153842426032635,-0.07177555294820798,0.5928770738421946,0.7163599496449091,-0.015211461430712898,-0.5177312483434933,-0.2350231339763341,-0.21733627707424427,0.2920163736302674,0.279484884801956,Specialty Industrial Machinery,Industrials,GGG
2017Q3,2017,Q3,2017-10-25,2017-09-29,75460000.0,379812000.0,99637000.0,0.433333,203465000.0,0.5356992406769665,1404223000.0,719989000.0,642399000.0,288271000.0,684234000.0,222878000.0,280355000.0,6929484869.999999,7095699869.999999,4.283889354967305,2.2284551689209113,0.21806721581970956,0.42530510882805156,0.07600860275855834,4.283889354967305,0.1048071567760063,18.24451273261508,22.957477040816325,9.624431581593608,0.2671349059104161,0.7912265903319304,0.0029090185458475505,0.27047840691969866,1.3828376770469455,0.053737903452656735,70.58011254952687,0.5356992406769665,-0.057971739130434775,1.1972089912153618,0.6011054499342465,0.8209593752496813,-0.002334008365164435,-0.05471764293230445,0.008788182526906215,0.35547391670707285,0.3425890120677158,0.19214533410950999,Specialty Industrial Machinery,Industrials,GGG
2017Q2,2017,Q2,2017-07-26,2017-06-30,79828000.0,379483000.0,98769000.0,0.46,203941000.0,0.5374180134551482,1341777000.0,651562000.0,579705000.0,264089000.0,690215000.0,221441000.0,224822000.0,6097938860.099999,6344573860.099999,3.8921763648202243,2.1951122538235217,0.24004063268337436,0.4943213385679337,0.08470325431280808,3.8921763648202243,0.12251788778351101,16.069069919074106,19.09711774095555,9.358954113499559,0.2505010773162299,0.7927258276470933,0.003279304771460446,0.28282121395731186,1.2698219160964674,0.059494237865159415,79.14672870882329,0.5374180134551482,0.31428571428571445,1.5188467448622887,0.5337620365898935,0.8044579439056878,0.10075941988309144,0.3144306131857999,0.15087216415562624,0.3056808274260093,0.27459585337444326,0.08046570910595709,Specialty Industrial Machinery,Industrials,GGG
2017Q1,2017,Q1,2017-04-26,2017-03-31,60732000.0,340590000.0,85821000.0,0.35,185273000.0,0.5439766287912152,1313850000.0,567011000.0,556648000.0,253707000.0,746839000.0,214946000.0,164970000.0,5249999520.0,5560466520.0,3.389106058432554,2.1940585005537883,0.29458081211706055,0.6825881684835039,0.06697068738873384,3.389106058432554,0.10710903315808688,15.414426495199507,21.611339656194424,9.259078783304027,0.3312586445366528,0.7225861379137085,0.003832000350354318,0.25923050576549833,1.2650931980591784,0.046224454846443656,124.92860079954312,0.5439766287912152,1.561497626469319,0.8483741493520273,0.5665060385341569,0.645637700899071,0.003080604643104643,1.5827679848003608,1.8029959953591077,0.3052687895416395,0.28105103921081187,-0.03774562041478868,Specialty Industrial Machinery,Industrials,GGG
2016Q4,2016,Q4,2017-02-21,2016-12-30,-104213000.0,349063000.0,-106876000.0,-0.623333,184704000.0,0.529142303824811,1243109000.0,573820000.0,503362000.0,177985000.0,669289000.0,201609000.0,206820000.0,4631857624.5,4894090624.5,3.431219541363949,2.8281147287692785,0.25307354383243946,0.548252065107525,-0.11297416870658603,3.431219541363949,-0.1816127008469555,13.269403014642055,-11.111515896529223,8.07196964989021,-0.17633116789651962,0.8152364229771488,0.0039673067459588965,0.28079838533869517,1.5210832373514622,-0.08383255209317927,77.96821291261972,0.529142303824811,-2.9684179279811285,-4.7257276968996145,0.7610539921350453,0.9338750529035827,0.04590085957938368,-2.916102816797823,-2.31194147107925,-3.5546099883067286,0.4081023102225482,-0.0077689696846953045,Specialty Industrial Machinery,Industrials,GGG
2016Q3,2016,Q3,2016-10-19,2016-09-23,54388000.0,327192000.0,81464000.0,0.316667,176598000.0,0.5397381354067337,1421202000.0,711765000.0,498243000.0,177222000.0,709437000.0,201553000.0,333278000.0,4094995791.6000004,4405833791.6,4.260739171036564,2.8114060331110133,0.256233807720507,0.5116295406489502,0.053748623492364464,4.260739171036564,0.07641286098642108,12.515574315997947,18.82306663050673,5.753297495100209,0.3378134882694712,0.7471682386270608,0.004486695697633741,0.2302220233295478,1.560635812709483,0.03826901453839778,38.80519479943522,0.5397381354067337,0.06741565458915201,0.61478279420868,0.5618366800568451,1.3156996429965604,-0.04614320976985108,0.0675407776709129,0.03985091011207271,0.06781562004741719,0.3008637724529181,0.3038076992811448,Specialty Industrial Machinery,Industrials,GGG
2016Q2,2016,Q2,2016-07-20,2016-06-24,50947000.0,348126000.0,78342000.0,0.296667,185141000.0,0.5318218116429109,1450889000.0,676132000.0,518226000.0,169816000.0,774757000.0,205344000.0,297495000.0,4310527883.4,4709464883.4,4.051071886496267,3.0516912422857683,0.30519288518970095,0.6549031845852585,0.04859277623716102,4.051071886496267,0.07535067117071814,12.382091206632081,21.152020155259386,6.37527566126141,0.36023710915264884,0.7937168848371513,0.004257715179312045,0.2399397886399304,1.6954291703961935,0.03511433335010466,86.9250818407308,0.5318218116429109,0.2714318163311662,0.45949855091652236,0.6191626253583816,1.153124430860454,0.1442866325496304,0.28810173948220064,0.2853697353525078,-0.028392809617329446,0.34265047997664694,0.33160571494614016,Specialty Industrial Machinery,Industrials,GGG
2016Q1,2016,Q1,2016-04-20,2016-03-25,39552000.0,304912000.0,60949000.0,0.233333,161796000.0,0.5306317888439943,1430998000.0,636908000.0,495844000.0,161757000.0,794090000.0,212331000.0,264901000.0,4560034080.0,4995722080.0,3.8325931809702616,3.0653634773147376,0.3299641229407728,0.7413598196285806,0.03773394807521392,3.8325931809702616,0.062100020725128276,14.955246366164664,28.823030946601943,7.159643276579978,0.4634911003236246,0.6740231054344397,0.004020145393299341,0.21307646831092705,1.6229282194897283,0.027639451627465585,366.06197960985793,0.5306317888439943,-0.25531942055257495,0.15516936108227575,0.5240402881011045,1.2629699141512793,-0.057967301690810005,-0.261317794710892,-0.19884063305115937,-0.1650315223325868,0.24720353423199903,0.38270122330511896,Specialty Industrial Machinery,Industrials,GGG
2015Q4,2015,Q4,2016-02-16,2015-12-25,53544000.0,325557000.0,76076000.0,0.313333,171752000.0,0.5275635295816093,1391352000.0,635551000.0,509017000.0,194616000.0,755801000.0,202136000.0,285508000.0,4095087480.0000005,4451388480.0,3.789944780373776,2.615494101204423,0.29366831686014755,0.642900412398061,0.053416047517425166,3.789944780373776,0.08424815632419742,12.578711193431566,19.12019778126401,6.443365646502012,0.31321903481249064,0.7608986029208058,0.004095394807048175,0.23398607972676935,1.4274468697332183,0.03848343194245597,98.63402572378247,0.5275635295816093,0.09302082206881143,1.15047086017711,0.7899072871128969,1.6102022442959851,0.009142400526451856,0.05628218026868675,-0.011062435815773396,0.37572529698035906,0.39352636448788547,0.51969513162563,Specialty Industrial Machinery,Industrials,GGG
2015Q3,2015,Q3,2015-10-21,2015-09-25,50691000.0,318986000.0,76927000.0,0.286667,170196000.0,0.5335531966920178,1387399000.0,636492000.0,519880000.0,204347000.0,750907000.0,197215000.0,284613000.0,3809813767.5000005,4142143767.5000005,3.701072830353249,2.544103901696624,0.27695205200522705,0.6036886559454008,0.05169473736594388,3.701072830353249,0.07964122094228993,11.943514033531253,18.789399338639996,5.985642816406177,0.3416582825353613,0.7544557969728469,0.004545891494156872,0.22991655608804676,1.3771525884891875,0.03653671366348109,128.7360197168345,0.5335531966920178,-0.7034480332937816,0.7466087189333679,0.7606928157072494,1.6921385794357733,-0.05772797484262802,-0.7063723303810886,-0.08301248048062367,0.44247310147639957,0.3141507113050544,0.5732206671255307,Specialty Industrial Machinery,Industrials,GGG
2015Q2,2015,Q2,2015-07-23,2015-06-26,172637000.0,335489000.0,83891000.0,0.966667,180623000.0,0.5383872496564716,1418908000.0,712355000.0,535142000.0,233772000.0,706553000.0,194568000.0,343666000.0,4217955226.5,4484461226.5,4.077473455253141,2.2891620895573466,0.2190163139541112,0.43624878045356597,0.05921857768524232,4.077473455253141,0.24234686357223575,12.572558940829655,6.108127496567943,5.921142164370292,0.10200015060502673,0.7959479462193166,0.004174771673575042,0.23644168614173716,1.313159830946392,0.12166891722366778,107.18255854699768,0.5383872496564716,1.5438605263157896,6.233013461585238,0.8173772802723998,2.1001588327223915,0.11406966057892172,1.507764268386572,0.28606030874890775,4.219612689443208,0.2992772854235821,0.8903638164751934,Specialty Industrial Machinery,Industrials,GGG
2015Q1,2015,Q1,2015-04-22,2015-03-27,68841000.0,306453000.0,65231000.0,0.38,162129000.0,0.5290501316678251,1767805000.0,616936000.0,905304000.0,218677000.0,1150869000.0,182485000.0,262088000.0,4195318530.0,4986693530.0,3.486636939579413,4.139914119912016,0.463316372563716,1.3276142095776546,0.03523917847622061,3.486636939579413,0.11158531841228264,13.689924817182407,15.235537434087245,6.800249183059507,0.2575500065368022,0.7908814423103269,0.004226139177088897,0.1733522645314387,3.167562203615378,0.03894151221429965,112.09935951903807,0.5290501316678251,0.42499821875222665,2.417008815322607,0.8990768938680661,1.7320540674042721,-0.0159686817188638,0.403743806202973,-0.06095155833873173,0.9810361981091933,0.33271411096609665,0.6929954678883427,Specialty Industrial Machinery,Industrials,GGG
2014Q4,2014,Q4,2015-02-17,2014-12-26,49041000.0,306005000.0,69465000.0,0.266667,164760000.0,0.5384225747945295,1544778000.0,596032000.0,859507000.0,174480000.0,948746000.0,159797000.0,252865000.0,4835958901.2,5432318901.2,3.345412092229631,4.926106143970656,0.4013625258775047,1.04023945023086,0.04178632289664848,3.345412092229631,0.08227913937506712,15.80352903122498,24.652631987520646,8.113589373053795,0.33349646214392037,0.8839027015525949,0.0033819559541628137,0.19808995208372984,3.7847718936267767,0.03174630917840622,73.83256082077588,0.5384225747945295,-0.1752558507792276,1.8728786715214323,1.1108949192529838,1.8693561888861276,-0.006356519956095384,-0.17648738056455812,-0.11965985273803338,0.645719251165995,0.4491208228219131,0.8855129812746171,Specialty Industrial Machinery,Industrials,GGG
2014Q3,2014,Q3,2014-10-22,2014-09-26,59551000.0,302614000.0,78907000.0,0.323333,165814000.0,0.547938958541244,1427818000.0,646041000.0,844511000.0,159913000.0,781777000.0,149023000.0,270450000.0,4366360072.8,4852534072.8,3.5934287812041115,5.281065329272792,0.36062789515190313,0.7970252661982753,0.04903068809520712,3.5934287812041115,0.09217836019695344,14.428810540160072,18.330339006901646,6.758642366041784,0.2774428640996793,0.9179791038967139,0.003783929800687509,0.211941577988231,4.159599282109647,0.041707696639207516,55.86938534413267,0.547938958541244,-0.09345972573857415,2.4357939841607807,1.0547057560663207,2.50499500119943,-0.06240316652530393,-0.1009269883447068,-0.08085220389525673,0.6428606362726832,0.34221657801290745,0.953018340651793,Specialty Industrial Machinery,Industrials,GGG
2014Q2,2014,Q2,2014-07-23,2014-06-27,66236000.0,322549000.0,85848000.0,0.356667,176850000.0,0.5482887871300175,1456877000.0,653312000.0,859460000.0,165166000.0,803565000.0,147060000.0,271060000.0,4700825280.0,5206616280.0,3.6023136431056635,5.203613334463509,0.36747028060707937,0.8194537984913793,0.05203277733138842,3.6023136431056635,0.10138494318181818,14.573988076230279,17.742712724198324,7.1953756857366775,0.25170602089498156,0.9907452740378077,0.0035466112877949804,0.22139755106299297,4.120454572975068,0.04546437345088158,103.07923164634681,0.5482887871300175,0.3209888888888888,4.641515076444177,1.1637677144425203,2.732433422250846,0.1100858692377222,0.30527145531579464,0.14916002944916673,0.7462305355174573,0.3806135732876772,0.9146116706660121,Specialty Industrial Machinery,Industrials,GGG
2014Q1,2014,Q1,2014-04-23,2014-03-28,50745000.0,289962000.0,74705000.0,0.27,159312000.0,0.5494237175905808,1430577000.0,642654000.0,835369000.0,168893000.0,787923000.0,147373000.0,263531000.0,4480142437.8,4970119437.8,3.522047943178455,4.946143416245789,0.35933682702853464,0.7999001017654912,0.04456194703328396,3.522047943178455,0.07896161853812471,15.450791613383823,22.071841746970147,6.971313393832451,0.33132328308207704,0.8865260257984842,0.0037527824691788417,0.20268884513032154,3.886963935746301,0.03547170127857501,209.71504179188318,0.5494237175905808,0.14084346360075561,16.975854528508563,1.0620642154614075,2.7417903395098193,0.08228996120897561,0.13401716277822473,0.1796333433340176,0.34980955789319845,0.3199729991682367,1.0796072411717528,Specialty Industrial Machinery,Industrials,GGG
2013Q4,2013,Q4,2014-02-18,2013-12-27,44748000.0,271923000.0,63329000.0,0.236667,147199000.0,0.5413260371502226,1327228000.0,634365000.0,792593000.0,168853000.0,692863000.0,133787000.0,272653000.0,4758537360.0,5156735360.0,3.4580853012363444,4.693982339668232,0.314907461265133,0.6588541297202715,0.04305418974115761,3.4580853012363444,0.07053983116975243,17.49957657130879,26.585195762939126,7.5012608829301755,0.34202645928309644,0.9322579921816021,0.0032163244379781433,0.20488039733941718,3.7034935713312764,0.03371538273755527,88.25344238580092,0.5413260371502226,-0.20224696376745652,3.342980482137141,0.5962464450971132,2.7028664326564047,-0.024351606980705626,-0.20236715923067325,-0.09174482976221209,0.6428972093036956,0.36666934701088955,1.381644730286509,Specialty Industrial Machinery,Industrials,GGG
2013Q3,2013,Q3,2013-10-23,2013-09-27,56101000.0,277035000.0,69726000.0,0.296667,150873000.0,0.5445990578807732,1331900000.0,601294000.0,794775000.0,163792000.0,730606000.0,132745000.0,282254000.0,4501848333.3,4898359333.3,3.267919934347469,4.852343215785875,0.31066746752759217,0.6881458986785167,0.05228716864572053,3.267919934347469,0.09330044869897255,16.250106785424226,20.06135511532771,7.486933735078015,0.2732571611914226,0.9504086782929677,0.003405267984397559,0.20799984983857647,3.873345462537853,0.04212103010736542,59.961485013119514,0.5445990578807732,-0.03260866020797806,0.6682050752194221,0.30275185231144874,1.4988631532469974,-0.04955303989567781,-0.03011600366509344,-0.07300211388382945,0.8066965823937582,0.4292113788143053,1.3770657139228317,Specialty Industrial Machinery,Industrials,GGG
2013Q2,2013,Q2,2013-07-24,2013-06-28,57843000.0,286020000.0,75217000.0,0.306667,158739000.0,0.554992657856094,1340500000.0,560117000.0,810576000.0,154871000.0,780383000.0,133304000.0,261944000.0,3879260910.0,4325279910.0,3.0422457947021666,5.233878518250673,0.3532920552032824,0.8455162046500999,0.051679277976279525,3.0422457947021666,0.10326949548040856,13.562900881057269,16.766336937918158,6.9258046265333855,0.26471656034438046,0.9548175598631699,0.003947143632574072,0.21336814621409922,4.1985006876690925,0.043150317045878406,70.71329973204033,0.554992657856094,0.09523928571428569,0.34644795111257437,0.18165115517808442,1.2753059993741047,0.053735960277209845,0.10959140610013428,0.05203015511140328,1.2996253221396328,0.4702259759481481,1.3130610843358494,Specialty Industrial Machinery,Industrials,GGG
2013Q1,2013,Q1,2013-04-24,2013-03-29,52130000.0,269046000.0,71497000.0,0.28,150644000.0,0.5599191216371922,1333252000.0,506918000.0,803492000.0,146922000.0,826334000.0,130276000.0,226209000.0,3537560733.9,4028198733.9,2.7718158604134886,5.468833802970283,0.3957301395385118,1.0408152797888417,0.05065021877380525,2.7718158604134886,0.10283714525820745,13.14853494904217,16.965090801361978,6.978566028233362,0.29142528294647996,0.9088550462095858,0.00429448457362639,0.20179680960538593,4.403132274267979,0.03909988509299067,98.59697131748376,0.5599191216371922,0.23529230104073384,0.47277048611044603,0.32441274580183055,1.2821663529174983,0.08464374171994701,0.23349581184042403,0.2347932713895893,1.5034948527812657,0.6131147458467501,1.1719355719474,Specialty Industrial Machinery,Industrials,GGG
2012Q4,2012,Q4,2013-02-19,2012-12-28,42262000.0,253678000.0,57902000.0,0.226667,138888000.0,0.5474972208863205,1321734000.0,454114000.0,776996000.0,151671000.0,867620000.0,121549000.0,189297000.0,3086442450.0,3619935450.0,2.4938849256690334,5.1229041807596705,0.4271759673277679,1.2433287676662688,0.040947644900539926,2.4938849256690334,0.09306473704840634,12.166772246706454,18.25778743315508,6.796624746209102,0.32293786380199707,0.9443927963208254,0.004421919482088513,0.1919281791949061,4.154228560502667,0.03197466358586523,55.55651966519665,0.5474972208863205,0.13333499999999998,0.2568385213919264,0.3110312134939149,0.9681739853765381,-0.007467859618531726,0.13818642104979667,0.02788872911895759,1.4223644655218872,0.7121916332873213,1.1390022958484243,Specialty Industrial Machinery,Industrials,GGG
2012Q3,2012,Q3,2012-10-24,2012-09-28,37131000.0,256472000.0,56331000.0,0.2,139933000.0,0.5456073177578838,1299968000.0,427481000.0,776006000.0,143798000.0,872487000.0,120586000.0,162880000.0,3045459600.0000005,3615375600.0000005,2.352545264432337,5.3965006467405665,0.4594197703328082,1.3970936719994573,0.03756942826364347,2.352545264432337,0.08686000079535698,11.874433076515176,20.50483154237699,7.124198736318107,0.36656701947160053,0.9664388900867431,0.004469276164425231,0.19729101024025206,4.374657505667673,0.02856301078180386,48.125210960462695,0.5456073177578838,0.07142665816668191,0.004961064967662322,0.3149207589762881,0.6232754918436225,0.002888267756038128,0.0808977643223102,0.07348261076703191,1.1195658434535045,0.7229504597840326,1.294649454320817,Specialty Industrial Machinery,Industrials,GGG
2012Q2,2012,Q2,2012-07-26,2012-06-29,34352000.0,268184000.0,52475000.0,0.186667,139530000.0,0.5202771231691674,1319721000.0,391388000.0,793927000.0,153919000.0,928333000.0,124428000.0,139724000.0,2787102720.0,3397530720.0,2.1569781540021604,5.158083147629597,0.4800378261768965,1.6186393042198535,0.03493048057146067,2.1569781540021604,0.08776968123703333,10.392501864391612,20.283409408476945,7.1210735127290565,0.39566837447601305,1.0339634165943357,0.004876748855528368,0.20321264873408848,4.174370935362106,0.026029744165622884,75.1706642932276,0.5202771231691674,-0.034479369792016906,-0.1523106620786777,0.2636009525938758,0.27420432606229656,0.05561397801466193,-0.02908340634803991,-0.09477479342407148,1.9243613522626832,0.7981468381013035,1.234890725984031,Specialty Industrial Machinery,Industrials,GGG
2012Q1,2012,Q1,2012-04-25,2012-03-30,35381000.0,234122000.0,57969000.0,0.193333,132179000.0,0.5645731712525948,925694000.0,371022000.0,632056000.0,133560000.0,554672000.0,110071000.0,119104000.0,3186365125.2,3170114125.2,2.059448477985746,4.732374962563642,0.33544562241950365,0.8369315027141248,0.055748394179811846,2.059448477985746,0.09536092199384404,13.609849246119543,22.514662708798504,8.588075977165774,0.3801758005709279,0.9261567533682805,0.0042214245610523735,0.2529151101767971,3.735616951182989,0.03822105360950811,205.1219985322518,0.5645731712525948,0.15685136428913365,0.1643212545668759,0.3160414163080319,0.20535927403561174,0.12960953056497995,0.16293058112016828,0.22328437579133958,11.69403269334207,0.6863066219700784,1.187938535751731,Specialty Industrial Machinery,Industrials,GGG
2011Q4,2011,Q4,2012-02-21,2011-12-30,30424000.0,215594000.0,47388000.0,0.16712,117013000.0,0.5427470152230581,874309000.0,322740000.0,582970000.0,131282000.0,551569000.0,105347000.0,97467000.0,2479297000.0,2484805000.0,1.7742715777899944,4.4405935314818485,0.3530307934608931,0.9563673545268637,0.05222297450684171,1.7742715777899944,0.09426783169114457,11.499842296167797,20.372871745990007,7.682025779265044,0.4118459111227978,0.9357741558848377,0.005053851958841559,0.24658787682615643,3.4586767416706024,0.03479776600721255,53.48268869857842,0.5427470152230581,-0.1644000000000001,-0.03732401476134451,0.19443369758413187,0.09885582484486248,-0.07389057293686535,-0.16765156489384986,-0.16573360092954473,1.9778400949487431,0.2763256078825625,0.8998636804783278,Specialty Industrial Machinery,Industrials,GGG
2011Q3,2011,Q3,2011-10-26,2011-09-30,36552000.0,227347000.0,56802000.0,0.2,126349000.0,0.5557539795994669,839609000.0,333562000.0,565198000.0,128483000.0,506047000.0,111727000.0,84648000.0,2063080200.0000002,2096336200.0000002,1.8399360141210215,4.39900998575687,0.3669422314434457,0.9236303895527668,0.06064931072924446,1.8399360141210215,0.10958082755229913,9.07458730486877,14.110583552199607,6.1849976915835745,0.3494747209455023,0.9039712871552982,0.006191712760366756,0.27077723083006494,3.356568573274285,0.04353455001077883,35.882775893555966,0.5557539795994669,-0.016391830150541242,0.09975478961891349,0.2649508069746713,0.15377912200699834,-0.04603385530706854,-0.040604740281897166,-0.024942065058793237,0.1031424431510704,0.0850703603056737,0.4069341974062885,Specialty Industrial Machinery,Industrials,GGG
2011Q2,2011,Q2,2011-07-27,2011-07-01,38099000.0,234663000.0,58255000.0,0.203333,132446000.0,0.5644093870784913,692269000.0,342737000.0,417136000.0,121286000.0,349532000.0,113494000.0,94305000.0,3128959202.1,3173627202.1,1.8814852631983443,3.4392757614234126,0.23680823494913106,0.4783113582717944,0.07794554369779753,1.8814852631983443,0.11116103601303623,13.333841304764706,20.53176725176514,9.12933007553897,0.33412950471140973,0.9006379191851551,0.004068445504644569,0.3389766116928535,2.300958066058737,0.055034964731917796,131.77894213696092,0.5644093870784913,0.0,0.02859598777408306,0.1977883427282639,0.19880545594134047,0.06470413273632,0.022709580436474915,0.020781860554767037,-0.10365206600892558,-0.020145063987224692,0.407169241401897,Specialty Industrial Machinery,Industrials,GGG
2011Q1,2011,Q1,2011-04-27,2011-04-01,37253000.0,217679000.0,57069000.0,0.203333,124397000.0,0.571469916712223,655422000.0,306222000.0,380525000.0,121763000.0,349200000.0,102785000.0,69066000.0,2719979073.0,2778662073.0,1.6936120789779325,3.125128323053801,0.24593620598637214,0.5263893515162202,0.080569890392336,1.6936120789779325,0.12165357159185167,12.495367366627006,18.253423033044317,8.882376422987246,0.3385499154430516,0.9075448752249842,0.004636800380265279,0.33212037435423286,2.1028555472516284,0.05683818974645343,281.4839152437131,0.571469916712223,0.3694561870556874,0.18865744993394515,0.2799574757586964,0.11411693986599805,0.15533286276840777,0.3793320497630332,0.5096420918974685,0.06453388755828496,0.08383765852019813,0.39443047308399093,Specialty Industrial Machinery,Industrials,GGG
2010Q4,2010,Q4,2011-02-22,2010-12-31,27008000.0,197293000.0,37803000.0,0.14847718526663,107672000.0,0.5457466813318262,530474000.0,264114000.0,252408000.0,119754000.0,266360000.0,91620000.0,44436000.0,2391985000.0,2460832000.0,1.4519736118746565,2.1077208276967783,0.14786398579383722,0.29698539267134644,0.08164021539595352,1.4519736118746565,0.10225887306238973,12.124023660241367,22.141448829976305,9.056638421287778,0.443387144549763,0.9781816197336826,0.005006302297046177,0.37191832210438214,1.1204970188887218,0.050912957091205226,77.37295811094938,0.5457466813318262,-0.10913867012287976,-0.04186010437005388,0.21725973326819517,0.05131360573925182,0.029782513054955145,-0.11248398015181887,-0.12942449853764135,-0.19596001967873225,0.020698990290820715,0.1458975756783427,Specialty Industrial Machinery,Industrials,GGG
2010Q3,2010,Q3,2010-10-20,2010-09-24,30431000.0,189963000.0,43423000.0,0.166667,104558000.0,0.5504124487400178,527100000.0,247900000.0,253700000.0,123300000.0,279300000.0,85300000.0,30000000.0,1851301610.7,1942701610.7,1.3747705480781496,2.057583130575831,0.19180421172453044,0.40782573618394513,0.08986878170073843,1.3747705480781496,0.1227551432029044,9.74559051341577,15.209010636357663,7.467937114562323,0.39594492458348396,1.0012309495896834,0.006508393840506693,0.36039271485486624,1.178426601784266,0.057732878011762474,60.18340140762654,0.5504124487400178,0.21951165972765918,0.12506770515707302,0.22645191892813818,0.0407671048335904,0.02588304552590267,0.22527782251570302,0.10747532454283455,-0.17003202346762594,-0.018565853564664957,-0.05139706710715658,Specialty Industrial Machinery,Industrials,GGG
2010Q2,2010,Q2,2010-07-21,2010-06-25,24836000.0,192088000.0,39209000.0,0.136667,101920000.0,0.5305901461829995,523100000.0,239100000.0,243300000.0,126400000.0,284000000.0,76200000.0,23900000.0,1818509910.3,1907209910.3,1.315246629371091,1.9248417721518987,0.1789332823551902,0.39146800501882056,0.0761511439327604,1.315246629371091,0.1038728565453785,9.467066710570155,18.305181090956676,7.605645797992471,0.4880012884522467,1.1833070866141733,0.006664797332889191,0.3672108583444848,1.1329113924050633,0.04747849359587077,205.45813018867923,0.5305901461829995,0.20588884084953196,-0.21181678258329334,0.09599715701417529,0.04514901343147446,0.14138529592922336,0.2076829564794554,0.1988320185898612,-0.3882757099210325,-0.09662785302414202,-0.22303666271539832,Specialty Industrial Machinery,Industrials,GGG
2010Q1,2010,Q1,2010-04-21,2010-03-26,20565000.0,164721000.0,32706000.0,0.113333,89295000.0,0.5420984573915895,505283000.0,230504000.0,222149000.0,117388000.0,274779000.0,66410000.0,19618000.0,1895892960.6000001,1978310960.6000001,1.276196170924271,1.8924336388727978,0.18613529447853974,0.4080232880991219,0.0658627873029233,1.276196170924271,0.08921754069343699,11.509722261278162,23.047568205689277,8.22498941710339,0.5836129345976173,1.1357626863424184,0.006330526168630155,0.3259975103061057,1.113759498415511,0.040699964178490075,145.06794403550387,0.5420984573915895,0.1828626188403274,-0.1274045983305242,0.10552849282887021,0.054365373300651054,0.15459212040497033,0.19362702420337802,0.3797089221683189,-0.3249761191186383,-0.07644236429145353,-0.2530646400939224,Specialty Industrial Machinery,Industrials,GGG
2009Q4,2009,Q4,2009-12-31,2009-12-31,17229000.0,146312000.0,23705000.0,0.09581247914581248,77339000.0,0.5285895893706599,476434000.0,209654000.0,188993000.0,103815000.0,266780000.0,58658000.0,11121000.0,1712479806.0000002,1805355806.0000002,1.1659103547992438,1.8204787362134567,0.2062992985387273,0.46881051637459814,0.05886934307915878,1.1659103547992438,0.08217825560208725,11.704301807097163,24.84879862441233,8.168123699047001,0.6602240408613385,1.1758498414538512,0.006642414094546116,0.30709815000608687,1.023320329432163,0.036162406545292736,50.09887677725119,0.5285895893706599,-0.008839840423179821,-0.26744722563238665,0.06602927643282876,0.06420249681030632,-0.010263498035602309,-0.006172127365020766,-0.09477985259861764,-0.44853417680064134,-0.18002609847492024,-0.27791923138740027,Specialty Industrial Machinery,Industrials,GGG
2009Q3,2009,Q3,2009-09-30,2009-09-30,17336000.0,147308000.0,26187000.0,0.096667,78141000.0,0.5304599885953241,497072000.0,184357000.0,197049000.0,105474000.0,312715000.0,60581000.0,5900000.0,1670527799.9999998,1786693799.9999998,1.0252307863418975,1.868223448432789,0.2438882093539769,0.6575828419859294,0.059816103680163206,1.0252307863418975,0.09403494307240842,11.340373910446138,24.09044473927088,9.061374398585352,0.6566105214582372,1.1417276043644047,0.006814014109792128,0.2963514339974893,1.0614369418055634,0.034876235233527536,41.63620457604306,0.5304599885953241,0.5263290859425577,-0.31137486788628205,0.13117675529515146,-0.03206091706931094,0.07030736357659434,0.49011517964586554,0.41965737829339694,-0.47414080653657986,-0.17368317167579528,-0.35710271039768093,Specialty Industrial Machinery,Industrials,GGG
2009Q2,2009,Q2,2009-06-30,2009-06-30,11634000.0,147712000.0,18446000.0,0.063333,73008000.0,0.49425909878682844,534519000.0,173444000.0,220803000.0,103335000.0,361075000.0,68536000.0,-30000.0,1319064060.0,1463734060.0,0.9651380843474728,2.1367687617941646,0.29667607699632753,0.9142951038952054,0.037722835683132026,0.9651380843474728,0.06707640506445885,8.92997224328423,28.345024497163486,7.605129378934988,0.9779955303421007,1.089996498190732,0.008625813063241219,0.2763456490788915,1.2220351284656699,0.021765362877652617,34.494353033472805,0.49425909878682844,2.7999040019199612,-0.5483395830007681,0.0733670869574577,0.003575737175153889,0.13493346598681755,3.203034682080925,2.0096263664545604,-0.6816164278171245,-0.23573920025770728,-0.38505348732537326,Specialty Industrial Machinery,Industrials,GGG
2009Q1,2009,Q1,2009-03-31,2009-03-31,2768000.0,137880000.0,6129000.0,0.016667,64328000.0,0.4665506237307804,551309000.0,168407000.0,234786000.0,104045000.0,382902000.0,85577000.0,-103000.0,1018020660.0000001,1186564660.0,0.9412734609924321,2.2565812869431494,0.3325594176768382,1.0886899000635366,0.011571612734244872,0.9412734609924321,0.0164363714097395,7.383381636205397,91.9455075867052,6.045002048608431,4.085260115606936,0.8594832723745867,0.0111078295798044,0.25009568136925026,1.169292133211591,0.005020777821512074,46.436193039273824,0.4665506237307804,-0.7038030922338724,-0.8563923600308385,0.18322475638132524,0.07738236036339415,-0.20973943809044115,-0.725451299345368,-0.6025034048900707,-0.9107435374247593,-0.18067085621435539,-0.3807975740401946,Specialty Industrial Machinery,Industrials,GGG
2008Q4,2008,Q4,2009-02-17,2008-12-26,10082000.0,166689000.0,15419000.0,0.05627,81401000.0,0.4883405623646431,579850000.0,167634000.0,260595000.0,121160000.0,412216000.0,91604000.0,8445000.0,1342660000.0,1528852000.0,0.9338941504178273,2.1508336084516344,0.34200396654307147,1.1829998687617072,0.03349649262768468,0.9338941504178273,0.06014293043177398,8.054880645993437,33.29349335449316,8.009473018600046,1.0919460424518945,0.93105104580586,0.008199395230363607,0.2874691730619988,1.1523935292175636,0.017387255324652927,31.039855742555947,0.4883405623646431,-0.6873888888888888,-0.44582816717789914,0.4455995319026396,0.1582245337612298,-0.26106572258533045,-0.6923593311363359,-0.706466903995888,-0.6375472173712464,0.042189675609322,-0.3238061500395107,Specialty Industrial Machinery,Industrials,GGG
2008Q3,2008,Q3,2008-10-22,2008-09-26,32772000.0,207231000.0,52529000.0,0.18,110160000.0,0.5315806997987753,607396000.0,234491000.0,278616000.0,119565000.0,372905000.0,95313000.0,10111000.0,2114029529.9999998,2317153530.0,1.3077626640343099,2.330247145903902,0.34306119895422427,0.8886225910589319,0.07778645669339498,1.3077626640343099,0.139758029092801,10.201318962896476,16.126796731966312,9.015397307359343,0.3390394238984499,1.0184444934059362,0.0052558395435469635,0.34117939532035113,1.2718604942918077,0.05395491573866144,44.56217390387858,0.5315806997987753,-0.21739130434782614,0.6449329920192743,0.7657088083587684,0.0396012055162273,-0.14447473264835395,-0.22814950893803435,-0.2167215901465786,0.21846888494900019,0.34550492865595955,-0.009961070551621324,Specialty Industrial Machinery,Industrials,GGG
2008Q2,2008,Q2,2008-07-23,2008-06-27,42459000.0,239230000.0,67063000.0,0.23,128763000.0,0.5382393512519333,617472000.0,243303000.0,293493000.0,123531000.0,374169000.0,91709000.0,17921000.0,2330999101.83,2534425101.83,1.337071055734496,2.3758651674478473,0.33736752435737977,0.8561957723497039,0.09691123139353412,1.337071055734496,0.17451079518131712,9.74375747953852,13.725000010775101,9.580642662975796,0.2639251984267175,1.204538267781788,0.004807380659736201,0.38743457193200664,1.3929378050853631,0.06876263215174129,156.98020754461578,0.5382393512519333,0.21052631578947373,0.9444444397385127,0.8311202377449882,0.16750651711420264,0.15118056735179208,0.19380869369622675,0.28095274477594834,0.34615384408974004,0.3636541400111575,0.062491599356463756,Specialty Industrial Machinery,Industrials,GGG
2008Q1,2008,Q1,2008-04-23,2008-03-28,35566000.0,204120000.0,52354000.0,0.19,111853000.0,0.5479766803840878,597747000.0,223189000.0,274251000.0,134265000.0,374558000.0,88496000.0,4792000.0,2222913785.4,2414296785.4,1.2145546957477606,2.0426097642721484,0.3315131652689181,0.8878618569911599,0.08687889881581144,1.2145546957477606,0.1593537315907146,10.890230185185185,15.62527262975876,9.959782002697265,0.319856042287578,1.0426120954619418,0.0051176073830290075,0.34148226590848635,1.173083081964771,0.059500089502749494,83.87087931632962,0.5479766803840878,0.028896095967244406,1.2599148533601627,0.9720676273538078,0.2260584157435097,0.019756395529055667,-0.002580066184306467,-0.033042129176440165,0.48328481405778984,0.346517027557225,0.0034385342566081462,Specialty Industrial Machinery,Industrials,GGG
2007Q4,2007,Q4,2007-12-31,2007-12-31,35658000.0,205190000.0,54143000.0,0.18466393326275074,109686000.0,0.5345582143379307,536724000.0,244674000.0,248832000.0,125877000.0,292050000.0,74737000.0,32986000.0,2398261274.82,2519390274.82,1.2671059287433473,1.97678686336662,0.23485254991392224,0.5151793815444223,0.09927403950269258,1.2671059287433473,0.1457367762819098,11.688002703932941,16.814328305148916,9.801864010152284,0.2913231252453867,1.2778677228146702,0.0043314713492922765,0.3823007728366907,1.1551832344272583,0.06643638070963848,52.00948288558293,0.5345582143379307,-0.07668033368624635,1.2207910065856293,0.9152566223292528,0.12198608964707196,-0.008676319071633859,-0.09181672312355144,-0.07504783381167145,0.4118836903426076,0.3922219312256659,0.15657030366112576,Specialty Industrial Machinery,Industrials,GGG
2007Q3,2007,Q3,2007-09-30,2007-09-30,39263000.0,207270000.0,58536000.0,0.2,110646000.0,0.5338254450716456,540760000.0,279847000.0,256359000.0,120398000.0,260913000.0,77592000.0,65813000.0,2564324454.88,2657557454.88,1.44925816736163,2.1292629445671856,0.19048006509357202,0.3680725539312553,0.10446924127159621,1.44925816736163,0.14030166483828663,12.371903579292711,16.327868826121286,9.16330871826391,0.27547563864197844,1.2452830188679245,0.00421787499605082,0.38329388268363046,1.2856691971627436,0.07260707152895925,41.01737827313734,0.5338254450716456,-0.09090909090909087,1.1279069799458796,0.8295371769920751,0.3317285023624383,-0.09478696249754565,-0.11129470348574015,-0.13554065628968898,0.45238095270771533,0.48218932382672725,0.36827106650894004,Specialty Industrial Machinery,Industrials,GGG
2007Q2,2007,Q2,2007-06-30,2007-06-30,44180000.0,231384000.0,67714000.0,0.22,122232000.0,0.5282647028316565,553711000.0,334872000.0,270318000.0,163065000.0,218839000.0,81833000.0,119982000.0,2656081824.3232,2716560824.3232,1.6928039796159855,1.657731579431515,0.11769316484592143,0.19460570008839198,0.11164920086074404,1.6928039796159855,0.1319310064741155,11.479107562853093,15.029888095989136,7.931633054788696,0.24839293798098688,1.333838427040436,0.004131649823249064,0.4178786406627284,1.0091865207125992,0.07978891515610129,122.73378422084008,0.5282647028316565,0.3199973600052799,1.2333333279412502,0.8951243068340436,0.6722851434994283,0.16564627796532586,0.30961908996591075,0.30001727878357365,0.5581395314682983,0.5274376214837255,0.7602217022497245,Specialty Industrial Machinery,Industrials,GGG
2007Q1,2007,Q1,2007-03-31,2007-03-31,33735000.0,197495000.0,52087000.0,0.166667,104862000.0,0.5309602774753791,538817000.0,341717000.0,259186000.0,140972000.0,197100000.0,87366000.0,139645000.0,2610673053.3,2639267053.3,1.7085764571177144,1.838563686405811,0.061915269933947886,0.0976275690117846,0.0902045265698627,1.7085764571177144,0.09872204192358004,13.218932394744172,19.3469175433526,7.6398688192276065,0.32636727434415297,1.0602866103518531,0.004217303268244523,0.36653446346347646,1.0420792781545272,0.06260938314863859,264.452294702188,0.5309602774753791,-0.0402683404353334,1.290482879687107,0.9327370297742466,0.8327637639051134,-0.02156326686758792,-0.05283993598562484,-0.00815005236599067,0.5656847881389653,0.5161223022617606,0.9556379867440123,Specialty Industrial Machinery,Industrials,GGG
