Quarters,Year,Quarter,FillingDate,Date,NetIncome,Revenue,OperatingIncome,EPSDiluted,GrossProfit,GrossProfitRatio,TotalAssets,CommonStockEquity,CurrentAssets,CurrentLiability,TotalLiability,Inventory,RetainedEarnings,MarketCap,EnterpriseValue,bookValuePerShare,currentRatio,debtToAssets,debtToEquity,roic,shareholdersEquityPerShare,roe,priceToSalesRatio,peRatio,pbRatio,payoutRatio,inventoryTurnover,dividendYield,assetTurnover,quickRatio,returnOnAssets,priceToFreeCashFlowsRatio,grossProfitMargin,epsdilutedGrowth,fiveYNetIncomeGrowthPerShare,fiveYRevenueGrowthPerShare,fiveYShareholdersEquityGrowthPerShare,grossProfitGrowth,netIncomeGrowth,operatingIncomeGrowth,threeYNetIncomeGrowthPerShare,threeYRevenueGrowthPerShare,threeYShareholdersEquityGrowthPerShare,Industry,Sector,Symbol
2023Q1,2023,Q1,2023-05-10,2023-03-31,-201776000.0,56083000.0,-117633000.0,-0.55,5002000.0,0.0891892374,679679000.0,-664363000.0,243661000.0,470794000.0,1327747000.0,109021000.0,-3073520000.0,497221083.68,1520449083.68,-1.8171668693387375,0.5175533248087274,1.5220022981436825,-1.557090024579936,-0.25264054738424113,-1.8171668693387375,0.30371348193683273,8.865807529554411,-0.6160557792799938,-0.7484177831697431,0.0,0.46854275781730126,0.0,0.08251395143884098,0.22034265517402515,-0.2968695516560023,-5.244063066149173,0.08918923738031133,-0.2500000000000001,0.691159281280496,-0.658486149665261,0.6759837465766891,1.412604140889219,-0.339262720526742,0.23027142333664868,0.025768114064735483,-0.18342573840726448,-0.5943381417407312,Specialty Chemicals,Basic Materials,AMRS
2022Q4,2022,Q4,2023-03-16,2022-12-31,-150662000.0,75802000.0,-152824000.0,-0.44,-12123000.0,-0.1599298172,824932000.0,-483689000.0,306361000.0,387147000.0,1292642000.0,111880000.0,-2880178000.0,490751478.0,1407868478.0,-1.507981540913464,0.7913299082777343,1.1898604975925289,-2.029308088461801,-0.25832020315188614,-1.507981540913464,0.31148527256150127,6.474123083823645,-0.8143252412685349,-1.0146012789209595,0.0,0.7858866642831606,0.0,0.0918887859847842,0.41845862166050624,-0.18263565966649373,-5.044938916073852,-0.15992981715522017,0.15384615384615388,-12.102542690439915,-0.859546541732319,0.6308338880739655,-3.282620975334212,0.0993101139447852,-0.03135418213230034,0.2933974787326825,-0.3082564892557327,0.2865166731469362,Specialty Chemicals,Basic Materials,AMRS
2022Q3,2022,Q3,2022-11-08,2022-09-30,-167274000.0,71129000.0,-148178000.0,-0.52,5311000.0,0.074667154,754060000.0,-422583000.0,272482000.0,309262000.0,1158864000.0,129332000.0,-2730381000.0,941076664.68,1813982664.6799998,-1.311202802398235,0.8810717126578759,1.1821274169164258,-2.1093962606162577,-0.27145513440533325,-1.311202802398235,0.39583703083181293,13.230562283737996,-1.4064897483769145,-2.226962903571606,0.0,0.5089073083227662,0.0,0.0943280375566931,0.3558148107429946,-0.22183115401957404,-5.7515992218555185,0.0746671540440608,-0.625,0.42474350248698445,-0.6576912120389768,0.7428296091626345,-0.4275088929610866,-0.541014113571876,-0.033168085566269934,0.09854119934855013,-0.3467958143095599,0.35103809678967124,Specialty Chemicals,Basic Materials,AMRS
2022Q2,2022,Q2,2022-08-09,2022-06-30,-108548000.0,65207000.0,-143421000.0,-0.32,9277000.0,0.1422700017,789440000.0,-267994000.0,310109000.0,187074000.0,1033028000.0,99195000.0,-2568986000.0,591845051.4,1294452051.4,-0.8377005076366175,1.6576809177117076,1.016450901905148,-2.9941976312902527,-0.23309782916070762,-0.8377005076366175,0.4050389187817638,9.0764036284448,-1.3630952468032576,-2.2084264998470116,0.0,0.5638389031705227,0.0,0.08259905755978922,0.8917059559318772,-0.1375,-3.2034568037152504,0.14227000168693546,0.058823529411764754,-13.262138024214018,-0.8221506933305268,0.8971249341906343,0.06460867569428506,0.008186835276488433,-0.15142100192678226,0.17343186815100034,-0.6983431164387458,0.5590501469223792,Specialty Chemicals,Basic Materials,AMRS
2022Q1,2022,Q1,2022-05-10,2022-03-31,-109444000.0,57709000.0,-124560000.0,-0.34,8714000.0,0.1509989776,898450000.0,-153790000.0,470936000.0,266217000.0,1024327000.0,82296000.0,-2458973000.0,1364228530.72,1881281530.72,-0.49150445464303316,1.7689929643861961,0.8959196393789304,-5.234013915079004,-0.17753308449226396,-0.49150445464303316,0.7116457506990052,23.639788087126792,-3.116270720002924,-8.870723263671241,0.0,0.5953509283561778,0.0,0.06423173242807056,1.3018026647434235,-0.12181423562802604,-7.326959288050571,0.1509989776291393,-3.4285714285714284,0.8190226497407763,-0.7252511752686324,0.9541298156207227,1.93499494779387,-3.4986644140544736,-4.090128755364807,0.5907199274226357,-0.005431859572305272,0.8365874044572349,Specialty Chemicals,Basic Materials,AMRS
2021Q4,2021,Q4,2022-03-09,2021-12-31,43801000.0,64776000.0,40309000.0,0.14,2969000.0,0.0458348771,954298000.0,251439000.0,639212000.0,269805000.0,675090000.0,75070000.0,-2357661000.0,1627807212.39,1589448212.39,0.8356548488335943,2.3691629139563757,0.46641929460189585,1.7702225987217575,0.06863642815646,0.8356548488335943,0.17420129733255382,25.129789001945166,9.29092493544668,6.473964708696742,0.0,0.8233248967630212,0.0,0.06787816803556122,1.9703786067715572,0.04589866058610623,-9.82459222745297,0.045834877114980854,1.5185185185185186,1.054422549419715,-0.8235456302561923,1.0848819398930658,-0.610060415024954,2.329559252064109,1.4641487707985492,1.1501569564692442,5.275581765535614,1.2915070682380665,Specialty Chemicals,Basic Materials,AMRS
2021Q3,2021,Q3,2021-11-08,2021-09-30,-32944000.0,47866000.0,-86845000.0,-0.27,7614000.0,0.15906906781431496,542307000.0,-84168000.0,278064000.0,460027000.0,595632000.0,72062000.0,-2395506000.0,4131200189.67,4354412189.67,-0.2797314550114579,0.6044514778480393,0.6234457604272119,-4.016954186864367,-0.32257301969663793,-0.2797314550114579,0.39140766086873874,86.30761270358919,-31.350171424766273,-49.08278906080696,0.0,0.5585745607948711,0.0,0.08826365877630199,0.36351344594991164,-0.06074787896892351,-47.978632944312174,0.15906906781431496,-6.952512180603629,0.9076879635467971,-0.9004371845386633,0.9704727616318456,-0.6522493720027404,-3.141863337884403,-0.582769870054129,0.902297737889181,-0.3475976567477364,0.915375469554145,Specialty Chemicals,Basic Materials,AMRS
2021Q2,2021,Q2,2021-08-09,2021-06-30,15381000.0,52316000.0,-54869000.0,0.045359,21895000.0,0.41851441241685144,445819000.0,-117072000.0,349206000.0,94837000.0,528331000.0,54261000.0,-2362562000.0,5239842900.91,5416905900.91,-0.36574925551053605,3.6821704608960637,0.8781299137093753,-3.343984898182315,-0.18833079314250384,-0.36574925551053605,-0.13138068880688808,100.15755984612737,85.16746149323842,-44.75743901966312,0.0,0.5606420817898675,0.0,0.11734807175109181,2.7572044666111326,0.034500548428846686,-64.4229778190201,0.41851441241685144,1.041999074074074,1.0526862177990255,-0.7467363842364679,0.9635055309431216,-0.8580090791180285,1.0528101191068873,-1.5903320207432272,0.7218744870507089,-0.6129046519972216,0.9196060692054883,Specialty Chemicals,Basic Materials,AMRS
2021Q1,2021,Q1,2021-05-07,2021-03-31,-291251000.0,176859000.0,92946000.0,-1.08,154200000.0,0.8718809899411396,326589000.0,-316115000.0,252225000.0,147110000.0,636730000.0,47639000.0,-2377943000.0,5113710900.5,5470330900.5,-1.1807074387818142,1.7145333423968458,1.5323265633563898,-1.583097923224143,0.4618093328789664,-1.1807074387818142,0.9213450801132499,28.914055267190246,-4.389436345712118,-16.176742326368572,0.0,0.47563970696278257,0.0,0.5415338544776462,1.2293997688804297,-0.8917967230984509,48.170753975206765,0.8718809899411396,-1.6378135456610412,0.018374331741463377,0.035616350032085124,0.8959020120902003,1.9292200144371414,-1.6569875110612404,32.200402819738166,0.3912481500391788,0.47065929582262567,0.7894698570845436,Specialty Chemicals,Basic Materials,AMRS
2020Q4,2020,Q4,2021-03-05,2020-12-31,-109617000.0,79744000.0,-2979000.0,-0.40943,52642000.0,0.6601374398073836,222814000.0,-171819000.0,146564000.0,163053000.0,389859000.0,42862000.0,-2086692000.0,1653254702.125,1905289702.125,-0.6417537017352942,0.898873372461715,1.2664688933370434,-1.6423503803421042,-0.023008848784483293,-0.6417537017352942,0.6379795016849126,20.73202626059641,-3.770525333946833,-9.622071494566958,0.0,0.632308338388316,0.0,0.35789492581256116,0.5001563908667733,-0.49196639349412513,-126.18338437833918,0.6601374398073836,0.0013902439024389254,0.8654309963546568,-0.5832632922198469,0.9440624875262367,5.2401612138454245,-3.7338486785282434,0.938043342623019,-10.420816349622466,-0.8229821060065573,0.8428934887755671,Specialty Chemicals,Basic Materials,AMRS
2020Q3,2020,Q3,2020-11-06,2020-09-30,-23156000.0,34258000.0,-48082000.0,-0.41,8436000.0,0.2462490513164808,205939000.0,-83145000.0,131238000.0,103581000.0,284666000.0,37212000.0,-1977075000.0,663621254.76,820960254.76,-0.3658463291502065,1.2670084281866365,0.9498880736528778,-2.3527452041614048,-0.36108217810624377,-0.3658463291502065,0.27850141319381805,19.371278380524256,-7.164679292192088,-7.981493231823922,0.0,0.6939159410942707,0.0,0.16635022992245277,0.6886108456184049,-0.11244106264476374,-11.133463992886622,0.2462490513164808,0.26785714285714296,0.9875624991167946,-0.8357976588652846,0.9757474248948761,0.2213696250180976,0.7902954121461303,-0.18542442247479105,0.8870720749048743,-0.7662034662646456,0.9282453917259104,Specialty Chemicals,Basic Materials,AMRS
2020Q2,2020,Q2,2020-08-10,2020-06-30,-110422000.0,30005000.0,-40561000.0,-0.56,6907000.0,0.23019496750541577,267689000.0,-62355000.0,190709000.0,129049000.0,327328000.0,33059000.0,-1953919000.0,789212699.0999999,918386699.0999999,-0.33736893780806115,1.4778030050600934,0.8561128772568167,-3.6752786464597866,-0.21358818757065415,-0.33736893780806115,1.7708603961189961,26.302706185635724,-1.7868103708952925,-12.656766884772672,0.0,0.6986902205148371,0.0,0.112089028686274,1.046486218413161,-0.41250107400752367,-11.536342095569424,0.23019496750541577,0.0,0.9323580399834919,-0.8895490564526369,0.9920816564717643,-0.6016724336793541,-0.25702381494467463,-0.27550314465408804,-22.590867180735664,-0.8583483328873208,0.95856890217608,Specialty Chemicals,Basic Materials,AMRS
2020Q1,2020,Q1,2020-05-11,2020-03-31,-87844000.0,29130000.0,-31800000.0,-0.56,17340000.0,0.5952626158599382,167307000.0,-176738000.0,84977000.0,192261000.0,343436000.0,31063000.0,-1843497000.0,396968025.6,619609025.6,-1.1397625270099336,0.441987714617109,1.3463154560179789,-1.2744740802770202,-0.43163358169994476,-1.1397625270099336,0.4970295012957032,13.627463975283215,-1.129752816356268,-2.246081915603888,0.0,0.37955123458777323,0.0,0.17411106528716672,0.19360140642147913,-0.5250467703084748,-8.372203429294528,0.5952626158599382,0.19999999999999987,0.9427269477889498,-0.8739633670716747,0.9675581442002626,-0.027645376549094377,-0.1137256890737125,0.002509410288582183,0.7068908015560326,-0.720154804035933,0.8936304304698377,Specialty Chemicals,Basic Materials,AMRS
2019Q4,2019,Q4,2020-03-13,2019-12-31,-78874000.0,40536000.0,-31880000.0,-0.7,17833000.0,0.43992993881981446,160966000.0,-250777000.0,73611000.0,161137000.0,411134000.0,27770000.0,-1755653000.0,366635053.89,655430053.89,-2.1135483958183943,0.4568224554261281,1.7958140228371209,-1.1526774783971416,-0.48670879408618906,-2.1135483958183943,0.31451847657480553,9.04467766651865,-1.162090973863377,-1.4619963309633657,0.0,0.8175369103348937,0.0,0.25182957891728686,0.1801200220930016,-0.4900041002447722,-7.713274017840237,0.43992993881981446,-0.37254901960784303,-1.0604540655896868,-0.8443956586613213,0.9103887204118003,0.24715015036016505,-0.3242335717403714,0.16268319588170405,0.7514813876203368,-0.7199797879852117,0.7853155664143493,Specialty Chemicals,Basic Materials,AMRS
2019Q3,2019,Q3,2019-11-12,2019-09-30,-59562000.0,34953000.0,-38074000.0,-0.51,14299000.0,0.40909220953852315,128115000.0,-209016000.0,55200000.0,159037000.0,336194000.0,15944000.0,-1676779000.0,492420153.12,718476153.12,-2.0204619037140517,0.3470890421725762,1.7772157826952348,-1.0893328740383512,-0.9121681901296562,-2.0204619037140517,0.28496383052015156,14.088065491374131,-2.0668385594842347,-2.355896931909519,0.0,1.295408931259408,0.0,0.2728251961128673,0.1775247269503323,-0.4649104320337197,-8.450373303130148,0.40909220953852315,0.32894736842105265,0.9172623269112302,-0.8911302626394667,0.9408991265771735,-0.6994303491476258,-0.5637996219281664,-14.162883313420949,0.5145683240706055,-0.7885384910851011,0.7867288101643909,Specialty Chemicals,Basic Materials,AMRS
2019Q2,2019,Q2,2019-10-07,2019-06-30,-38088000.0,62694000.0,-2511000.0,-0.76,47573000.0,0.7588126455482184,122816000.0,-176271000.0,46185000.0,189876000.0,298150000.0,13961000.0,-1617217000.0,338667994.8,533604994.8,-1.899763661989828,0.24323769196738923,1.5948817743616468,-1.1112264637972213,-0.05372387085731402,-1.899763661989828,0.21607638238848137,5.40192035601493,-2.222931072778828,-1.9212916180199806,0.0,1.083088603968197,0.0,0.5104709484106306,0.1170658745707725,-0.3101224596143825,-14.004962153668018,0.7588126455482184,0.07317073170731701,0.9393689780112278,-0.6195528313702237,0.9283737392442093,15.273327332733274,0.42502604048729675,0.949195751138088,0.5499208297649824,0.04701413857948201,0.8104415384766995,Specialty Chemicals,Basic Materials,AMRS
2019Q1,2019,Q1,2019-10-07,2019-03-31,-66243000.0,14374000.0,-49425000.0,-0.82,-3333000.0,-0.23187700013914012,105147000.0,-233137000.0,36268000.0,235704000.0,337347000.0,8486000.0,-1579129000.0,160449962.13,401397962.13,-3.0077513487288474,0.15387095679326612,2.3405422884152665,-1.0556067891411487,-1.1430917248716408,-3.0077513487288474,0.28413765296799737,11.162513018644775,-0.6055355363208188,-0.6882217843156598,0.0,2.0866132453452746,0.0,0.13670385270145605,0.07811068119336116,-0.6300037090929841,-4.008643435017238,-0.23187700013914012,0.20388349514563114,-1.2671579926745282,-0.8427670981504121,0.8622620157220187,0.7665802927375867,0.07933176745284985,0.26506669045813447,0.228826664801155,-0.7092746480450703,0.7348192674565525,Specialty Chemicals,Basic Materials,AMRS
2018Q4,2018,Q4,2019-10-01,2018-12-31,-71951000.0,2546000.0,-67251000.0,-1.03,-14279000.0,-5.608405341712491,127925000.0,-212756000.0,92215000.0,211736000.0,339744000.0,9693000.0,-1521417000.0,247885107.32,412424107.32,-2.866670965765867,0.4355187592095817,1.6407426226304476,-0.9865385700050763,25.197077557137504,-2.866670965765867,0.33818552708266747,97.3625716103692,-0.8612983395644257,-1.1651145317640865,0.0,1.7357887135045909,0.0,0.019902286495993748,0.33700929459326706,-0.5624467461403166,-9.006471217527158,-5.608405341712491,0.3832335329341317,0.9645938856792845,-0.9886552473622416,0.8920873564011306,-3.269389701207883,-0.053131540814683624,-1.156932550755316,0.6813581646347788,-0.9520022393883227,0.7501308641117189,Specialty Chemicals,Basic Materials,AMRS
2018Q3,2018,Q3,2018-11-15,2018-09-30,-68321000.0,14866000.0,-31179000.0,-1.67,6292000.0,0.4232476792681286,122682000.0,-201527000.0,67724000.0,154265000.0,323272000.0,6260000.0,-1367235000.0,456635871.79,608707871.79,-3.305559907247426,0.43901079311574237,1.3948011933290947,-0.8491021054250795,1.0252877342979283,-3.305559907247426,0.3390166081964203,30.71679481972286,-1.6709206239296848,-2.2658793699603526,0.0,1.3696485623003194,0.0,0.1211750705074909,0.3543577609956892,-0.5568950620302897,-12.303601654092796,0.4232476792681286,-4.218749999999999,0.764729336673421,-0.8231280462359005,-17.627342709087557,-0.6343986054619407,-45.56686236138291,-0.7069418591919413,0.8632041171870375,-0.7343800463028548,0.7808688142335036,Specialty Chemicals,Basic Materials,AMRS
2018Q2,2018,Q2,2018-08-14,2018-06-30,1533000.0,23194000.0,-18266000.0,-0.32,17210000.0,0.7420022419591273,118652000.0,-249913000.0,66842000.0,158606000.0,367628000.0,6632000.0,-1298914000.0,351018106.28999996,508370106.28999996,-4.549463521635706,0.42143424586711725,1.444577419681084,-0.6858466746427757,0.23265529671001517,-4.549463521635706,-0.006134134678868246,15.134004755109078,57.2436572553816,-1.4045612124619367,0.0,0.902291917973462,0.0,0.1954792165323804,0.3384298198050515,0.01292013619660857,-11.528445424658432,0.7420022419591273,0.8212290502793296,1.0036351580848673,-0.8029172269748422,-2.105646707205842,-0.026748854832324833,1.016754830812276,0.08151053452003822,1.0031596593166308,-0.7127308555240283,0.8932201189963015,Specialty Chemicals,Basic Materials,AMRS
2018Q1,2018,Q1,2018-05-18,2018-03-31,-91496000.0,22998000.0,-19887000.0,-1.79,17683000.0,0.7688929472128011,118160000.0,-287148000.0,73853000.0,110565000.0,404371000.0,4998000.0,-1300447000.0,342534168.18,481734168.18,-5.608258382534596,0.667960023515579,1.3818889641164522,-0.5686405616615822,0.16084730546186882,-5.608258382534596,0.3186370791368911,14.894085058700757,-0.9359266202347645,-1.1928836982322704,0.0,1.0634253701480592,0.0,0.194634394041977,0.5341744675078008,-0.7743398781313473,-12.80357971741487,0.7688929472128011,-9.529411764705882,0.732221471416413,-0.7210359535860926,-1.4617005043071083,-0.730273494104547,-52.28829353523588,-1.590013647421824,0.819333299377805,-0.6986410057272778,0.8403682298529633,Specialty Chemicals,Basic Materials,AMRS
2017Q4,2017,Q4,2018-04-17,2017-12-31,-1717000.0,80588000.0,33706000.0,-0.17,65559000.0,0.8135082146225244,151483000.0,-195644000.0,104607000.0,107146000.0,346190000.0,5408000.0,-1206767000.0,179607142.5,288142142.5,-4.084831982670177,0.9763033617680548,1.093152366932263,-0.8464046942405594,-1.4128955140888797,-4.084831982670177,0.008776144425589336,2.2287082754256216,-26.151302052999416,-0.9180304149373352,0.0,2.7790310650887573,0.0,0.5319936890608187,0.8463218412259907,-0.011334605203224124,-95.03023412698413,0.8135082146225244,0.8508771929824561,0.9966926211090115,0.15329575658766903,-1.2442464248347396,8.99375,0.9492926966126222,2.399808962166203,-1.0032602065244711,-0.23363728674073422,0.8268092551871096,Specialty Chemicals,Basic Materials,AMRS
2017Q3,2017,Q3,2017-11-20,2017-09-30,-33861000.0,24197000.0,-24079000.0,-1.14,6560000.0,0.27110798859362734,138581000.0,-191348000.0,62262000.0,68010000.0,328992000.0,6410000.0,-1205050000.0,120095020.80000001,268986020.8,-5.0985760768526385,0.9154830172033525,1.1888787063161617,-0.8610280745029998,0.900833427044584,-5.0985760768526385,0.17696030269456697,4.963219440426499,-0.88667656596084,-0.6276262140184377,0.0,2.751482059282371,0.0,0.17460546539568916,0.6253492133509778,-0.24434085480693601,-2.812793254637437,0.27110798859362734,-1.4782608695652173,0.82522552369875,-0.867361141103481,-1.258727675771939,-0.21904761904761905,-55.61451612903226,-0.10464262776401505,0.8703454826260234,-0.7922514097212817,0.8508606874493361,Specialty Chemicals,Basic Materials,AMRS
2017Q2,2017,Q2,2017-08-14,2017-06-30,620000.0,25679000.0,-21798000.0,-0.46,8400000.0,0.32711554188247205,112705000.0,-182453000.0,41007000.0,62816000.0,294221000.0,5729000.0,-1171189000.0,71252396.52000001,232122396.52,-8.142891584525753,0.6528113856342334,1.4724102746107093,-0.9095383468619316,0.9154592415270254,-8.142891584525753,-0.0033981354102152334,2.774734083102925,28.7308050483871,-0.39052466399565916,0.0,3.016058648978879,0.0,0.22784259793265604,0.3824344116148752,0.00550108690830043,-2.059734527794641,0.32711554188247205,0.7641013543659199,1.002263937997526,-0.7721607459375119,-1.3388299542717974,38.62264150943396,1.0165904043242087,0.2028232884727911,1.0040870254827006,-0.3547092794584396,0.6929908242752257,Specialty Chemicals,Basic Materials,AMRS
2017Q1,2017,Q1,2017-05-15,2017-03-31,-37371000.0,12980000.0,-27344000.0,-1.94999,212000.0,0.01633281972265023,95444000.0,-207188000.0,24053000.0,101606000.0,301695000.0,7077000.0,-1171809000.0,153721549.8,374172549.8,-10.71511835616427,0.23672814597563135,2.3233309584677926,-1.0702743402127537,-1.7771004275937474,-10.71511835616427,0.18037241539085275,11.842954530046226,-1.0283478485991813,-0.7419423412552851,0.0,1.804154302670623,0.0,0.1359959766983781,0.10848768773497629,-0.391548971124429,-5.946675040618956,0.01633281972265023,0.07142891156624562,0.931569128904287,-0.923743127542803,-1.2699121188563074,1.4282828282828284,0.2334940006153215,0.20698355616136424,-1.6041774977633216,-0.4308298317217827,0.5093082397579812,Specialty Chemicals,Basic Materials,AMRS
2016Q4,2016,Q4,2017-04-17,2016-12-31,-48755000.0,22238000.0,-34481000.0,-2.09999,-495000.0,-0.02225919597086069,129873000.0,-179445000.0,59123000.0,109868000.0,308381000.0,6213000.0,-1134438000.0,199587730.5,400736730.5,-9.844907525515453,0.538127571267339,1.757863451217728,-1.2722505503078938,-0.6902439335133351,-9.844907525515453,0.27169884922956894,8.975075568846119,-1.0234218567326427,-1.1122501630025912,0.0,3.65894093030742,0.0,0.17122881584316987,0.38683693159063604,-0.3754052035450017,-5.367137185037782,-0.02225919597086069,-0.7500004166687501,0.8493234572455178,-0.9016765091054191,-1.2046363779073452,-1.0424237230030853,-1.4743706861550954,-1.8667276355171267,0.9023111849134576,-0.5965250229201167,0.6293993940176714,Specialty Chemicals,Basic Materials,AMRS
2016Q3,2016,Q3,2016-11-09,2016-09-30,-19704000.0,26544000.0,-12028000.0,-1.199994,11668000.0,0.43957203134418327,99419000.0,-157384000.0,21117000.0,131731000.0,256917000.0,7899000.0,-1085683000.0,144531116.39999998,320578116.4,-9.473674832833437,0.16030395275219955,1.7766121163962623,-1.1222805367762925,-0.5986774698458928,-9.473674832833437,0.1251969704671377,5.444963698010849,-1.8337788824604138,-0.918334242362629,0.0,1.8832763640967212,0.0,0.2669912189822871,0.06568689222734209,-0.1981914925718424,-21.48522616322283,0.43957203134418327,-0.33333259258930037,0.9184998165081613,-0.8677690226689834,-1.1396630719574918,5.831381733021077,-0.4524546660769571,0.47420877775834935,0.750991561896995,0.1589836683165572,-48.65366309490049,Specialty Chemicals,Basic Materials,AMRS
2016Q2,2016,Q2,2016-08-09,2016-06-30,-13566000.0,9599000.0,-22876000.0,-0.899996,1708000.0,0.1779352015834983,105863000.0,-149070000.0,21478000.0,129732000.0,255047000.0,9996000.0,-1065978000.0,100512460.56,282551460.56,-10.022046215838854,0.16555668609132673,1.7273362742412364,-1.2266787415308245,-0.6554480263301292,-10.022046215838854,0.09100422620245523,10.471138718616523,-1.852286240601504,-0.6742635041255786,0.0,0.7894157663065227,0.0,0.09067379537704391,0.055221533623161595,-0.12814675571257192,-6.543353984766617,0.1779352015834983,0.4999997222208333,0.9363261264166048,-0.9400042037299265,-1.119076522602076,1.721588508660752,0.11379670760386726,0.13802328648404236,0.881196900741569,-0.6987730575529784,-3.4356371570648427,Specialty Chemicals,Basic Materials,AMRS
2016Q1,2016,Q1,2016-05-10,2016-03-31,-15308000.0,8811000.0,-26539000.0,-1.799991,-2367000.0,-0.2686414708886619,102105000.0,-156675000.0,27663000.0,94788000.0,258894000.0,7586000.0,-1052412000.0,229992660.45,393166660.45,-11.342269552845638,0.29184073933409294,1.6747465843984135,-1.0914313068453805,-1.7868279985184063,-11.342269552845638,0.09770544119993617,26.102900970377934,-3.7560860407956618,-1.4679601752034463,0.0,1.4735038228315318,0.0,0.0862935213750551,0.17062286365362705,-0.14992409774251997,-9.577440678354293,-0.2686414708886619,0.5714285714285714,0.9022318641305374,-0.9498376382855215,-1.118225606758959,-0.610204081632653,0.6348108211269622,0.5797000459274979,0.8339380479483223,-0.6038484057863738,-1.9337536210607515,Specialty Chemicals,Basic Materials,AMRS
2015Q4,2015,Q4,2016-03-30,2015-12-31,-41918000.0,9847000.0,-63143000.0,-4.199979,-1470000.0,-0.14928404590230526,110198000.0,-158065000.0,35666000.0,76813000.0,268654000.0,10886000.0,-1037104000.0,334793298.6,479556298.6,-11.472689316249056,0.46432244541939516,1.4224849815786131,-0.9917122702685603,103.6228926279891,-11.472689316249056,0.2651946983835764,33.99952255509292,-1.9967156030822082,-2.118073568468668,0.0,1.0395921366893257,0.0,0.08935733860868618,0.24334422558681473,-0.38038802882084977,-9.865141249963168,-0.14928404590230526,0.49090910633616486,0.6531409372694809,-0.9297178623548156,-1.109055345514707,-11.808823529411764,0.45322445998121674,-1.0001583832240488,0.719304105036337,-0.5101127830322464,-1.685992315136013,Specialty Chemicals,Basic Materials,AMRS
2015Q3,2015,Q3,2015-11-09,2015-09-30,-76664000.0,8591000.0,-31569000.0,-8.249959,136000.0,0.01583052031195437,135019000.0,-141169000.0,34630000.0,58768000.0,276484000.0,11102000.0,-995186000.0,282153739.95,425920739.95,-15.08484470471397,0.5892662673563844,1.1455424792066302,-1.0956371441322104,-2.205501051922356,-15.08484470471397,0.5430654038776218,32.842944936561516,-0.9200985467429301,-1.9986947555766492,0.0,0.7615744910826878,0.0,0.06362808197364815,0.3124829839368364,-0.5678015686681134,-14.136667165188635,0.01583052031195437,0.112903246618209,0.858176610621539,-0.9867930763489176,-1.0165688500985464,1.0436456996148908,-0.6266496923403353,-0.10153878362817963,-0.5868878445619671,-0.8111445596066308,-1.7654817248976966,Specialty Chemicals,Basic Materials,AMRS
2015Q2,2015,Q2,2015-08-10,2015-06-30,-47130000.0,7843000.0,-28659000.0,-9.299954,-3116000.0,-0.3972969526966722,161085000.0,-227350000.0,36146000.0,54811000.0,388852000.0,11124000.0,-918522000.0,156081012.75,429870012.75,-42.605999172054965,0.6594661655507106,1.7671850265387838,-1.25210908291181,-0.49536605648337984,-42.605999172054965,0.20730151748405543,19.90067738747928,-0.827928138924252,-0.6865230382669892,0.0,0.9851672060409924,0.0,0.04868858056305677,0.3310466877086716,-0.29257845236986685,-5.160897158020037,-0.3972969526966722,0.06060605754513332,0.8507009368070289,-0.9609894552418194,-1.0550184351953136,-3.5353946297803094,0.09781776416539051,-0.1389794134011605,0.27736593383637775,-0.7077995974038813,-2.77285778661296,Specialty Chemicals,Basic Materials,AMRS
2015Q1,2015,Q1,2015-05-07,2015-03-31,-52240000.0,7872000.0,-25162000.0,-9.899951,1229000.0,0.1561229674796748,193054000.0,-185552000.0,69300000.0,51649000.0,378972000.0,11377000.0,-871392000.0,190133856.0,389337856.0,-35.132470042578845,1.3417491142132472,1.2586374796689008,-1.309525092696387,-0.43505434174985846,-35.132470042578845,0.28153832887815816,24.153182926829267,-0.9099055130168454,-1.0246931102871433,0.0,0.5838973367320032,0.0,0.040776155894205766,1.0244922457356387,-0.2705978638101257,-43.60868256880734,0.1561229674796748,-2.6699243284382943,0.7935494617572945,-0.9632012947795567,0.9079635209186062,-0.46001757469244287,-1.9003636614329296,0.08318455092002186,0.6497878670447915,-0.8306831996334992,-1.8849813053528186,Specialty Chemicals,Basic Materials,AMRS
2014Q4,2014,Q4,2015-03-31,2014-12-31,58021000.0,11585000.0,-27445000.0,5.928383,2276000.0,0.196460940871817,216183000.0,-124452000.0,73604000.0,39998000.0,341246000.0,14506000.0,-819152000.0,163046260.2,354276260.2,-23.58574060688575,1.84019200960048,1.0790718974202411,-1.874433516536496,-0.24977856263442783,-23.58574060688575,-0.4662118728505769,14.07391110919292,0.702531239551197,-1.3101136197088035,0.0,0.6417344547083965,0.0,0.053588857588246996,1.3744437221861092,0.26838835616121526,-7.414901096002546,0.196460940871817,1.8591901757197062,1.1842838736951433,-0.9588535125926886,0.930094183084454,-0.6326069410815174,2.5834993586419586,-0.288860711937635,1.6194112001939038,-0.8230604330864458,-1.4902535158960355,Specialty Chemicals,Basic Materials,AMRS
2014Q3,2014,Q3,2014-11-07,2014-09-30,-36641000.0,16341000.0,-21294000.0,-6.899966,6195000.0,0.3791077657426106,258647000.0,-180006000.0,102926000.0,43555000.0,439291000.0,16666000.0,-877173000.0,299337194.1,462465194.1,-34.18666741621602,2.36312708070256,0.8905767319937985,-1.2796517893847983,-0.41744816941632384,-34.18666741621602,0.20355432596691223,18.318168661648617,-2.0423650698670888,-1.6629289807006433,0.0,0.608784351374055,0.0,0.06317877261286618,1.8902077832625417,-0.14166412137005263,-10.034097415526952,0.3791077657426106,-0.022222334156942473,0.8873227180117164,-0.9580917565481116,0.0,2.4493318485523385,-0.03275176865187858,0.12736660929432014,0.5218288213333091,-0.7431631354164996,-1.5039876368555707,Specialty Chemicals,Basic Materials,AMRS
2014Q2,2014,Q2,2014-08-08,2014-06-30,-35479000.0,9307000.0,-24402000.0,-6.749966,1796000.0,0.19297303105189642,284147000.0,-138991000.0,116824000.0,42441000.0,423824000.0,14753000.0,-840532000.0,293196967.05,427833967.05,-26.523284085247155,2.7526212860205934,0.786441524985307,-1.607765970458519,-0.28613060595923806,-26.523284085247155,0.255261132015742,31.502843778876116,-2.0659895082302207,-2.1094672824139695,0.0,0.5091167898054633,0.0,0.032754173016079705,2.3022313329092152,-0.12486142735978209,-11.010025048817123,0.19297303105189642,-0.3235292329864362,0.8248648815117708,-0.972648469951717,0.0,10.21025641025641,-3.165334147085749,0.08562221306253981,0.5273329848642342,-0.8348878579479467,-1.3151352896244715,Specialty Chemicals,Basic Materials,AMRS
2014Q1,2014,Q1,2014-05-09,2014-03-31,16385000.0,6041000.0,-26687000.0,-5.099975,-195000.0,-0.03227942393643436,236790000.0,-111849000.0,73825000.0,40367000.0,349275000.0,11068000.0,-805053000.0,286578753.45,418347753.45,-21.836760313397896,1.8288453439690837,0.7583386122724777,-1.6054412645620435,-0.38580487136073555,-21.836760313397896,-0.1464921456606675,47.438959352756164,4.372577867714373,-2.5621932556392992,0.0,0.5634260932417781,0.0,0.025512057097005787,1.4421185621918895,0.06919633430465813,-25.44878371814226,-0.03227942393643436,0.8142076337503033,1.0886006108241462,-0.8098453207341212,0.0,-1.0593607305936072,1.1175209077477013,-0.06509418901660281,1.2822156981336528,-0.9072492455918477,-1.2276144316331925,Specialty Chemicals,Basic Materials,AMRS
2013Q4,2013,Q4,2014-04-02,2013-12-31,-139422000.0,15397000.0,-25056000.0,-27.449863,3285000.0,0.21335325063324023,198864000.0,-135264000.0,36920000.0,37302000.0,334712000.0,10888000.0,-821438000.0,404039329.04999995,550476329.05,-26.56473671817172,0.9897592622379497,0.7709037332046021,-1.1333762124438136,-1.3003038935110152,-26.56473671817172,1.0307398864442867,26.24143203546145,-0.7244899102186168,-2.987042591155074,0.0,1.112417340191036,0.0,0.07742477270898705,0.5801029435419013,-0.7010922037171132,-10.46164856036871,0.21335325063324023,-4.718750052083593,0.5411094824145419,-0.9433306162190803,0.9212647314162336,3.481117824773414,-4.7614777470143395,0.09711361752729632,-2.1216023131023856,-0.702647970768177,-1.2525150347446705,Specialty Chemicals,Basic Materials,AMRS
2013Q3,2013,Q3,2013-11-05,2013-09-30,-24199000.0,7004000.0,-27751000.0,-4.799976,-1324000.0,-0.18903483723586523,195778000.0,1010000.0,25259000.0,47016000.0,195358000.0,7948000.0,-682016000.0,176036379.75,290613379.75,0.19880265686956675,0.5372426408031309,0.6146400514868882,119.14158415841584,-0.21328290218756368,0.19880265686956675,-23.95940594059406,25.133692140205596,-1.8186327921608332,174.2934452970297,0.0,1.0478107700050328,0.0,0.03577521478409219,0.3040028926322954,-0.12360428648775654,-6.681711825324528,-0.18903483723586523,0.37254904011287904,0.9228745894595776,-0.9813835019018213,0.0,-1.6633266533066133,0.3775336968823953,0.21020576600165067,0.9175381431784261,-0.9801663159476318,-0.9997816396863645,Specialty Chemicals,Basic Materials,AMRS
2013Q2,2013,Q2,2013-08-09,2013-06-30,-38876000.0,10849000.0,-35137000.0,-7.649962,1996000.0,0.18398009033090607,202835000.0,20837000.0,31384000.0,45244000.0,182560000.0,4065000.0,-657817000.0,221042421.45,318463421.45,4.114753376449677,0.693661037927681,0.537007912835556,5.2274319719729325,-0.26889528230605225,4.114753376449677,-1.8657196333445314,20.374451235136878,-1.4214581068654182,10.608169191822238,0.0,2.177859778597786,0.0,0.05348682426602904,0.4460922995314296,-0.19166317450144205,-9.793204618758583,0.18398009033090607,-0.15909094696988635,0.8014127121078514,-0.9670064062765935,0.0,2.8295142071494044,-0.19200343410805176,-0.10940262692599141,0.870230079416432,-0.9431379737244026,-0.994686492597611,Specialty Chemicals,Basic Materials,AMRS
2013Q1,2013,Q1,2013-05-09,2013-03-31,-32614000.0,7869000.0,-31672000.0,-6.599967,-1091000.0,-0.13864531706697167,241108000.0,59364000.0,48001000.0,54102000.0,182331000.0,6527000.0,-618941000.0,224320093.2,309988093.2,12.14696178630154,0.8872315256367602,0.4517394694493754,1.8347483323226197,-0.18738110371304467,12.14696178630154,-0.5493902028165218,28.506810674799848,-1.719507674618262,3.778722680412371,0.0,1.3727593074919564,0.0,0.03263682665029779,0.5987948689512402,-0.1352671831710271,-8.494399166919115,-0.13864531706697167,0.3888888888888889,0.8151656245642925,-0.7403991359345993,0.0,-3.531322505800464,0.25011496367147984,0.26,0.8607104991454043,-0.9602471324232331,1.031821377574435,Specialty Chemicals,Basic Materials,AMRS
2012Q4,2012,Q4,2013-03-28,2012-12-31,-43492000.0,5854000.0,-42800000.0,-10.799946,431000.0,0.07362487188247352,242834000.0,67106000.0,49494000.0,45826000.0,176605000.0,6034000.0,-586327000.0,187785140.39999998,263967140.39999998,16.724224256031707,1.0800418976127089,0.4396995478392647,1.5911244896134473,-0.24378106680979789,16.724224256031707,-0.64810896194081,32.078090263067985,-1.0794234594868022,2.7983360712901977,0.0,0.8987404706662248,0.0,0.024107003137946087,0.8445423995111945,-0.1791017732278017,-5.05736824755595,0.07362487188247352,-1.117646851210055,0.8183445238122897,-0.972658241781922,1.049568956870295,-0.970608292416803,-1.1432020893904302,-1.154543166373018,0.8183445238122897,-0.972658241781922,1.049568956870295,Specialty Chemicals,Basic Materials,AMRS
2012Q3,2012,Q3,2012-11-09,2012-09-30,-20293000.0,19108000.0,-19865000.0,-5.099975,14664000.0,0.7674272555997488,261580000.0,77465000.0,66542000.0,47959000.0,184918000.0,8311000.0,-542835000.0,195172561.2,259575561.2,19.7063420511182,1.38747680310265,0.4158421897698601,1.404195443103337,-0.10612267871148391,19.7063420511182,-0.2619634673723617,10.214180510780825,-2.4044320849554035,2.5194934641450977,0.0,0.5347130309228733,0.0,0.0730483981955807,1.005775766800809,-0.0775785610520682,-5.8045610635260525,0.7674272555997488,0.5802468637908388,0.9164116012568027,-0.9343602729198719,0.0,4.353304367710954,0.5664444729308208,0.5595734302944306,0.9164116012568027,-0.9343602729198719,0.0,Specialty Chemicals,Basic Materials,AMRS
2012Q2,2012,Q2,2012-08-08,2012-06-30,-46806000.0,19263000.0,-45104000.0,-12.149939,-4373000.0,-0.22701552198515287,295083000.0,92033000.0,89430000.0,96295000.0,203799000.0,8764000.0,-522542000.0,254472999.45000002,272122999.45000005,24.032384037669267,0.9287086556934421,0.28708532853468344,0.920474177740593,-0.25050570271385664,24.032384037669267,-0.5085784446883184,13.210455248403676,-1.35919005816562,2.7650190632707834,0.0,2.6969420356001828,0.0,0.06527993818688302,0.7329560205618153,-0.15861977816410977,-4.770593518240786,-0.22701552198515287,0.5691489450355053,0.6838333501361986,-0.9225344701667167,0.0,0.6950913401199275,0.5049498667343572,0.5204406026389377,0.6838333501361986,-0.9225344701667167,0.0,Specialty Chemicals,Basic Materials,AMRS
2012Q1,2012,Q1,2012-05-09,2012-03-31,-94548000.0,29469000.0,-94053000.0,-28.199859,-14342000.0,-0.4866809189317588,322108000.0,132896000.0,126164000.0,92556000.0,189713000.0,8921000.0,-475736000.0,260110773.3,228439773.3,39.69854485069881,1.3631099010328882,0.2227389571199722,0.5398657596917891,-0.4492655885965777,39.69854485069881,-0.7114435347941247,8.826589748549324,-0.6877743931653764,1.9572505816578378,0.0,4.910996525053245,0.0,0.09148794814161709,1.1688491291758503,-0.29352887851279696,-3.1101451974698984,-0.4866809189317588,-0.5885212989662731,0.21774347614014145,0.41928677782320933,0.0,0.032841054690134194,-0.5909672208386619,-0.584610978198605,0.21774347614014145,0.41928677782320933,0.0,Specialty Chemicals,Basic Materials,AMRS
2011Q4,2011,Q4,2012-02-28,2011-12-31,-59428000.0,41539000.0,-59354000.0,-17.75227,-14829000.0,-0.35698981679867114,320111000.0,161052000.0,139471000.0,92266000.0,159299000.0,9070000.0,-381188000.0,579474579.9,531431579.9,48.10927375763563,1.5116185810591116,0.1488858552189709,0.2959292650820853,-0.2771794830961471,48.10927375763563,-0.3689988326751608,13.95013312549652,-2.4377169848387963,3.5980588871917143,0.0,6.214773980154355,0.0,0.12976436298658903,1.1979277306916958,-0.1856481033141629,-11.036770148941033,-0.35698981679867114,-0.22009340665420513,0.7024854028512013,-0.7674545714955094,1.1425911587554436,-28.10968921389397,-0.3602197299153124,-0.34687301443224106,0.7024854028512013,-0.7674545714955094,1.1425911587554436,Specialty Chemicals,Basic Materials,AMRS
2011Q3,2011,Q3,2011-11-09,2011-09-30,-43690000.0,36276000.0,-44068000.0,-14.549927,547000.0,0.01507884000441063,301302000.0,203641000.0,146700000.0,62890000.0,97727000.0,8492000.0,-321760000.0,911894557.5,821894557.5,67.83235324880201,2.332644299570679,0.05357415483468414,0.07926694526151414,-0.1992176536259792,67.83235324880201,-0.21454422243065002,25.13768214521998,-5.217982132639047,4.477951677216278,0.0,4.207371643900141,0.0,0.12039747495867933,2.0476387342979807,-0.14500401590430864,-15.536683377915594,0.01507884000441063,-0.021052596121707023,0.7643578554808186,-0.8368293293104601,0.0,-0.8091416608513607,-0.025225859439164614,-0.028928996707838148,0.7643578554808186,-0.8368293293104601,0.0,Specialty Chemicals,Basic Materials,AMRS
2011Q2,2011,Q2,2011-08-11,2011-06-30,-42615000.0,32002000.0,-42829000.0,-14.249929,2866000.0,0.08955690269358164,324661000.0,250401000.0,205018000.0,48484000.0,74125000.0,6874000.0,-278070000.0,1253570604.15,1118703604.15,84.16475386445428,4.2285702499793745,0.05329251126559704,0.06909716814229976,-0.15666772282041375,84.16475386445428,-0.1701870200198881,39.17163315261546,-7.354045548222457,5.006252387770017,0.0,4.238580157113762,0.0,0.09857050893085403,3.979395264417127,-0.13125999119081133,-28.27241489771984,0.08955690269358164,-0.25000002192993415,0.6294746346158204,-0.8343457379430027,0.0,0.02650429799426934,-0.2860246853969883,-0.3009233946904805,0.6294746346158204,-0.8343457379430027,0.0,Specialty Chemicals,Basic Materials,AMRS
2011Q1,2011,Q1,2011-05-11,2011-03-31,-33137000.0,37174000.0,-32922000.0,-11.399943,2792000.0,0.07510625706138699,350434000.0,280466000.0,246966000.0,43086000.0,69630000.0,8724000.0,-235455000.0,1251517814.4,1102319814.4,95.93750342064648,5.731931485865478,0.04730705353932552,0.05910876897734485,,95.93750342064648,-0.11814979355786441,33.666482337117344,-9.441996970154209,4.462279971190804,0.0,3.941082072443833,0.0,0.10607988950843811,5.39834284918535,-0.0945598885952847,-36.82667768361582,0.07510625706138699,-0.2996482951721246,0.6860535703361679,1.0501685455742817,0.0,0.24309884238646481,-0.2922434972507117,-0.28011509448635197,0.6860535703361679,1.0501685455742817,0.0,Specialty Chemicals,Basic Materials,AMRS
2010Q4,2010,Q4,2011-03-14,2010-12-31,-25643000.0,29729000.0,-25718000.0,-8.77156,2246000.0,0.07554912711493827,357453000.0,307546000.0,270059000.0,27241000.0,49905000.0,4006000.0,-202318000.0,1169954284.8,1039484284.8,105.20061407445516,9.913696266656878,0.0352214137243218,0.04093696552710814,,105.20061407445516,-0.08337939690322749,39.353973722627735,-11.406176001247903,3.8041603038244682,0.0,6.86045931103345,0.0,0.08316897606118846,9.659997797437686,-0.07173810263167466,-40.30711378763867,0.07554912711493827,0.848137811634349,0.8529952019642782,-0.8094198854895357,1.3118042799446743,0.6950943396226416,-0.2738065669862401,-0.17977888893985963,0.8529952019642782,-0.8094198854895357,1.3118042799446743,Specialty Chemicals,Basic Materials,AMRS
2010Q3,2010,Q3,2010-09-30,2010-09-30,-20131000.0,24225000.0,-21799000.0,-57.76,1325000.0,0.054695562435500514,365113000.0,317299000.0,281447000.0,25184000.0,47799000.0,3541000.0,-176675000.0,90177997.5,-5239002.5,910.4340141285572,11.175627382465057,0.03275972096309909,0.037696305377577614,,910.4340141285572,-0.06344488952060989,3.722517956656347,-1.1198896912721672,0.2842051109521303,0.0,6.46709968935329,0.0,0.06634932199072616,10.933966010165184,-0.055136355046245956,-5.046334499160604,0.054695562435500514,0.022668556467413874,0.06471411737305535,-0.061369635160857174,0.0,-0.48503692188107267,-0.009376253509827516,-0.1164088907098228,0.06471411737305535,-0.061369635160857174,0.0,Specialty Chemicals,Basic Materials,AMRS
2010Q2,2010,Q2,2010-06-30,2010-06-30,-19944000.0,12702000.0,-19526000.0,-59.099705,2573000.0,0.20256652495669975,304988000.0,261071000.0,217019000.0,19101000.0,43898000.0,2728000.0,-156544000.0,83439427.5,-15954572.5,774.3949645387967,11.36165645777708,0.04212624759006912,0.049212666286182684,-0.06940504880320189,774.3949645387967,-0.07639301186267337,6.5689991733585265,-1.045921423736462,0.3196043509236951,0.0,3.7129765395894427,0.0,0.04164754023109106,11.027014292445422,-0.06539273676341364,-5.6116367946734815,0.20256652495669975,-0.2335453413873602,-0.5303029161080843,-0.419760499502885,0.0,-0.29545454545454547,-0.23476968796433878,-0.166288376538048,-0.5303029161080843,-0.419760499502885,0.0,Specialty Chemicals,Basic Materials,AMRS
2010Q1,2010,Q1,2010-03-31,2010-03-31,-16152000.0,13655000.0,-16742000.0,-47.910444,3652000.0,0.26744782131087513,158182000.0,-128690000.0,108575000.0,22581000.0,286872000.0,1973000.0,-136600000.0,83439427.5,76946427.5,-381.72331659394473,4.808245870422036,0.12837743864662224,-0.1577978086875437,0.16600563201523025,-381.72331659394473,0.1255109177092237,6.110540278286342,-1.2914720700222884,-0.648375378817313,0.0,5.069944247339078,0.0,0.08632461341998457,4.630530091669988,-0.10211022745950867,-4.55355967583497,0.26744782131087513,0.19705700909440577,-0.3269799539927702,5.530368244858919,0.0,1.8006134969325154,0.19705706899980116,0.11263051889542587,-0.3269799539927702,5.530368244858919,0.0,Specialty Chemicals,Basic Materials,AMRS
2009Q4,2009,Q4,2009-12-31,2009-12-31,-20116000.0,17989000.0,-18867000.0,-59.66855,1304000.0,0.07248874312079605,122159000.0,-113745000.0,74863000.0,23801000.0,235904000.0,2298000.0,-120448000.0,83439427.5,84859427.5,-337.3931047165922,3.1453720431914625,0.16869817205445362,-0.18117719460196052,,-337.3931047165922,0.17685172974636248,4.638358302295847,-1.03697836920859,-0.7335656732164051,0.0,7.260661444734552,0.0,0.14725890028569324,2.8814755682534345,-0.1646706341734952,-9.155083113890717,0.07248874312079605,0.034484654623920356,0.0,0.0,0.0,0.5198135198135199,-0.016678459516830082,0.04601304545684381,0.0,0.0,0.0,Specialty Chemicals,Basic Materials,AMRS
2009Q3,2009,Q3,2009-09-30,2009-09-30,-19786000.0,23725000.0,-19777000.0,-61.799691,858000.0,0.03616438356164384,,,,,,,,79292565.0,,,0.0,0.0,0.0,0.0,,0.0,3.3421523709167547,-1.0018771479834228,0.0,0.0,0.0,0.0,0.0,0.0,0.0,-6.851513436446902,0.03616438356164384,-0.5986286646417268,0.0,0.0,0.0,-0.36538461538461536,-0.5975777149777958,-0.5914540918966766,0.0,0.0,0.0,Specialty Chemicals,Basic Materials,AMRS
2009Q2,2009,Q2,2009-06-30,2009-06-30,-12385000.0,20803000.0,-12427000.0,-38.65794,1352000.0,0.06499062635196846,,,,,,,,79292565.0,,,0.0,0.0,0.0,0.0,,0.0,3.811592799115512,-1.6005766047638272,0.0,0.0,0.0,0.0,0.0,0.0,0.0,-4.646774789029536,0.06499062635196846,-0.07071250269423461,0.0,0.0,0.0,1.0269865067466266,-0.01749917844232665,-0.007213486788782622,0.0,0.0,0.0,Specialty Chemicals,Basic Materials,AMRS
2009Q1,2009,Q1,2009-03-31,2009-03-31,-12172000.0,2091000.0,-12338000.0,-36.104874,667000.0,0.31898613103778095,,,,,,,,83439427.5,,,0.0,0.0,0.0,0.0,,0.0,39.90407819225251,-1.7137575480611238,0.0,0.0,0.0,0.0,0.0,0.0,0.0,-5.3572666131621185,0.31898613103778095,0.0,0.0,0.0,0.0,0.0,0.0,0.0,0.0,0.0,0.0,Specialty Chemicals,Basic Materials,AMRS
