Quarters,Year,Quarter,FillingDate,Date,NetIncome,Revenue,OperatingIncome,EPSDiluted,GrossProfit,GrossProfitRatio,TotalAssets,CommonStockEquity,CurrentAssets,CurrentLiability,TotalLiability,Inventory,RetainedEarnings,MarketCap,EnterpriseValue,bookValuePerShare,currentRatio,debtToAssets,debtToEquity,roic,shareholdersEquityPerShare,roe,priceToSalesRatio,peRatio,pbRatio,payoutRatio,inventoryTurnover,dividendYield,assetTurnover,quickRatio,returnOnAssets,priceToFreeCashFlowsRatio,grossProfitMargin,epsdilutedGrowth,fiveYNetIncomeGrowthPerShare,fiveYRevenueGrowthPerShare,fiveYShareholdersEquityGrowthPerShare,grossProfitGrowth,netIncomeGrowth,operatingIncomeGrowth,threeYNetIncomeGrowthPerShare,threeYRevenueGrowthPerShare,threeYShareholdersEquityGrowthPerShare,Industry,Sector,Symbol
2023Q1,2023,Q1,2023-05-05,2023-03-31,22502000.0,298023000.0,29010000.0,0.28,53091000.0,0.1781439688,979273000.0,721511000.0,243912000.0,119602000.0,257762000.0,0.0,673548000.0,1701349500.0,1605396500.0,8.88450929688462,2.039363890235949,0.0003420905100007863,0.00046430338553396966,0.030277517398810835,8.88450929688462,0.03118732770532951,5.708785899074903,18.90220313749889,2.358036814407542,0.2166029686250111,0.0,0.002864784690035763,0.30433086585660996,1.8369759703015,0.02297827061503789,356.8266568791946,0.17814396875408944,-0.09677419354838701,1.1954845125067328,0.6067662535631249,0.35822715307828723,-0.06679439630169974,-0.11805283373833973,11.52612481857765,0.6605958519684566,0.3798817553657917,0.1986389528363643,Trucking,Industrials,MRTN
2022Q4,2022,Q4,2023-02-28,2022-12-31,25514000.0,322584000.0,-2756000.0,0.31,56891000.0,0.1763602659,965679000.0,703919000.0,235840000.0,124310000.0,261760000.0,0.0,655920000.0,1604256900.0,1524065900.0,8.679107330004316,1.8971925026144316,0.0004235361854197927,0.0005810327608716344,-0.002996038112386891,8.679107330004316,0.03624564758161095,4.973144669295439,15.719378576467824,2.2790362243383115,0.19024849102453556,0.0,0.003025699936213458,0.3340488920231257,1.6774193548387097,0.026420787860148145,2916.8307272727275,0.17636026585323514,-0.03125000000000003,-0.6045949497883956,0.7799454738651641,0.3508935592706146,-0.047642164822471834,-0.0051470014817125475,-1.8493066255778121,0.6388696103635966,0.5024646154689982,0.19154747346734802,Trucking,Industrials,MRTN
2022Q3,2022,Q3,2022-11-08,2022-09-30,25646000.0,324448000.0,3245000.0,0.32,59737000.0,0.1841188727,938702000.0,682437000.0,225309000.0,125457000.0,256265000.0,0.0,635260000.0,1553128760.0,1481850760.0,8.418808058129063,1.7959061670532532,0.00022797437312373895,0.00031358205958938336,0.0035812738889555097,8.418808058129063,0.03758002570200619,4.7869882384850575,15.140068236762069,2.2758566138705847,0.18973719098494893,0.0,0.0031330306445423108,0.345634716875004,1.5983324963931864,0.027320704547343033,629.8170154095701,0.18411887266988855,-0.1794871794871795,2.2937050047205334,0.917680547269062,0.49233348728997095,-0.06764370776170187,-0.18998136508638389,-0.2704586330935252,0.5637272122676297,0.5264071258639733,0.18415826116108386,Trucking,Industrials,MRTN
2022Q2,2022,Q2,2022-08-08,2022-06-30,31661000.0,329565000.0,4448000.0,0.39,64071000.0,0.1944108143,921121000.0,660157000.0,237883000.0,130717000.0,260964000.0,0.0,614480000.0,1374008980.0,1305909980.0,8.08134510154366,1.8198321564907396,0.0002985492676857872,0.0004165675740770756,0.005202148370766958,8.08134510154366,0.04795980350128833,4.169159285725122,10.849380783929757,2.0813366820316985,0.15375382963267112,0.0,0.0035429171649227504,0.3577868705631508,1.6099359685427297,0.03437224859708985,116.16579134257694,0.19441081425515452,0.1818181818181818,4.776278863510169,2.2045447218745373,1.4216540806080724,0.10853316723762067,0.1499291758980133,6.004724409448819,1.0903279285666614,0.5583623972415316,0.09904898172091631,Trucking,Industrials,MRTN
2022Q1,2022,Q1,2022-05-05,2022-03-31,27533000.0,287281000.0,635000.0,0.33,57798000.0,0.2011897759,885398000.0,648762000.0,220034000.0,109382000.0,236636000.0,0.0,587687000.0,1472978880.0000002,1406787880.0000002,7.822252767127251,2.0116106854875575,0.0003794903534907465,0.0005179094953156936,0.0007506221974649997,7.822252767127251,0.042439292067044616,5.127310473021189,13.374667489921187,2.2704456796174872,0.1806922601968547,0.0,0.0033775093910375685,0.32446538167016414,1.8070523486496863,0.031096749710299774,52.565087431303986,0.20118977586404949,0.10000000000000009,2.2994006811968277,0.6330446465094086,0.43357597548646154,0.16256335988414192,0.11334411645774363,-0.9793112436060339,1.0053898044308023,0.4241639054142576,0.08907731316496897,Trucking,Industrials,MRTN
2021Q4,2021,Q4,2022-02-28,2021-12-31,24730000.0,266876000.0,30693000.0,0.3,49716000.0,0.1862887633,870690000.0,651677000.0,186949000.0,93559000.0,219013000.0,-2243000.0,565129000.0,1423988280.0,1367284280.0,7.8531385946519165,1.9981936532027917,0.0003342176894187369,0.0004465402338888744,0.037914386769672785,7.8531385946519165,0.03794824736794455,5.3357674725340605,14.395352608168215,2.185113606894213,1.9453699959563284,-96.81676326348641,0.0337846881717313,0.30651092811448394,1.7658589766885067,0.028402761028609495,7.201352692185153,0.18628876332079317,0.15384615384615377,1.925034524069696,0.51794901885115,0.46337993822026785,0.0723206004788301,0.16245181912193288,0.0770985401459854,0.548504062441534,0.28935516581291637,0.11494840911475888,Trucking,Industrials,MRTN
2021Q3,2021,Q3,2021-11-08,2021-09-30,21274000.0,251280000.0,28496000.0,0.26,46363000.0,0.18450732250875518,903383000.0,630087000.0,211944000.0,152271000.0,273296000.0,0.0,543719000.0,1300810830.0,1217246830.0,7.599925217412281,1.3918868333431842,0.00037193526997962107,0.0005332596927091021,0.03371815414268488,7.599925217412281,0.0337635913770638,5.176738419293219,15.286392192347465,2.0644939984478334,0.0,0.0,0.0,0.27815444833475944,1.2464224967327988,0.02354925873079303,-82.907,0.18450732250875518,0.0,1.4734743617552089,0.44601086322635036,0.44176123097247655,0.06755854383015956,-0.006723316836305911,-0.0007714425976576198,0.37897896018148536,0.24471067853782935,0.10470202007456347,Trucking,Industrials,MRTN
2021Q2,2021,Q2,2021-08-06,2021-06-30,21418000.0,232442000.0,28518000.0,0.26,43429000.0,0.18683800690064617,884363000.0,653641000.0,201940000.0,106989000.0,230722000.0,0.0,567234000.0,1366031599.9999998,1285780599.9999998,7.890403186866248,1.8874837600127117,0.00047604886228844943,0.0006440844439072824,0.032714742510636836,7.890403186866248,0.032767222374361464,5.876870789272162,15.944901484732467,2.08988053075006,0.15477635633579231,0.0,0.0024267374195443216,0.26283550985285453,1.6683584293712437,0.024218561834902636,-46.58090431698833,0.18683800690064617,0.18181818181818185,1.4579509349971451,0.37014129419457187,0.525618956673201,-0.0049262212446155255,0.18949239142508054,0.18834902908575715,0.5457603166342468,0.16665561163585912,0.17685443550655197,Trucking,Industrials,MRTN
2021Q1,2021,Q1,2021-05-07,2021-03-31,18006000.0,223046000.0,23998000.0,0.22,43644000.0,0.19567264151789318,855349000.0,634978000.0,201058000.0,97851000.0,220371000.0,0.0,549131000.0,1404403260.0,1316157260.0,7.672708378646173,2.0547362827155573,0.0003939912246346228,0.00053072704881114,0.028315021426818448,7.672708378646173,0.02835688795517325,6.296473642208333,19.49910113295568,2.211735304215264,0.18388315006109074,0.0,0.002357584957471546,0.26076607326366197,1.8561281949085855,0.021051056352436256,114.23485114690092,0.19567264151789318,-0.0833333333333333,1.1546296430202598,0.3504177722842884,0.515353293148183,-0.03755485478642468,-0.08151397673944093,-0.061037639877924724,0.7239554042565688,0.18004041804489834,0.17297202459822594,Trucking,Industrials,MRTN
2020Q4,2020,Q4,2021-03-01,2020-12-31,19604000.0,227333000.0,25558000.0,0.24,45347000.0,0.1994738995218468,831636000.0,620333000.0,175658000.0,89794000.0,211303000.0,0.0,534436000.0,1424748700.0,1359231700.0,7.501910750997702,1.9562331558901485,0.000733493980539563,0.000983342817486737,0.0315344128365392,7.501910750997702,0.03160238130165573,6.267232210017903,18.169107069985717,2.29674819814519,2.2781575188736993,0.0,0.03134658062856979,0.27335637225901716,1.7295142214401853,0.02357281310573376,285.34922892048866,0.1994738995218468,0.09090909090909087,1.2418597768135191,0.3539796565692344,0.5230262777275738,0.08330148112756808,0.08645533141210375,0.047459016393442625,-0.7020091072592044,0.23032824840655833,0.16766419983202765,Trucking,Industrials,MRTN
2020Q3,2020,Q3,2020-11-06,2020-09-30,18044000.0,216011000.0,24400000.0,0.22,41860000.0,0.1937864275430418,859066000.0,644708000.0,192546000.0,87947000.0,214358000.0,0.0,559492000.0,1349207040.0,1261449040.0,7.798383975227405,2.1893413078331267,0.0,0.0,0.027945794614759264,7.798383975227405,0.02798786427343852,6.246010805005301,18.69329195300377,2.0927412720177196,0.18327421857681223,0.0,0.0024510693332877955,0.25144866634228336,1.9546545078285786,0.021004206894464455,-99.38910055248618,0.1937864275430418,0.0,1.1814336774559673,0.28176110244867286,0.5743199248062597,-0.05014749262536873,-0.004963052828940113,-0.03389293633196072,1.2722253099130665,0.25187377527770377,0.3823559668568618,Trucking,Industrials,MRTN
2020Q2,2020,Q2,2020-08-07,2020-06-30,18134000.0,212384000.0,25256000.0,0.22,44070000.0,0.20750150670483652,840834000.0,629398000.0,194722000.0,87579000.0,211436000.0,0.0,545031000.0,1384250129.1,1309499129.1,7.62657069807457,2.223386884983843,0.0,0.0,0.02877068860935157,7.62657069807457,0.02881165812411225,6.517676138974687,19.083629219973528,2.1993240034127846,0.12159479430903275,0.0,0.0015929202054209874,0.2525873121210608,1.9618401671633612,0.021566682603224894,49.972928848375446,0.20750150670483652,0.3199973600052799,1.2074648652072182,0.32075098675894637,0.5677983961360963,0.11603525121555916,0.32191281527919524,0.40062111801242234,2.2747990589010154,1.0441585198247287,1.2853764837378858,Trucking,Industrials,MRTN
2020Q1,2020,Q1,2020-05-08,2020-03-31,13718000.0,218646000.0,18032000.0,0.166667,39488000.0,0.18060243498623346,824918000.0,609380000.0,159547000.0,91126000.0,215538000.0,0.0,529102000.0,1124680680.0,1089166680.0,7.412164668819598,1.7508394969602528,0.0,0.0,0.02236812542683702,7.412164668819598,0.022511405034625356,5.143842924178809,20.496440443213295,1.8456146903410022,0.15986295378335033,0.0,0.0019498867891995797,0.2650517990879093,1.5417005026007946,0.016629531662541004,-437.2786469673406,0.18060243498623346,-0.13792782401348966,0.3699313154480868,0.37923764975273255,0.555026529449512,0.14110677647738767,-0.12890525781051562,-0.04018736360249108,0.6583750088739967,0.2538428622221921,0.35841956427492666,Trucking,Industrials,MRTN
2019Q4,2019,Q4,2020-02-28,2019-12-31,15748000.0,217185000.0,18787000.0,0.193333,34605000.0,0.1593342081635472,796586000.0,597589000.0,154166000.0,76326000.0,198997000.0,0.0,517577000.0,1175398284.75,1144586284.75,7.283895541944724,2.0198359667741004,0.0,0.0,0.02596191141879596,7.283895541944724,0.02635256003708234,5.411968067546101,18.65948508937643,1.9669008043153404,0.10420370840741681,0.0,0.0013961225069756083,0.27264476151978567,1.7681655006157797,0.01976936576841672,-46.541211037418336,0.1593342081635472,-0.03333500000000003,0.7876070658523269,0.2740996517242777,0.5683550507625593,-0.07830603276068718,-0.050581780912763004,-0.06224418488569432,0.8840070856810828,0.24947548306548978,0.3573052964368841,Trucking,Industrials,MRTN
2019Q3,2019,Q3,2019-11-08,2019-09-30,16587000.0,214973000.0,20034000.0,0.2,37545000.0,0.1746498397473171,780955000.0,582857000.0,147899000.0,84930000.0,198098000.0,0.0,503470000.0,1135728167.25,1095962167.25,7.109529472753332,1.7414223478158484,0.0,0.0,0.028066041952003774,7.109529472753332,0.028458095210317454,5.283120053448573,17.117745331434257,1.9485537057116926,2.241032133598601,0.0,0.032729662847058354,0.27526938171853693,1.522701047921818,0.02123937998988418,-52.96004510375379,0.1746498397473171,0.07142665816668191,1.2079909603762193,0.2764317623940029,0.5647792284903045,-0.034659193171007636,0.09196840026333114,0.004512635379061372,0.9502763109555497,0.2510296193392699,0.3487295823368745,Trucking,Industrials,MRTN
2019Q2,2019,Q2,2019-08-08,2019-06-30,15190000.0,212090000.0,19944000.0,0.186667,38893000.0,0.18337969729831674,796595000.0,602390000.0,192914000.0,85176000.0,194205000.0,0.0,524055000.0,986913850.8,904572850.8,7.353034519798838,2.2648868225791303,0.0,0.0,0.024708003913970423,7.353034519798838,0.02521622204883879,4.653278564760243,16.24282177090191,1.6383304018991018,0.10789993416721527,0.0,0.0016607325945131016,0.2662457082959346,2.033319244857706,0.019068660988331588,-82.85734621778188,0.18337969729831674,0.11999976000047993,0.9515327365381377,0.2823037969889708,0.6472121846776271,0.08309894455429001,0.12136424036615975,0.12468279478937574,0.7627105763749085,0.2641537154059123,0.4217180778733877,Trucking,Industrials,MRTN
2019Q1,2019,Q1,2019-05-09,2019-03-31,13546000.0,199023000.0,17733000.0,0.166667,35909000.0,0.1804263828803706,774527000.0,587737000.0,193267000.0,79542000.0,186790000.0,0.0,510504000.0,977592487.65,892518487.65,7.182458648775809,2.42974780619044,0.0,0.0,0.022674543944717383,7.182458648775809,0.023047723726768946,4.911957349904283,18.042087842351986,1.6633162241785016,0.1208474826517053,0.0,0.0016745218694705056,0.25696069988522025,2.203137964848759,0.017489383843300493,43.66591422413793,0.1804263828803706,-0.13792782401348966,1.609741855242421,0.27170453776860287,0.6436670134198796,-0.06196285363496251,-0.13922602783249666,-0.09238407206469444,0.6393305979583058,0.2186445850590263,0.4185293939509159,Trucking,Industrials,MRTN
2018Q4,2018,Q4,2019-03-01,2018-12-31,15737000.0,203961000.0,19538000.0,0.193333,38281000.0,0.18768784228357382,753904000.0,575954000.0,163528000.0,71973000.0,177950000.0,0.0,498595000.0,882578934.3000001,825815934.3000001,7.0434995291729345,2.272074250065997,0.0,0.0,0.0269999928716462,7.0434995291729345,0.02732336262965445,4.327194582787886,14.02076212588168,1.53237747163836,0.08648408209951071,0.0,0.001542071702719089,0.2705397504191515,2.0205771608797742,0.020874010484093465,121.60084517773493,0.18768784228357382,0.03571065051669554,1.1921380858782866,0.24790554590020858,0.6310075049099276,0.08669486473443665,0.03146096873566232,0.028694782288211446,0.8198658647434734,0.2284301631325425,0.4299603429253673,Trucking,Industrials,MRTN
2018Q3,2018,Q3,2018-11-05,2018-09-30,15257000.0,199649000.0,18993000.0,0.186667,35227000.0,0.17644466037896508,745320000.0,564070000.0,145603000.0,73554000.0,181250000.0,0.0,484219000.0,1151160660.0,1115421660.0,6.879615569906637,1.9795388422111646,0.0,0.0,0.026878241530668267,6.879615569906637,0.027048061410817805,5.765922493976929,18.86282788228354,2.0408117077667662,0.08959821721177165,0.0,0.0011874971474442153,0.2678701765684538,1.7237267857628409,0.020470401974990608,-811.247822410148,0.17644466037896508,0.11999976000047993,0.9376658068367282,0.21040919372699898,0.6254892561082036,0.019889982628836133,0.11348708217778426,0.042254294024035556,0.8598073249595789,0.19450500068195317,0.3888410600345645,Trucking,Industrials,MRTN
2018Q2,2018,Q2,2018-08-09,2018-06-30,13702000.0,197024000.0,18223000.0,0.166667,34540000.0,0.17530859184667857,724439000.0,549242000.0,134618000.0,71356000.0,175197000.0,0.0,470329000.0,1280672119.35,1258669119.35,6.70465517978015,1.8865687538539155,0.0,0.0,0.02475960818768814,6.70465517978015,0.024947108924663446,6.500081814144469,23.366518014705882,2.331708280411913,0.09969347540505036,0.0,0.0010666274211492226,0.27196768810072347,1.6080217500980998,0.01891394582566648,-277.62239743117277,0.17530859184667857,0.3157886426614667,0.8112574090602088,0.23709285235317717,0.617733775776253,0.08558317880378415,0.3262994869809312,0.3405178755333235,0.6803235604788613,0.234317950492019,0.37827970835682023,Trucking,Industrials,MRTN
2018Q1,2018,Q1,2018-05-10,2018-03-31,10331000.0,186960000.0,13594000.0,0.126667,31817000.0,0.17018078733418912,711965000.0,535454000.0,118711000.0,74835000.0,176511000.0,0.0,457993000.0,1244241600.0,1233843600.0,6.5412543673190156,1.5863032003741564,0.0,0.0,0.019029339034544037,6.5412543673190156,0.019293907599905874,6.655121951219512,30.109418255735168,2.3237133348522936,0.13212660923434325,0.0,0.0010970538197726228,0.262597178232076,1.3299258368410503,0.014510544759924996,-65.05838431372548,0.17018078733418912,-0.8389826953463155,0.4536646258495645,0.15193088506355756,0.6137543840649153,0.014702130373772165,-0.8412422780219443,-0.05155933858926952,0.036173221425905094,0.18448147948522958,0.3723149082005535,Trucking,Industrials,MRTN
2017Q4,2017,Q4,2018-03-09,2017-12-31,65074000.0,182771000.0,14333000.0,0.786667,31356000.0,0.17155894534690952,690403000.0,525500000.0,116618000.0,64277000.0,164903000.0,0.0,448542000.0,1106935973.55,1091144973.55,6.424715900407734,1.8143037167260452,0.0,0.0,0.12478148214941256,6.424715900407734,0.1238325404376784,6.05640924189286,4.252604625311184,2.1064433369172217,0.0209300181332022,0.0,0.0012304234685155246,0.2647308890604473,1.5061063833097375,0.09425509448829163,135.2065437339685,0.17155894534690952,7.428605102161079,7.535266656792966,0.11197053539011366,0.6153718041143259,0.021135246035106,7.284404837683004,0.10067577945016126,6.409250068831406,0.0754765645377934,0.3833580635656322,Trucking,Industrials,MRTN
2017Q3,2017,Q3,2017-11-06,2017-09-30,7855000.0,170679000.0,13022000.0,0.093333,30707000.0,0.17991082675666017,676307000.0,461326000.0,94882000.0,65135000.0,214981000.0,0.0,384830000.0,1120324350.0,1119165350.0,5.641371804513577,1.4566976280033777,0.0,0.0,0.017045330261659396,5.641371804513577,0.017027004764526604,6.5639261420561406,35.65640833863781,2.428487338671568,0.17364735837046466,0.0,0.0012175045557119239,0.2523691163924076,1.2070161971290396,0.011614547831088545,-37.55319109710723,0.17991082675666017,0.3725441176470587,0.2197251743766583,0.05587137748834814,0.38064638801508843,0.009235522250706632,-0.1406848266054042,-0.16359432205022803,0.048271033451032605,0.01599535990075946,0.2416435509163246,Trucking,Industrials,MRTN
2017Q2,2017,Q2,2017-08-08,2017-06-30,9141000.0,171511000.0,15569000.0,0.068,30426000.0,0.17739970031076724,670584000.0,454624000.0,100524000.0,67914000.0,215960000.0,0.0,378339000.0,1493108495.92,1483050495.92,3.3371178676000044,1.4801660924109903,0.0,0.0,0.020269464530546216,3.3371178676000044,0.02010672555782361,8.70561361032237,40.83548014221639,3.284271168966003,0.08948692703205338,0.0,0.000547850341911006,0.25576363289312004,1.2204994551933328,0.013631401882538205,-87.021126933209,0.17739970031076724,-0.32,-0.2679014652158249,-0.33630877658408315,-0.16816819250546067,0.046718040456859775,0.11285609934258582,0.11701822356148658,-0.2937765853951811,-0.376418745094397,-0.2524254852312959,Trucking,Industrials,MRTN
2017Q1,2017,Q1,2017-05-09,2017-03-31,8214000.0,173159000.0,13938000.0,0.1,29068000.0,0.16786883731137278,661285000.0,445452000.0,99689000.0,64563000.0,215833000.0,0.0,370234000.0,765759900.08,756694900.08,5.456461953104991,1.5440577420504005,0.0,0.0,0.018628143774970168,5.456461953104991,0.018439697206433018,4.422293383999677,23.306546751887023,1.7190626601294867,0.09946432919405893,0.0,0.0010669140548031396,0.261852302713656,1.2791691835881231,0.012421270707788624,185.23461540396713,0.16786883731137278,0.0,0.526484032872377,0.15697021709313566,0.3904484252249898,-0.012333933607420747,-0.010719017222690594,-0.040941305993256724,0.5862122289436683,0.10904236752668117,0.24868195709388596,Trucking,Industrials,MRTN
2016Q4,2016,Q4,2017-03-15,2016-12-31,8303000.0,172661000.0,14533000.0,0.1,29431000.0,0.17045540104598028,653748000.0,437338000.0,93430000.0,60670000.0,216410000.0,0.0,362837000.0,759533549.12,766931549.12,5.36643860527618,1.539970331300478,0.012062752008419147,0.01803181978241086,0.01923537915418995,5.36643860527618,0.018985315705472655,4.398987316881056,22.869250545585935,1.736719766222007,0.09827773094062386,0.0,0.0010743435901487462,0.2641094121894063,1.221740563705291,0.012700612468412906,-47.444159480292335,0.17045540104598028,-0.038461538461538367,0.09852551686922383,0.10554785986879882,0.39358005964014664,0.038277005573978694,-0.01588242266208368,-0.022597350191673953,0.16051099687275083,0.059978590895482,0.2426637644528356,Trucking,Industrials,MRTN
2016Q3,2016,Q3,2016-11-02,2016-09-30,8437000.0,170464000.0,14869000.0,0.104,28346000.0,0.16628730993054253,645940000.0,428700000.0,90703000.0,64081000.0,217240000.0,0.0,355350000.0,683151134.4,691724134.4,5.271278665390445,1.4154429550100653,0.013543053534383998,0.02040587823652904,0.019740922282119894,5.271278665390445,0.019680429204571963,4.007597700394218,20.242714661609575,1.5935412512246325,0.09647979139504563,0.0,0.0011915372148432752,0.26390067188902994,1.1546012078463195,0.013061584667306562,-28.315971748321314,0.16628730993054253,0.0,0.35051333032260906,0.10525034507175364,0.39950041481039433,-0.005438405669976492,-0.011018637908803188,0.006293990254466703,0.08026200748442151,0.04190728240505878,0.24547756331402684,Trucking,Industrials,MRTN
2016Q2,2016,Q2,2016-08-08,2016-06-30,8531000.0,166090000.0,14776000.0,0.104,28501000.0,0.17159973508338852,627556000.0,419457000.0,86471000.0,62529000.0,208099000.0,0.0,347727000.0,642331926.72,646499926.72,5.17193572638363,1.3828943370276192,0.006973082880252918,0.010432535396953681,0.020456320510113125,5.17193572638363,0.020338199147946035,3.8673726697573607,18.82346520689251,1.5313415361288523,0.09506505685148282,0.0,0.0012625870928466621,0.2646616397580455,1.1090693918022039,0.013594005953253574,-27.155319469011584,0.17159973508338852,0.0399999999999999,0.3993774970001029,0.11656646391848156,0.40052749406604893,-0.013396566048186098,0.041254729647259854,0.04608849557522124,0.13906660473606475,0.0533667764249502,0.24791132226266724,Trucking,Industrials,MRTN
2016Q1,2016,Q1,2016-05-06,2016-03-31,8193000.0,161929000.0,14125000.0,0.1,28888000.0,0.1783991749470447,610392000.0,410812000.0,87989000.0,61536000.0,199580000.0,0.0,340007000.0,607538999.8080001,606382999.8080001,5.063313230874324,1.4298784451378055,0.0,0.0,0.02025168484505093,5.063313230874324,0.019943429111126256,3.7518850842529754,18.538355907726107,1.4788735475302572,0.09898694007079215,0.0,0.0013348937274089393,0.26528689760023066,1.156396255850234,0.013422521920339716,17.357265293640367,0.1783991749470447,-0.038461538461538367,1.0310635382269757,0.192431450090247,0.3987163737266874,-0.06283860502838605,-0.06791808873720137,-0.07298024545514209,0.1631015083395451,0.006595907627811265,0.2491402207259304,Trucking,Industrials,MRTN
2015Q4,2015,Q4,2016-03-11,2015-12-31,8790000.0,168773000.0,15237000.0,0.104,30825000.0,0.18264177326942105,631528000.0,409421000.0,100050000.0,49876000.0,222107000.0,0.0,332625000.0,588489713.28,625922713.28,4.92566074578234,2.005974817547518,0.05996092018089459,0.09248914931085606,0.019946308875526612,4.92566074578234,0.02146934329211252,3.4868712014362484,16.73747762457338,1.4373706118640714,0.09374288964732651,0.0,0.0014001943983138845,0.2672454744682738,1.6423931349747374,0.013918622768903358,-63.55866867696295,0.18264177326942105,0.0399999999999999,0.6718153973846026,0.22455549025363647,0.3799720610250392,0.09219430960564079,0.04518430439952437,0.06151595374111746,0.13451865149817896,0.010420470092392073,0.23846308672801703,Trucking,Industrials,MRTN
2015Q3,2015,Q3,2015-11-06,2015-09-30,8410000.0,171346000.0,14354000.0,0.1,28223000.0,0.16471350367093485,629999000.0,416366000.0,93859000.0,65055000.0,213633000.0,0.0,324659000.0,543667843.488,570489843.488,4.953493792684544,1.4427638152332642,0.04280482984893627,0.064767536254161,0.019137932631753625,4.953493792684544,0.020198575291930657,3.172924045428548,16.161350876575508,1.3057450499992795,0.09988109393579073,0.0,0.0015450610332419649,0.2719782094892214,1.153162708477442,0.01334922753845641,-12.048841883959046,0.16471350367093485,0.0,0.5012137057667468,0.30307293601761665,0.4118793790194891,0.045025363794571775,0.006341988751944478,0.013628981004166372,0.27049033899070474,0.03125120977599575,0.21229792148308263,Trucking,Industrials,MRTN
2015Q2,2015,Q2,2015-08-07,2015-06-30,8357000.0,163588000.0,14161000.0,0.1,27007000.0,0.16509157150891263,614613000.0,408400000.0,101214000.0,78866000.0,206213000.0,0.0,317089000.0,728729538.88,724230538.88,4.864509822736499,1.2833667233028174,0.0,0.0,0.020471455319602375,4.864509822736499,0.020462781586679725,4.454663782673546,21.79997423955965,1.7843524458374145,0.10063419887519445,0.0,0.00115406327743013,0.26616423668226996,1.0424137144016432,0.01359717415674579,-21.730417142686743,0.16509157150891263,-0.1666666666666666,0.5869841725005295,0.27309363047998214,0.41255949994390667,-0.043322706340772225,-0.1797212406753043,-0.1819652244237768,0.08607644475871384,0.02721109617172438,0.21255950762445824,Trucking,Industrials,MRTN
2015Q1,2015,Q1,2015-05-04,2015-03-31,10188000.0,161287000.0,17311000.0,0.12,28230000.0,0.17502960560987557,580613000.0,398701000.0,112174000.0,56817000.0,181912000.0,0.0,309573000.0,776225748.4799999,754525748.4799999,4.766584060429853,1.9743034655120826,0.0,0.0,0.025575144203093716,4.766584060429853,0.025552983313309973,4.812698782170912,19.0475497762073,1.9468868863634652,0.08215547703180212,0.0,0.0010782945575291824,0.27778744189330934,1.651987961349596,0.01754697190727731,27.22930327568667,0.17502960560987557,0.11111111111111108,1.5697566987978144,0.2584999418638558,0.41006192190111174,-0.0976506312929519,0.1359125878024306,0.0560639336261591,0.8478904329103004,0.0517830982687863,0.21464959482687315,Trucking,Industrials,MRTN
2014Q4,2014,Q4,2015-03-12,2014-12-31,8969000.0,173547000.0,16392000.0,0.108,31285000.0,0.18026816942960697,579660000.0,387926000.0,110185000.0,44518000.0,191734000.0,0.0,300222000.0,730364599.9039999,755359599.9039999,4.644289912799514,2.4750662653308773,0.04333229824379809,0.06474946252635812,0.022076681776552726,4.644289912799514,0.02312038894015869,4.2084541934115824,20.358027648121304,1.8827420691162746,0.09309845021741554,0.0,0.0011432646107297005,0.2993944726218818,2.024484478188598,0.015472863402684332,-87.78420671923077,0.18026816942960697,0.17391304347826086,1.0673375499673399,0.32543209916743115,0.39602357138174543,0.23768643430786882,0.1721118661787768,0.2568624444103665,0.15776553870148013,0.08418124468690989,0.2060493540915468,Trucking,Industrials,MRTN
2014Q3,2014,Q3,2014-11-07,2014-09-30,7652000.0,171550000.0,13042000.0,0.092,25277000.0,0.1473447974351501,566606000.0,379414000.0,95363000.0,52496000.0,187192000.0,0.0,292088000.0,594907543.984,619429543.984,4.543471272693586,1.8165765010667478,0.04360878635242126,0.06512411244708946,0.018612303515699445,4.543471272693586,0.020167943196613726,3.4678376215913724,19.436341609513853,1.5679641341226205,0.10912179822268687,0.0,0.0014035794443085048,0.302767708072276,1.491427918317586,0.013504975238525537,-27.065857324112827,0.1473447974351501,-0.041666666666666706,1.1659457900363108,0.30294344518924887,0.38726893504627163,-0.0011854427628719326,-0.0345697703759778,0.008506031549644293,0.19288267163425624,0.08325486657931276,0.20627087552063655,Trucking,Industrials,MRTN
2014Q2,2014,Q2,2014-08-08,2014-06-30,7926000.0,168423000.0,12932000.0,0.096,25307000.0,0.150258575135225,562142000.0,372392000.0,100085000.0,57075000.0,189750000.0,0.0,285271000.0,745797293.04,761598293.04,4.463926741312861,1.7535698642137538,0.029809194118212125,0.044998281380910436,0.019447191914854504,4.463926741312861,0.021284023287288664,4.428120227284872,23.523760189250567,2.0027210386904124,0.10534948271511481,0.0,0.001119607174486239,0.29960935137385214,1.447060884800701,0.01409964030440707,-16.024178012118085,0.150258575135225,0.5,0.7814438741753268,0.3471381009908231,0.41297757252255324,0.20999282811379394,0.4991488556837526,0.49675925925925923,0.2639795726301017,0.10076227425561504,0.20880313744285528,Trucking,Industrials,MRTN
2014Q1,2014,Q1,2014-05-09,2014-03-31,5287000.0,159409000.0,8640000.0,0.064,20915000.0,0.13120338249408753,536312000.0,364221000.0,108678000.0,57314000.0,172091000.0,0.0,278180000.0,717476937.728,698161937.728,4.369777205561665,1.8961859231601355,0.0,0.0,0.014353110556930114,4.369777205561665,0.01451591204241381,4.500855897270544,33.92646764365425,1.9698944809003325,0.15774541327785133,0.0,0.0011624067006822379,0.29723183520040575,1.602278675367275,0.009858067691940512,-193.0258105267689,0.13120338249408753,-0.27272727272727265,0.2817139761549158,0.28431525231031873,0.37586671634198143,-0.15743463723159973,-0.275852622928366,-0.3187731609240716,0.27582910084555196,0.14267904733306436,0.20713032124645503,Trucking,Industrials,MRTN
2013Q4,2013,Q4,2014-03-12,2013-12-31,7301000.0,166224000.0,12683000.0,0.088,24823000.0,0.1493346327846761,525802000.0,359137000.0,107350000.0,53028000.0,166665000.0,0.0,273727000.0,671620479.2160001,657970479.2160001,4.3184960878288,2.024402202609942,0.0,0.0,0.020179727416783474,4.3184960878288,0.020329289379818843,4.040454321975167,22.997550993562527,1.870095476701092,0.1139569921928503,0.0,0.001238794863687324,0.31613421021601285,1.671965753941314,0.0138854549811526,1121.2361923472456,0.1493346327846761,-0.08333333333333341,0.23494219080822673,0.16628694824893073,0.3829445378389697,0.010461613612309696,-0.0847436379591325,-0.07104665641251007,0.3879051659438711,0.2054445190977765,0.20986894031475758,Trucking,Industrials,MRTN
2013Q3,2013,Q3,2013-11-08,2013-09-30,7977000.0,167103000.0,13653000.0,0.096,24566000.0,0.14701112487507706,518426000.0,351559000.0,94625000.0,51964000.0,166867000.0,0.0,267258000.0,570324399.856,570073399.856,4.23233530708042,1.82097221153106,0.0015836397094281538,0.0023353121382186206,0.022423978837953596,4.23233530708042,0.02269035922846521,3.413011135981999,17.874025318290084,1.6222722213227367,0.10404914128118341,0.0,0.0014553120999374477,0.322327583878895,1.5089100146255099,0.015386959758962706,-291.87533257727733,0.14701112487507706,0.04347826086956526,0.28615929757517283,0.010407077481465382,0.3904568594952239,0.018237586006797646,0.04043302465110213,0.04054569011508269,0.4408925607623972,0.2859511860890771,0.20632975335263656,Trucking,Industrials,MRTN
2013Q2,2013,Q2,2013-08-09,2013-06-30,7667000.0,161413000.0,13121000.0,0.092,24126000.0,0.14946751500808486,520530000.0,344095000.0,89286000.0,56635000.0,176435000.0,0.0,260111000.0,522725500.736,529477500.736,4.14447375716254,1.5765162885141697,0.014191305016041343,0.021467908571760706,0.021561923282673427,4.14447375716254,0.022281637338525697,3.2384349509395154,17.044655691143866,1.5191313466804226,0.07225772792487282,0.0,0.0010598296796692822,0.3100935584884637,1.2728171625320033,0.014729218296736018,-19.681671024360856,0.14946751500808486,0.0781292114422321,1.172612458254613,-0.0082643727820913,0.39319035047881434,0.0665310994208921,0.06456539850041655,0.04649864412186952,0.472262794796963,0.2702379758879055,0.20347496279796873,Trucking,Industrials,MRTN
2013Q1,2013,Q1,2013-05-10,2013-03-31,7202000.0,164474000.0,12538000.0,0.085333,22621000.0,0.13753541593200141,508297000.0,336248000.0,97145000.0,61306000.0,172049000.0,0.0,253109000.0,440426429.8238,431385429.8238,4.053438634720936,1.5845920464554857,0.0,0.0,0.021642637917994707,4.053438634720936,0.021418714758154694,2.6777875519766043,15.288337608435157,1.3098261694457662,0.0767842266037212,0.0,0.00125560130490179,0.32357853774466505,1.3117639382768407,0.0141688815790768,-117.82408502509364,0.13753541593200141,-0.08571459183782792,1.7131082409117506,0.14651068418808466,0.40590157685284567,1.165132457824465,-0.06697758777043658,-0.05094239648777534,0.8317244772451984,0.29406190284474215,0.199097592557171,Trucking,Industrials,MRTN
2012Q4,2012,Q4,2013-03-14,2012-12-31,7719000.0,166412000.0,13211000.0,0.093333,-136987000.0,-0.82317981876307,490623000.0,329360000.0,95534000.0,46900000.0,158700000.0,0.0,246460000.0,406106448.464,405359448.464,3.977236623818793,2.036972281449893,0.005556200993430801,0.008276657760505223,0.023320195330621567,3.977236623818793,0.023436361428224434,2.4403675724346803,13.152819292136288,1.2330169069225163,2.219717579997409,0.0,0.04219090847930446,0.3391850769327977,1.6394243070362473,0.01573305776533102,57.595581969082396,-0.82317981876307,0.20689744352346348,1.606359267769675,0.15048516809417384,0.3917099626746272,-2.805239645243335,0.18425897514575024,0.34258130081300814,0.7946036720718713,0.2819324929689845,0.19551453075997308,Trucking,Industrials,MRTN
2012Q3,2012,Q3,2012-11-09,2012-09-30,6518000.0,163606000.0,9840000.0,0.077333,75883000.0,0.4638155079887046,501972000.0,338186000.0,94323000.0,54109000.0,161360000.0,0.0,255875000.0,379408839.9706,374281839.9706,4.086036695191734,1.7432035336080873,0.0,0.0,0.0194419368608759,4.086036695191734,0.019273417586771778,2.3190398883329464,14.552348878896902,1.1218939872454803,0.08468855477140227,0.0,0.0014548949361400591,0.3259265457037444,1.4545824169731467,0.01298478799614321,-36.185869334344304,0.4638155079887046,-0.14706563578810372,1.109426094669144,0.11944953543443561,0.4342914383530552,-0.004904467786563857,-0.1405590717299578,-0.2592034931867801,0.8614834549763367,0.2537365087728166,0.24759934298827604,Trucking,Industrials,MRTN
2012Q2,2012,Q2,2012-08-08,2012-06-30,7584000.0,156964000.0,13283000.0,0.090667,76257000.0,0.485824775107668,494467000.0,331964000.0,91303000.0,53877000.0,160093000.0,0.0,249909000.0,469120492.45879996,463871492.45879996,4.01176997264788,1.6946563468641536,0.0,0.0,0.02356082373937261,4.01176997264788,0.022845850754901136,2.9887139245865293,15.464151254575421,1.4131667664529888,0.05907172995780591,0.0,0.0009549785336639183,0.31744079989160046,1.3876422220984836,0.015337727290193278,-13.951538809183642,0.485824775107668,0.35999820000899985,0.7184809261670362,0.11296395023346623,0.4162382097168006,0.06842923794712286,0.3925817113477782,0.39541968694190566,0.7184809366102989,0.2657242372791969,0.26985529242886447,Trucking,Industrials,MRTN
2012Q1,2012,Q1,2012-05-07,2012-03-31,5446000.0,151474000.0,9519000.0,0.066667,71373000.0,0.4711897751429288,490895000.0,324236000.0,106022000.0,58816000.0,164413000.0,0.0,242877000.0,486265650.0398,460627650.0398,3.9242462029629586,1.802604733405876,0.0,0.0,0.017047126934210205,3.9242462029629586,0.01679640755499081,3.210225187423584,22.322146990442526,1.4997275134155368,0.10007344840249724,0.0,0.0011207865494002973,0.3085670051640371,1.5156760065288357,0.011094022143228185,-38.12353195137593,0.4711897751429288,-0.28118509618661097,0.17702235715212203,0.14442652723817445,0.42602049976762507,-0.38624989251010405,-0.2893122797859846,-0.26499884178827887,0.3318648208585076,0.23111209522016793,0.23558696093618098,Trucking,Industrials,MRTN
2011Q4,2011,Q4,2012-03-14,2011-12-31,7663000.0,158340000.0,12951000.0,0.09274571192990647,116290000.0,0.7344322344322345,470579000.0,318170000.0,101800000.0,46385000.0,150220000.0,3340000.0,237872000.0,396370992.6318,375549992.6318,3.8508290701733445,2.1946750026948365,0.0,0.0,0.024361903780199295,3.8508290701733445,0.0240846088569004,2.5032903412391057,12.931325611111836,1.2457836773793884,0.057418765496541825,12.589820359281438,0.0011100711408736415,0.3364791034024043,1.8030828931766736,0.01628419457731858,-56.57593386123323,0.7344322344322345,0.19930316850382718,0.4662675419705721,0.19407486684594916,0.4294822810121615,0.6212184581067893,0.21001105321332703,0.16560165601656016,0.3046251278892122,0.11821409172770189,0.23318000536275255,Trucking,Industrials,MRTN
2011Q3,2011,Q3,2011-11-09,2011-09-30,6333000.0,156348000.0,11111000.0,0.077333,71730000.0,0.4587842505180751,467812000.0,310528000.0,105216000.0,51141000.0,154678000.0,0.0,230649000.0,379018725.43179995,358504725.43179995,3.7665431246796754,2.057370798380947,0.0,0.0,0.02138371644184808,3.7665431246796754,0.020394296166529265,2.4241993849093046,14.962052954042319,1.2205621568161324,0.09016264013895468,0.0,0.001506521872631712,0.33421117884962337,1.7216910111261023,0.013537489418826366,-74.17196192403131,0.4587842505180751,0.03570519774465295,-0.07077405900131475,0.13780568981410551,0.4233560625899734,0.02560802985458757,0.02244107200516629,-0.021832907826393168,0.028785865009872978,-0.04750041751562996,0.23742930186412933,Trucking,Industrials,MRTN
2011Q2,2011,Q2,2011-08-09,2011-06-30,6194000.0,151135000.0,11359000.0,0.074667,69939000.0,0.4627584609785953,461252000.0,304300000.0,101488000.0,51873000.0,154520000.0,0.0,224756000.0,474638492.15999997,459635492.15999997,3.692848407686969,1.9564706109151195,0.0,0.0,0.02080549408802278,3.692848407686969,0.020354912914886624,3.1404935465643296,19.157188091701645,1.5597715812027604,0.08330642557313529,0.0,0.001087143180595764,0.32766253588060323,1.6269157365103233,0.013428668059975892,-223.35929042823528,0.4627584609785953,0.47368109420332766,-0.19463261748776972,0.12367203664621919,0.42869880272364347,0.10279091769157994,0.5125763125763125,0.49283742935996844,0.768465122196527,-0.06439840845464138,0.24137371083099532,Trucking,Industrials,MRTN
2011Q1,2011,Q1,2011-05-06,2011-03-31,4095000.0,137856000.0,7609000.0,0.050667,63420000.0,0.46004526462395545,449988000.0,298159000.0,85589000.0,50363000.0,149573000.0,0.0,219001000.0,489800040.6472,481759040.6472,3.6199713723117593,1.6994420507118322,0.0,0.0,0.01422930027064063,3.6199713723117593,0.01373428271492727,3.5529831175081243,29.902322383833944,1.6427477978098932,0.05641025641025641,0.0,0.00047162103068584246,0.3063548361289634,1.356372733951512,0.00910024267313795,31.514608200180156,0.46004526462395545,-0.19900417165604609,-0.18938499730598443,0.1533681614557413,0.48526140362626824,-0.15718690197746119,-0.21401151631477927,-0.16163508153371528,0.5536787638104208,-0.03216829557125146,0.2555570514627126,Trucking,Industrials,MRTN
2010Q4,2010,Q4,2011-03-15,2010-12-31,5210000.0,136572000.0,9076000.0,0.063255011083832,75248000.0,0.5509767741557566,460308000.0,293993000.0,87706000.0,68589000.0,164404000.0,0.0,215345000.0,469587665.7208,483627665.7208,3.5693916455986603,1.278718161804371,0.04202838099707153,0.06580428785719387,0.01714885330410369,3.5693916455986603,0.01772151037609739,3.4383890235245875,22.532997395431863,1.5972749885908848,0.08426103646833014,0.0,0.0009348627147737175,0.2966969941865012,1.013369490734666,0.011318508476932837,1131.5365439055422,0.5509767741557566,-0.05117957784463088,-0.2669404793808806,0.08923657614663265,0.5164606156429998,0.011520210778185533,-0.049616928128420286,-0.09112757861005408,0.7687139419912765,-0.05069735619799306,0.24899732747044237,Trucking,Industrials,MRTN
2010Q3,2010,Q3,2010-11-09,2010-09-30,5482000.0,128674000.0,9986000.0,0.066667,74391000.0,0.5781354430576495,459999000.0,288578000.0,82836000.0,79356000.0,169483000.0,0.0,210574000.0,508427477.15080005,531123477.15080005,3.5084397904618503,1.0438530167851203,0.0588392583462138,0.09379093347379218,0.018002234417460874,3.5084397904618503,0.018996597107194587,3.9512836870758665,23.186222051751187,1.761837275020272,0.0,0.0,0.0,0.2797266950580327,0.8348203034427139,0.011917417211776547,-26.00785089522738,0.5781354430576495,0.08696786395578246,-0.1479604028931863,0.07048635279071418,0.5322217616670974,0.06615549982085274,0.06281504459092671,0.08626128576090504,0.7852258234767602,-0.11406824914339944,0.23154184086457158,Trucking,Industrials,MRTN
2010Q2,2010,Q2,2010-08-09,2010-06-30,5158000.0,125862000.0,9193000.0,0.061333,69775000.0,0.5543770160969951,437780000.0,283193000.0,79285000.0,54978000.0,152640000.0,0.0,205530000.0,455681967.5358,465777967.5358,3.4437556951970314,1.4421223034668413,0.030885376216364384,0.04774482420116317,0.017436427899989657,3.4437556951970314,0.018213727034213416,3.6204888491824376,22.08617523923032,1.609086268148577,0.0,0.0,0.0,0.28750057106309107,1.1467496089344829,0.011782173694549774,-23.800374362049514,0.5543770160969951,0.2777708333333333,-0.24931815106052269,0.09824565456067749,0.5483476670772628,0.008979957775399833,0.32528263103802674,0.30693773102075633,0.1760682223669334,-0.10199148597742705,0.21571736009799344,Trucking,Industrials,MRTN
2010Q1,2010,Q1,2010-05-10,2010-03-31,3892000.0,125812000.0,7034000.0,0.048,69154000.0,0.5496613995485328,433408000.0,277578000.0,72793000.0,61361000.0,153958000.0,0.0,200372000.0,431589954.096,436406954.096,3.380407616428164,1.1863072635713239,0.021144049025398702,0.033014143772200966,0.013564068867811894,3.380407616428164,0.014021284107530136,3.4304355236066515,27.722890165467625,1.554842077167499,0.0,0.0,0.0,0.2902853662138216,0.9175860888838188,0.008979991139988187,-23.326664906280403,0.5496613995485328,-0.07585913997655334,-0.2158474568698875,0.1860565168058853,0.5582429151970105,-0.04357928220731623,-0.08745603751465417,-0.12826868261246746,-0.15361312060380994,-0.04355301218617823,0.22839656567864894,Trucking,Industrials,MRTN
2009Q4,2009,Q4,2010-03-15,2009-12-31,4265000.0,128720000.0,8069000.0,0.05194013388692951,72305000.0,0.5617231199502797,414838000.0,273176000.0,72844000.0,54217000.0,139931000.0,0.0,196480000.0,393053963.7122,389142963.7122,3.326799065579333,1.343563826843979,0.0036134587477521345,0.005487304887691452,0.0169377910354979,3.326799065579333,0.015612645327554396,3.0535578287150402,23.039505493094957,1.4388305111437314,0.0,0.0,0.0,0.31028979987368566,1.020786838076618,0.010281121787300103,-23.035454709734513,0.5617231199502797,0.21733737752664853,-0.2052347189963428,0.18118248853338229,0.5781982039751066,-0.032126363697209025,0.22839861751152074,0.23454712362301103,-0.17885009603928811,-0.023266769984222505,0.23495492271211085,Trucking,Industrials,MRTN
2009Q3,2009,Q3,2009-11-09,2009-09-30,3472000.0,129395000.0,6536000.0,0.042667,74705000.0,0.5773407009544418,419315000.0,268785000.0,86259000.0,61583000.0,148622000.0,0.0,192215000.0,373355437.1638,366892437.1638,3.2751193066555917,1.4006949969959241,0.0034055542968889738,0.005312796473017468,0.013002301619049195,3.2751193066555917,0.012917387503022862,2.885393076732486,26.883312007762097,1.3890486342757222,0.0,0.0,0.0,0.30858662342153276,1.122582530893266,0.008280171231651623,-26.23904962849111,0.5773407009544418,-0.1999887499296871,-0.3000846605796128,0.27475657166178263,0.6106482170127695,-0.00917808400864756,-0.22448067902613358,-0.1288817806210849,-0.4882339492754411,-0.05403910256922951,0.23764968739874873,Trucking,Industrials,MRTN
2009Q2,2009,Q2,2009-08-10,2009-06-30,4477000.0,125804000.0,7503000.0,0.053333,75397000.0,0.5993211662586245,410181000.0,265198000.0,91915000.0,57104000.0,143091000.0,0.0,188743000.0,464712694.112,458156694.112,3.159233966710119,1.609607032782292,0.0034813899229852187,0.005384655992880791,0.017344390252211156,3.159233966710119,0.016881726106531724,3.693942117198181,25.950005255304887,1.752323524732464,0.0,0.0,0.0,0.3067036259602468,1.284796161389745,0.010914693757146236,-58.081826535683035,0.5993211662586245,0.11110416666666662,-0.11764706416401281,0.29869505327958307,0.6206795974635446,-0.040274436425198255,0.10461386627189737,0.03475382705833678,-0.4285714331419651,-0.0818344565665603,0.22225265904963645,Trucking,Industrials,MRTN
2009Q1,2009,Q1,2009-05-11,2009-03-31,4053000.0,121955000.0,7251000.0,0.048,78561000.0,0.6441802304128572,404197000.0,260104000.0,87608000.0,57069000.0,142196000.0,0.0,184266000.0,407949869.8258,408630869.8258,3.176017817466794,1.5351241479612399,0.007068335489872513,0.010984067911297019,0.01592213346657548,3.176017817466794,0.015582228647002738,3.345085234929277,25.16345113655317,1.5684105966298094,0.0,0.0,0.0,0.3017216852178517,1.2080288773239412,0.010027288673592332,49.81681155523263,0.6441802304128572,-0.32479890621779456,0.39189065412247565,0.3536237061251788,0.62972944410597,-0.12116296760336495,-0.30384747509446924,-0.29375669621116196,-0.1931068637313353,0.026172997311795298,0.3031088360514558,Trucking,Industrials,MRTN
2008Q4,2008,Q4,2009-03-13,2008-12-31,5822000.0,140354000.0,10267000.0,0.07108993223207515,89392000.0,0.6369038288898072,397443000.0,255736000.0,82372000.0,57515000.0,139992000.0,0.0,180213000.0,414067520.896,414529520.896,3.122682052439363,1.4321829088063984,0.007188452180564257,0.011171677041949511,0.02313609397297637,3.122682052439363,0.0227656645916101,2.9501654452028445,17.780295469598077,1.6191209720023774,0.0,0.0,0.0,0.3531424631959803,1.0871424845692428,0.014648641440407806,-433.1250218577406,0.6369038288898072,-0.04790694373585188,0.5732643243753045,0.5449194769758965,0.660087792799897,0.05180670439703962,-0.04977966378325445,-0.024791033434650455,-0.1761419253594783,0.12580721467230052,0.3266754724264265,Trucking,Industrials,MRTN
2008Q3,2008,Q3,2008-11-10,2008-09-30,6127000.0,163377000.0,10528000.0,0.074667,84989000.0,0.5202017419832657,400036000.0,249772000.0,91034000.0,68060000.0,148562000.0,0.0,174391000.0,426923427.1404,431854427.1404,3.043845106145098,1.3375550984425506,0.01835334819866212,0.02939480806495524,0.02495584899987285,3.043845106145098,0.02453037169898948,2.613118291683652,17.419757921511344,1.7092525468843587,0.0,0.0,0.0,0.4084057434830865,1.0674698795180724,0.015316121549060584,156.2105478010977,0.5202017419832657,0.7499941406707761,0.40000000464689894,0.4931928374266884,0.3962545339764062,0.05116756542818978,0.7662150475641395,0.6378344741754822,-0.04545454108149302,0.3624144423994704,0.3293218608051039,Trucking,Industrials,MRTN
2008Q2,2008,Q2,2008-08-11,2008-06-30,3469000.0,159994000.0,6428000.0,0.042667,80852000.0,0.50534395039814,395055000.0,242789000.0,94512000.0,59547000.0,150417000.0,0.0,168264000.0,347573868.63920003,364738868.63920003,2.974807969160969,1.5871832334122626,0.046168255053093875,0.0751228432919119,0.014386424764374253,2.974807969160969,0.014288126727322902,2.1724181446754254,25.048563609051598,1.431588204734152,0.0,0.0,0.0,0.4049917100150612,1.2802828018204109,0.008781055802356634,786.366218640724,0.50534395039814,0.3333437499999999,-0.35614693089549904,0.24732086940800677,0.8771896679338352,0.6114000996512208,0.3075763286845081,0.17256475738781465,-0.491303222199665,0.40665848739375754,0.33750398887970656,Trucking,Industrials,MRTN
2008Q1,2008,Q1,2008-05-12,2008-03-31,2653000.0,143374000.0,5482000.0,0.032,50175000.0,0.34995884888473505,396244000.0,239032000.0,81430000.0,55170000.0,155573000.0,0.0,164795000.0,343124167.2329,370944167.2329,2.8831596048100923,1.4759833242704368,0.07668507283391042,0.1271210549215168,0.011621547322741958,2.8831596048100923,0.011098932360520767,2.393210534914978,32.33360038003204,1.4354737743603367,0.0,0.0,0.0,0.3618326081909127,1.163041508065978,0.006695369519790836,61.56902336854478,0.34995884888473505,-0.10522747251264754,0.22727272758787137,0.16810655401497676,0.9125446324235955,-0.03459488580609162,-0.10522765598650928,-0.0338385618611209,-0.47058824064357757,0.338697121785777,0.3290299683813327,Trucking,Industrials,MRTN
2007Q4,2007,Q4,2008-03-14,2007-12-31,2965000.0,144811000.0,5674000.0,0.0357632795117889,51973000.0,0.3589022933340699,407390000.0,236930000.0,80158000.0,54815000.0,169177000.0,0.0,162142000.0,308411313.24,349436313.24,2.8578056710718864,1.4623369515643527,0.10958295490807335,0.18842274089393493,0.012434537291510615,2.8578056710718864,0.012514244713628497,2.1297505938084815,26.004326580101182,1.3016980257460011,0.0,0.0,0.0,0.35546036967034045,1.1252759281218645,0.00727803824345222,67.39757719405594,0.3589022933340699,-0.04204645992047519,2.3093779852998946,0.22602927439961149,0.9327934979331076,-0.013120917514810877,-0.03262642740619902,-0.0038623595505617976,-0.45276589096448483,0.31613709952057545,0.355712710172388,Trucking,Industrials,MRTN
2007Q3,2007,Q3,2007-11-09,2007-09-30,3065000.0,144969000.0,5696000.0,0.037333,52664000.0,0.3632776662596831,422472000.0,233883000.0,86580000.0,59357000.0,187288000.0,0.0,159177000.0,341528640.96000004,395368640.96000004,2.848818995868498,1.4586316693902994,0.1361747050692117,0.24597768969955064,0.012916974235956717,2.848818995868498,0.013104843019800498,2.355873607184985,27.857148528548123,1.4602542337835585,0.0,0.0,0.0,0.3431446344373118,1.1729029432080462,0.007254918669166241,394.8307987976879,0.3632776662596831,-0.3000018750117188,0.07386363258929958,0.2668052577376459,0.9425128383629486,-0.03164475498758849,-0.2944290976058932,-0.29163039422957343,-0.38235294068477427,0.42767387282912744,0.4010009427635855,Trucking,Industrials,MRTN
2007Q2,2007,Q2,2007-08-09,2007-06-30,4344000.0,138821000.0,8041000.0,0.053333,54385000.0,0.3917634939958652,415261000.0,230723000.0,82975000.0,48242000.0,183486000.0,0.0,156112000.0,390960076.8,449817076.8,2.8326943483964446,1.7199742962563742,0.1515071244349939,0.2726862948210625,0.016882819700778477,2.8326943483964446,0.01882777183029,2.8162891550990126,22.5000044198895,1.6944997975927845,0.0,0.0,0.0,0.33429818836827924,1.359375647775797,0.010460890861410053,-403.0516255670103,0.3917634939958652,-0.04762500000000005,0.007462695441911017,0.23552615599449694,0.9818811492042276,-0.0023846647711639,-0.0544188071397475,-0.04159713945172825,-0.1176470588019262,0.4769479329728055,0.45316554097357636,Trucking,Industrials,MRTN
2007Q1,2007,Q1,2007-05-10,2007-03-31,4594000.0,131416000.0,8390000.0,0.056,54515000.0,0.4148277226517319,417800000.0,225753000.0,77749000.0,48512000.0,191065000.0,0.0,151768000.0,347396710.0657,414864710.0657,2.7518862482007993,1.6026756266490765,0.16849210148396362,0.31182752831634575,0.017635440798995008,2.7518862482007993,0.020349674201450257,2.6434886928966033,18.904914566048106,1.5388354089013214,0.0,0.0,0.0,0.3145428434657731,1.241692777044855,0.01099569171852561,-17.052656099828194,0.4148277226517319,-0.11466545846983993,3.4296874458086135,0.28396569368774066,1.030550440533299,0.10040168749116893,-0.11466563885141645,-0.030618139803581745,0.574999986570238,0.4561550936861836,0.4120922183932432,Trucking,Industrials,MRTN
