Quarters,Year,Quarter,FillingDate,Date,NetIncome,Revenue,OperatingIncome,EPSDiluted,GrossProfit,GrossProfitRatio,TotalAssets,CommonStockEquity,CurrentAssets,CurrentLiability,TotalLiability,Inventory,RetainedEarnings,MarketCap,EnterpriseValue,bookValuePerShare,currentRatio,debtToAssets,debtToEquity,roic,shareholdersEquityPerShare,roe,priceToSalesRatio,peRatio,pbRatio,payoutRatio,inventoryTurnover,dividendYield,assetTurnover,quickRatio,returnOnAssets,priceToFreeCashFlowsRatio,grossProfitMargin,epsdilutedGrowth,fiveYNetIncomeGrowthPerShare,fiveYRevenueGrowthPerShare,fiveYShareholdersEquityGrowthPerShare,grossProfitGrowth,netIncomeGrowth,operatingIncomeGrowth,threeYNetIncomeGrowthPerShare,threeYRevenueGrowthPerShare,threeYShareholdersEquityGrowthPerShare,Industry,Sector,Symbol
2023Q4,2023,Q4,2023-04-30,2023-04-30,2867000.0,29914000.0,2270000.0,0.08,17980000.0,0.6010563616,195949000.0,139334000.0,150141000.0,56327000.0,56615000.0,0.0,0.0,417845120.0,326721120.0,4.108208515155089,2.665524526426048,0.0024292035172417312,0.0034162515968823117,0.014066581491970225,4.108208515155089,0.020576456571978124,13.96821287691382,36.435744680851066,2.99887407237286,1.296128357167771,0.0,0.008893247335280593,0.1526621722999352,2.5398121682319315,0.0146313581595211,38.96718455656067,0.6010563615698336,-0.20000000000000004,1.0342435830515397,-0.08342379276587243,0.1134608348561285,-0.04045255630270039,-0.14161676646706586,-0.23207036535859268,3.9889611246782386,-0.030860743457262182,0.1065007024665759,Software—Application,Technology,AMSWA
2023Q3,2023,Q3,2023-03-03,2023-01-31,3340000.0,31011000.0,2956000.0,0.1,18738000.0,0.6042372062,190064000.0,134996000.0,144563000.0,54700000.0,55068000.0,0.0,-20814000.0,513474390.0,433452390.0,3.99881513077994,2.642833638025594,0.0030726492128967083,0.004326054105306824,0.016901735593900926,3.99881513077994,0.02474147382144656,16.55781464641579,38.433711826347306,3.803626700050372,1.1110778443113773,0.0,0.0072272348383334165,0.16316083003619833,2.5409140767824496,0.017573028032662683,-3334.2492857142856,0.6042372061526555,0.6666666666666669,-0.4637566448495721,-0.07752688475961554,0.07563560439101812,-0.006521393351359949,0.6049975973089861,0.06830502349114564,-0.03788240721074052,-0.04072396961391278,0.0677697164255046,Software—Application,Technology,AMSWA
2023Q2,2023,Q2,2022-12-02,2022-10-31,2081000.0,31438000.0,2767000.0,0.06,18861000.0,0.5999427444,183012000.0,133568000.0,138968000.0,48729000.0,49444000.0,0.0,-20438000.0,577623600.0,494352600.0,3.9610913404507713,2.8518541320363644,0.0037757086966974844,0.005173394825107811,0.016273301211370488,3.9610913404507713,0.0155800790608529,18.373420701062408,69.3925516578568,4.324565764254911,1.7842383469485825,0.0,0.006428061457322727,0.17178108539330755,2.741365511297174,0.011370839070662032,-53.09040441176471,0.5999427444493924,0.0,-0.2557974352351433,0.05866698321342793,0.10457734745228935,0.007962804617357846,-0.02437880918893577,0.08212749315604223,0.10899459954128467,0.044660115646799184,0.062275263267680445,Software—Application,Technology,AMSWA
2023Q1,2023,Q1,2022-09-02,2022-07-31,2133000.0,31296000.0,2557000.0,0.06,18712000.0,0.5979038855,190258000.0,133181000.0,143855000.0,52736000.0,57077000.0,13000.0,-18808000.0,609173600.0,512132600.0,3.957125029712384,2.727832979368932,0.004399289385991653,0.006284680247182406,0.015113617299963272,3.957125029712384,0.016015798049271293,19.464902862985685,71.39868729488983,4.57402782679211,1.7313642756680732,968.0,0.0060623113017373035,0.16449242607406783,2.622288379854369,0.011211092306236793,-197.33514739229025,0.5979038854805726,-0.4000000000000001,-0.3099285921454631,0.0262007397050866,0.12448385040891209,-0.1318951519369056,-0.40435632504886904,-0.5314275242807404,0.7202982937663419,0.06187449317072416,0.08350305753006709,Software—Application,Technology,AMSWA
2022Q4,2022,Q4,2022-06-29,2022-04-30,3581000.0,34649000.0,5457000.0,0.1,21555000.0,0.6220958758,192835000.0,132976000.0,156191000.0,57489000.0,59859000.0,0.0,-17236000.0,574337700.0,464649700.0,3.959150861940632,2.7168849692984747,0.0051961521508025,0.0075351943207796895,0.030941104016391368,3.959150861940632,0.026929671519672724,16.575880977805998,40.096181234292104,4.319107959331007,1.0262496509354928,0.0,0.0063986745080463975,0.1796821116498561,2.6287463688705666,0.01857028029144087,38.70982678439037,0.6220958757828509,0.1764705882352941,-0.6936400014569801,0.15993356611165044,0.12699375812715835,0.137467018469657,0.21802721088435373,0.6847792528558196,0.7718947073178659,0.22297414879912425,0.07588362355073465,Software—Application,Technology,AMSWA
2022Q3,2022,Q3,2022-03-04,2022-01-31,2940000.0,32422000.0,3239000.0,0.085,18950000.0,0.5844796743,186050000.0,130879000.0,148711000.0,51911000.0,55171000.0,0.0,-17114000.0,769935100.0,672750100.0,3.908002388772768,2.8647300186858278,0.006288632088148347,0.008939554856012041,0.021459395126908237,3.908002388772768,0.022463496817671284,23.74730429954969,65.47067176870748,5.8828009077086465,1.2547619047619047,0.0,0.004791312930141774,0.17426498253157754,2.7400165668162817,0.015802203708680462,125.15199934980494,0.5844796742952316,-0.10994764397905754,0.14804626902688,0.07399747415354033,0.2057412101213973,0.03067551397802676,-0.11285455642727821,-0.12789445341949382,0.18305061387489235,0.11173274743247336,0.05970168660546677,Software—Application,Technology,AMSWA
2022Q2,2022,Q2,2021-12-03,2021-10-31,3314000.0,31211000.0,3714000.0,0.0955,18386000.0,0.5890871808,179608000.0,128847000.0,140876000.0,47195000.0,50761000.0,0.0,-16362000.0,989412480.0,896545480.0,3.865100791936645,2.984977222163365,0.007427286089706472,0.010353364843574162,0.02587441892668048,3.865100791936645,0.025720428104651253,31.70076191086476,74.63884127942065,7.678971803767259,1.104405552202776,0.0,0.003699164983243389,0.17377288316778763,2.828710668503019,0.018451293929000936,226.6695257731959,0.5890871808016405,0.061111111111111165,6.030024248545553,0.043287398707789776,0.20355811608176394,0.08767155702792238,0.12453342382083475,1.0947546531302876,1.47338452666345,0.032876438839339474,0.047718490037801445,Software—Application,Technology,AMSWA
2022Q1,2022,Q1,2021-09-03,2021-07-31,2947000.0,29271000.0,1773000.0,0.09,16904000.0,0.5774999145912336,179456000.0,126534000.0,139964000.0,49132000.0,52922000.0,0.0,-15991000.0,727166000.0,636679000.0,3.828215290593895,2.8487340226329074,0.007617466119828816,0.010803420424549924,0.018289657307411576,3.828215290593895,0.02329018287574881,24.842540398346486,61.6869697997964,5.746803230752208,1.2242958941296234,0.0,0.004961728133603607,0.16310962018544936,2.7071358788569566,0.016421852710413694,266.1661786237189,0.5774999145912336,0.0,0.5284995747889036,-0.06583867132999337,0.1630662167498465,0.014584958886021248,-0.034403669724770644,-0.07172774869109948,0.9779320620716253,-0.006920869573884965,0.019368861340509906,Software—Application,Technology,AMSWA
2021Q4,2021,Q4,2021-07-09,2021-04-30,3052000.0,28566000.0,1910000.0,0.09,16661000.0,0.583245816705174,177157000.0,122391000.0,136623000.0,50664000.0,54766000.0,0.0,-15287000.0,678383720.0,591285720.0,3.732798584848115,2.696648507816201,0.00880574857329939,0.012746035247689781,0.012638011997430693,3.732798584848115,0.024936474087146932,23.747942309038717,55.568784403669724,5.542758209345459,1.1844692005242463,0.0,0.0053288425022935395,0.1612468036826092,2.5916429812095374,0.017227656824172908,188.96482451253482,0.583245816705174,0.28571428571428553,-0.2113375050709227,-0.12900807787002094,0.13517294625104753,0.09173710766004849,0.32064041540458676,1.0427807486631016,1.2400075968394992,-0.09461515178013627,0.01171228609798355,Software—Application,Technology,AMSWA
2021Q3,2021,Q3,2021-03-05,2021-01-31,2311000.0,27683000.0,935000.0,0.07,15261000.0,0.5512769569772062,167424000.0,120350000.0,126692000.0,43414000.0,47074000.0,0.0,-14721000.0,625478760.0,540506760.0,3.688549711903886,2.9182291426728706,0.010446530963302753,0.014532613211466556,0.0073709641814774,3.688549711903886,0.01920232654756959,22.594327204421486,67.66321505841627,5.197164603240549,1.5482475118996106,0.0,0.005720418068233044,0.16534666475535167,2.7763163956327452,0.013803277905198776,94.3264605640175,0.5512769569772062,2.5,-0.0344342178168879,-0.09885609012446119,0.12732671632508538,0.029965580076938652,2.3395953757225434,0.48177496038034867,-0.6161031732535724,-0.14797915606556683,-0.007822250108318215,Software—Application,Technology,AMSWA
2021Q2,2021,Q2,2020-12-04,2020-10-31,692000.0,27881000.0,631000.0,0.02,14817000.0,0.5314371794411965,164002000.0,119053000.0,121814000.0,41148000.0,44949000.0,0.0,-13433000.0,476938520.0,397086520.0,3.664409492443596,2.960386896082434,0.011792539115376642,0.01624486573206891,0.0060310659037305404,3.664409492443596,0.005812537273315246,17.10622000645601,172.30437861271676,4.006102492167354,5.160404624277457,0.0,0.007487338200319824,0.17000402434116657,2.7982161951978224,0.004219460738283679,93.13386447959383,0.5314371794411965,-0.6666666666666666,-0.716468114106919,-0.1539361161672005,0.12456473517687801,0.04044659785127449,-0.6597836774827925,-0.28700564971751413,-0.7431518757217083,-0.025539975769403356,0.02184558982720119,Software—Application,Technology,AMSWA
2021Q1,2021,Q1,2020-09-04,2020-07-31,2034000.0,27278000.0,885000.0,0.06,14241000.0,0.5220690666471149,169120000.0,120814000.0,125247000.0,43974000.0,48306000.0,0.0,-10550000.0,532623329.99999994,454904329.99999994,3.7358607254398715,2.8482057579478783,0.012103831598864712,0.016943400599268296,0.0065003729077483295,3.7358607254398715,0.016835797175823994,19.525747122223034,65.4650110619469,4.408622593408048,1.7438544739429696,0.0,0.006659490488334411,0.16129375591296122,2.705098467276118,0.012026963103122044,477.2610483870967,0.5220690666471149,1.9999999999999996,-0.30026762076345465,-0.1636303161151469,0.14570719910117017,-0.10479004274578828,2.7321100917431194,-0.4430459408432977,-0.31515854830322454,-0.06912379728497237,0.06160786469751589,Software—Application,Technology,AMSWA
2020Q4,2020,Q4,2020-07-10,2020-04-30,545000.0,29273000.0,1589000.0,0.02,15908000.0,0.5434359307211424,171293000.0,119422000.0,125666000.0,47458000.0,51871000.0,0.0,-9013000.0,530079200.0,452452200.0,3.7127934089849215,2.647941337603776,0.012767597041326849,0.018313208621527022,0.05641467648649859,3.7127934089849215,0.0045636482390179365,18.10812694291668,243.15559633027522,4.438706436000067,6.506422018348624,0.0,0.0066895663893244625,0.17089431558791077,2.507101015634877,0.003181682847518579,43.039883078921726,0.5434359307211424,-0.7999999999999999,-0.8133741036840081,-0.06369688562372004,0.13450238736335202,-0.08794862974429538,-0.8341448569689592,-0.43632493792124866,-0.9513131251533803,0.02328663633553338,0.05686677347037766,Software—Application,Technology,AMSWA
2020Q3,2020,Q3,2020-03-06,2020-01-31,3286000.0,30600000.0,2819000.0,0.1,17442000.0,0.57,172692000.0,119672000.0,126501000.0,48009000.0,53020000.0,0.0,-6011000.0,477088150.0,410645150.0,3.745016429353779,2.634943448103481,0.01370069256248118,0.019770706598034628,0.019610456038642973,3.745016429353779,0.02745838625576576,15.591116013071895,36.2970290626902,3.9866313757604117,1.0675593426658552,0.0,0.007352938864652161,0.17719407963310402,2.497969130787977,0.019028096263868623,58.50970689232279,0.57,1.0,0.02213160435320458,0.04654092492593842,0.167124872517121,0.1485578822599763,0.8681068789084707,2.3440094899169632,0.3447945669808601,0.062334316467296425,0.15545493381122294,Software—Application,Technology,AMSWA
2020Q2,2020,Q2,2019-12-06,2019-10-31,1759000.0,28210000.0,843000.0,0.05,15186000.0,0.5383197447713577,166578000.0,117866000.0,119103000.0,43474000.0,48712000.0,0.0,-5774000.0,512381890.0,452241890.0,3.728874687588978,2.7396374844734783,0.015272124770377841,0.021583832487740314,0.0077556885180231315,3.728874687588978,0.014923726944156925,18.163129741226516,72.82289511085844,4.347156007669727,1.961341671404207,0.0,0.006733259054101229,0.16935009425014108,2.582946128720615,0.010559617716625244,-342.959765729585,0.5383197447713577,0.25000000000000006,0.33888422567501986,0.02657165510808925,0.16726040768619646,0.03857201477226098,0.5269097222222222,0.05771643663739021,2.9352550904913097,-0.00550616489768906,0.16113851505819415,Software—Application,Technology,AMSWA
2020Q1,2020,Q1,2019-09-06,2019-07-31,1152000.0,27383000.0,797000.0,0.04,14622000.0,0.533980937077749,162934000.0,114203000.0,112586000.0,43329000.0,48731000.0,0.0,-4028000.0,416516400.0,356520400.0,3.65215861848417,2.5983983013685985,0.016730700774546747,0.023869775750199208,0.005804281864065694,3.65215861848417,0.01008730068386995,15.210765803600774,90.38984375000001,3.647158130697092,2.9809027777777777,0.0,0.00824457332292318,0.1680619146402838,2.465184980036465,0.007070347502669792,121.93103044496488,0.533980937077749,-0.3333333333333333,-0.3219585149989014,-0.005370213624490497,0.12210547578830981,0.02380618960929842,-0.3852721451440768,-0.21322803553800593,-0.3684311992931159,-0.07626296919397459,0.10957769742144186,Software—Application,Technology,AMSWA
2019Q4,2019,Q4,2019-07-15,2019-04-30,1874000.0,26271000.0,1013000.0,0.06,14282000.0,0.5436412774542271,161310000.0,114607000.0,112502000.0,43101000.0,46703000.0,0.0,-1729000.0,403314800.0,342026800.0,3.6799062419727715,2.6101946590566345,0.0,0.0,0.007239554925342007,3.6799062419727715,0.01635153175634996,15.352091660005328,53.804002134471716,3.5191113980821416,1.823906083244397,0.0,0.008474769584453633,0.16286033103961317,2.4661144753021973,0.011617382679313124,48.68012070006035,0.5436412774542271,-0.14285714285714296,-0.34253541283060174,-0.08703182727150906,0.11554115431627043,0.017308925137118028,-0.18557149065623643,-0.5244131455399061,-0.49018010253433786,-0.15670051421780823,0.11908797532879042,Software—Application,Technology,AMSWA
2019Q3,2019,Q3,2019-03-07,2019-01-31,2301000.0,27003000.0,2130000.0,0.07,14039000.0,0.5199051957189942,160821000.0,114356000.0,112638000.0,42341000.0,46465000.0,0.0,-172000.0,342959540.0,287901540.0,3.6878325647392693,2.660258378403911,0.0,0.0,0.01613042134149598,3.6878325647392693,0.020121375354157194,12.700793985853423,37.26200999565407,2.999051558291651,1.4797913950456323,0.0,0.00992828483499832,0.1679071763016024,2.514206088661109,0.014307832932266309,51.869258923169994,0.5199051957189942,0.7500000000000001,-0.17060184371180187,-0.013006397778361626,0.13375380193847622,-0.042817208699802274,0.8511665325824618,0.39580602883355176,0.01158232526095816,-0.07509802186081124,0.1271075355572079,Software—Application,Technology,AMSWA
2019Q2,2019,Q2,2018-12-07,2018-10-31,1243000.0,28033000.0,1526000.0,0.04,14667000.0,0.5232047943495166,156590000.0,114088000.0,107848000.0,38466000.0,42502000.0,0.0,943000.0,355958260.0,305025260.0,3.6890642178102566,2.8037227681588934,0.0,0.0,0.012444551154335322,3.6890642178102566,0.010895098520440362,12.697829700709878,71.59257039420756,3.120032431105813,2.734513274336283,0.0,0.009548872387453517,0.17902164889201097,2.632974574949306,0.00793792707069417,-377.4742948038176,0.5232047943495166,0.0,-0.7012700442881753,-0.07614449580087534,0.15811460947761052,0.06653577661431065,-0.10252707581227437,1.514003294892916,-0.4649682764595851,-0.10633041030220046,0.13213098418916522,Software—Application,Technology,AMSWA
2019Q1,2019,Q1,2018-09-10,2018-07-31,1385000.0,27399000.0,607000.0,0.04,13752000.0,0.5019161283258513,158408000.0,115387000.0,108274000.0,38314000.0,43021000.0,0.0,3105000.0,459646000.0,404791000.0,3.7554759967453215,2.8259643994362373,0.0,0.0,0.005357259381345334,3.7554759967453215,0.012003085269571095,16.77601372312858,82.96859205776174,3.983516340662293,2.431768953068592,0.0,0.007327378025698037,0.17296474925508812,2.6580623270867045,0.008743245290641887,166.35758233803836,0.5019161283258513,0.0,-0.22570613807253767,0.04644217135552031,0.19945711833298976,-0.16279069767441862,0.09227129337539432,-0.7535525781567195,-0.4985062898055924,-0.11579052469878454,0.1517227760186771,Software—Application,Technology,AMSWA
2018Q4,2018,Q4,2018-07-13,2018-04-30,1268000.0,29363000.0,2463000.0,0.04,16426000.0,0.5594115042740865,162965000.0,112584000.0,107525000.0,46123000.0,50381000.0,0.0,3366000.0,389358640.0,336564640.0,3.6895851084747986,2.3312663963749105,0.0,0.0,0.015428272585020093,3.6895851084747986,0.011262701627229447,13.26017913700916,76.76629337539431,3.4583834292617066,2.639589905362776,0.0,0.008596187823133962,0.18017979320713037,2.188344210047048,0.007780811830761207,-509.6317277486911,0.5594115042740865,-0.7777777777777777,-0.6317454683611604,0.04101296519801893,0.20898578881201152,-0.03637216942391177,-0.7727598566308244,-0.4141294005708849,-0.5423019399761205,-0.010002554066415693,0.12741072633215578,Software—Application,Technology,AMSWA
2018Q3,2018,Q3,2018-03-09,2018-01-31,5580000.0,30117000.0,4204000.0,0.18,17046000.0,0.5659926287478833,163923000.0,112436000.0,106647000.0,46975000.0,51487000.0,0.0,5467000.0,378957320.0,324045320.0,3.7176299431292157,2.2702927088877063,0.0,0.0,0.03610887700295323,3.7176299431292157,0.04962823295030062,12.582837600026563,16.978374551971324,3.3704269095307553,0.5935483870967742,0.0,0.008739770483916236,0.1837265057374499,2.1529962746141567,0.03404037261397119,105.41232823365786,0.5659926287478833,1.2499999999999998,1.3444356616033828,0.17346211207263262,0.27289739415150793,0.21704983578466372,1.25,0.29673041332510797,0.8338890155911783,0.08829363968827368,0.15858994353977318,Software—Application,Technology,AMSWA
2018Q2,2018,Q2,2017-12-08,2017-10-31,2480000.0,26337000.0,3242000.0,0.08,14006000.0,0.5317993697080153,148638000.0,107245000.0,102799000.0,37913000.0,41393000.0,0.0,3230000.0,371133460.0,309891460.0,3.5860696850130407,2.711444623216311,0.0,0.0,0.019134768226759438,3.5860696850130407,0.023124621194461282,14.09171355887155,37.41264717741935,3.4606131754394145,1.3185483870967742,0.0,0.008810846642606679,0.17718887498486255,2.5608894046896844,0.01668483160430038,-75.67974306688417,0.5317993697080153,-0.11111111111111106,-0.18746391767704812,-0.0895638977073906,0.1474459426519559,-0.0800656814449918,-0.08990825688073395,-0.1049144119271121,0.9951763753377604,0.012989430056441388,0.12255774549129281,Software—Application,Technology,AMSWA
2018Q1,2018,Q1,2017-09-08,2017-07-31,2725000.0,26886000.0,3622000.0,0.09,15225000.0,0.5662798482481589,145842000.0,104414000.0,104473000.0,38997000.0,41428000.0,0.0,4064000.0,287808700.0,221581700.0,3.5190590138519093,2.6790009487909328,0.0,0.0,0.022394474037745988,3.5190590138519093,0.026098032830846437,10.704779439113294,26.404467889908258,2.756418679487425,1.1959633027522936,0.0,0.011323493695638806,0.18435018718887564,2.5789932558914788,0.01868460388639761,110.90894026974952,0.5662798482481589,-0.7352941176470588,0.026550988669271133,-0.053370797937017905,0.13487200846971734,0.06171548117154812,-0.7348705973924888,0.22489009130875887,0.6903085629597107,0.029206040724085277,0.08121136061291048,Software—Application,Technology,AMSWA
2017Q4,2017,Q4,2017-07-14,2017-04-30,10278000.0,26266000.0,2957000.0,0.34,14340000.0,0.5459529429680956,148774000.0,103750000.0,109526000.0,42737000.0,45024000.0,0.0,4608000.0,323977010.0,257976010.0,3.513019334303999,2.562791024171093,0.0,0.0,0.019162385237949244,3.513019334303999,0.09906506024096386,12.33446318434478,7.8803514788869435,3.1226699759036145,0.3153337225141078,0.0,0.010003796257024534,0.1765496659362523,2.461660855932798,0.06908465188809873,-335.3799275362319,0.5459529429680956,3.25,1.6898621326157008,-0.1433225455327586,0.13835704190592663,0.020713218022635062,3.582255907267053,0.2044806517311609,2.802578756347643,-0.03741342905853554,0.06495040515596268,Software—Application,Technology,AMSWA
2017Q3,2017,Q3,2017-03-02,2017-01-31,2243000.0,26441000.0,2455000.0,0.08,14049000.0,0.5313339132408003,136973000.0,95073000.0,98345000.0,40478000.0,41900000.0,0.0,-2432000.0,307703170.0,251951170.0,3.2411618313844475,2.429591382973467,0.0,0.0,0.016643487261029065,3.2411618313844475,0.02359239742092918,11.63734994894293,34.295939589835044,3.236493746910269,1.4275523851983951,0.0,0.010406132637502565,0.19303804399407182,2.321038588863086,0.016375490060084836,35.81692119660109,0.5313339132408003,7.000000000000001,-0.21730706483196569,-0.05834331351999945,0.0770314067767284,0.07919803349208787,4.444174757281553,2.4675141242937855,-0.14531319475897994,0.021671964322765185,-0.0035665978534487903,Software—Application,Technology,AMSWA
2017Q2,2017,Q2,2016-12-08,2016-10-31,412000.0,26146000.0,708000.0,0.01,13018000.0,0.49789642775185494,130162000.0,93564000.0,88855000.0,35054000.0,36598000.0,0.0,-1414000.0,303878050.0,255709050.0,3.2113952291058863,2.5348034461117135,0.0,0.0,0.005762678996163509,3.2113952291058863,0.004403403018254885,11.622353323644152,184.39202063106796,3.247809520755846,7.769417475728155,0.0,0.010533830923293077,0.20087275856240686,2.3906544188965597,0.0031652863354896207,88.08059420289855,0.49789642775185494,-0.8333333333333333,-0.8754153457568088,-0.07927797259452639,0.10115640988090159,-0.05639315743693824,-0.7559241706161137,-0.5698663426488457,-0.8948973682044765,-0.08536364537593691,0.008159118965360493,Software—Application,Technology,AMSWA
2017Q1,2017,Q1,2016-09-08,2016-07-31,1688000.0,27433000.0,1646000.0,0.06,13796000.0,0.5028979695986585,133365000.0,95249000.0,93613000.0,36220000.0,38116000.0,0.0,1385000.0,320343660.0,268506660.0,3.291485244315433,2.5845665378244065,0.0,0.0,0.012649767559983854,3.291485244315433,0.01772197083433947,11.677310538402654,47.444262440758294,3.363223340927464,1.7156398104265402,0.0,0.009040291292170415,0.20569864657143927,2.481888459414688,0.012656993963933565,75.37497882352942,0.5028979695986585,-0.5,-0.333826550807683,0.04479470816352675,0.14505877213673452,-0.12898541574594355,-0.5044039929536113,-0.5736855736855737,0.00196341577857401,0.11244155551856944,0.0512636506274228,Software—Application,Technology,AMSWA
2016Q4,2016,Q4,2016-07-14,2016-04-30,3406000.0,28866000.0,3861000.0,0.12,15839000.0,0.5487078223515555,136724000.0,94894000.0,94095000.0,39294000.0,41830000.0,0.0,2897000.0,263762120.00000003,214758120.00000003,3.2883082680712454,2.3946404031149795,0.0,0.0,0.02891937363517427,3.2883082680712454,0.035892680253756824,9.137466916095061,19.36010863182619,2.77954475520054,0.8470346447445684,0.0,0.010937886001219584,0.21112606418770663,2.303379650837278,0.02491150054123636,29.02631451524156,0.5487078223515555,0.7142857142857141,0.12024138537040868,0.03826343629281362,0.16025028417281034,0.1640332181965165,0.6134533396494553,0.5333598093725179,0.045939110513621206,0.08211952550125462,0.07749729263585804,Software—Application,Technology,AMSWA
2016Q3,2016,Q3,2016-03-04,2016-01-31,2111000.0,27095000.0,2518000.0,0.07,13607000.0,0.5021959771175494,134682000.0,94160000.0,90305000.0,38644000.0,40522000.0,0.0,2378000.0,278283260.0,235321260.0,3.271943845993467,2.3368440120070386,0.0,0.0,0.024290775798911143,3.271943845993467,0.02241928632115548,10.270649935412438,32.95633112269066,2.955429694137638,1.3590715300805305,0.0,0.010309639178439982,0.20117758869039665,2.2114429148121313,0.01567395791568287,87.73116645649432,0.5021959771175494,0.0,0.07316516269908244,0.19293747734710723,0.16681712429081502,-0.08659461636571121,-0.019507663725034836,-0.24338942307692307,-0.06788182886329959,0.10949446375473573,0.12029676409091349,Software—Application,Technology,AMSWA
2016Q2,2016,Q2,2015-12-07,2015-10-31,2153000.0,29070000.0,3328000.0,0.07,14897000.0,0.512452700378397,129783000.0,93389000.0,83712000.0,34760000.0,36394000.0,0.0,3153000.0,293191800.0,251669800.0,3.2585136078157713,2.4082853855005752,0.0,0.0,0.022168179180892984,3.2585136078157713,0.023054107014744776,10.085717234262125,34.04456572224803,3.139468245724871,1.3297724105898745,0.0,0.00976493885572516,0.22398927440419777,2.2810701956271577,0.016589229714215267,-130.19174067495558,0.512452700378397,-0.22222222222222213,0.3101012573369907,0.2443917865022669,0.15700030115215008,-0.02742051315531762,-0.16290824261275272,-0.12879581151832462,-0.26393333858830487,0.04860117924120344,0.04263679927647493,Software—Application,Technology,AMSWA
2016Q1,2016,Q1,2015-09-04,2015-07-31,2572000.0,28858000.0,3820000.0,0.09,15317000.0,0.5307713632268348,132475000.0,93303000.0,86310000.0,37350000.0,39172000.0,0.0,3868000.0,263821080.00000003,217375080.00000003,3.2607464877332775,2.310843373493976,0.0,0.0,0.02554026413527052,3.2607464877332775,0.027566101840240935,9.142043107630467,25.64357309486781,2.827573389923154,1.1123639191290824,0.0,0.010844470805744558,0.21783732779769768,2.219437751004016,0.019414983959237592,60.1918959616701,0.5307713632268348,0.0,0.6720249246685075,0.348999010014933,0.15460660626536027,0.08446615689606343,-0.0023273855702094647,0.11532846715328467,0.004705070370004125,0.05359461727795424,0.051568018915913685,Software—Application,Technology,AMSWA
2015Q4,2015,Q4,2015-07-10,2015-04-30,2578000.0,27600000.0,3425000.0,0.09,14124000.0,0.5117391304347826,134266000.0,92926000.0,85590000.0,39250000.0,41340000.0,0.0,4159000.0,275715450.0,231060450.0,3.272618418735693,2.180636942675159,0.0,0.0,0.02520373445662905,3.272618418735693,0.027742504788756644,9.989690217391304,26.737339992242052,2.9670431310935586,1.095810705973623,0.0,0.010246070722551093,0.2055620931583573,2.0851464968152866,0.019200691165298735,65.15015359168243,0.5117391304347826,-0.10000000000000009,0.7447650452984349,0.3139752271871991,0.1563734700402545,0.09922951202428204,-0.09257303766279479,0.4421052631578947,-0.29827004938488566,-0.06373632924393624,0.060457648513595204,Software—Application,Technology,AMSWA
2015Q3,2015,Q3,2015-03-06,2015-01-31,2841000.0,25839000.0,2375000.0,0.1,12849000.0,0.49727156623708346,128370000.0,90612000.0,78742000.0,35315000.0,37758000.0,0.0,4442000.0,234101309.99999997,193078309.99999997,3.2087538510570486,2.229704091745717,0.0,0.0,0.03244639429367591,3.2087538510570486,0.03135346311746789,9.059998838964354,20.6002560718057,2.583557475831016,0.9940161914818726,0.0,0.012063153341602403,0.2012853470437018,2.116862523007221,0.022131339097920075,69.73527256478998,0.49727156623708346,1.5,0.3837224433277379,0.16838111196846411,0.11708380326145675,0.06225198412698413,1.417872340425532,0.7222625090645395,0.02977072849080536,-0.04413273427469291,0.06626230160437059,Software—Application,Technology,AMSWA
2015Q2,2015,Q2,2014-12-05,2014-10-31,1175000.0,24577000.0,1379000.0,0.04,12096000.0,0.4921674736542296,126661000.0,90310000.0,77579000.0,32599000.0,36351000.0,0.0,4426000.0,273088200.0,232487200.0,3.1945525291828796,2.3797969262860823,0.0,0.0,0.00960482416383065,3.1945525291828796,0.013010740781751745,11.111535175163771,58.10387234042553,3.0238976857490862,2.4017021276595742,0.0,0.01033365777063967,0.19403762799914734,2.2288720512899167,0.009276730801114786,-122.51601615074024,0.4921674736542296,-0.20000000000000004,-0.2220591691719406,0.17612294184656718,0.10552288627611463,-0.0935931060322218,-0.23402868318122555,-0.36245954692556637,-0.633820172494422,-0.10804825406831042,0.09538121073635934,Software—Application,Technology,AMSWA
2015Q1,2015,Q1,2014-09-05,2014-07-31,1534000.0,24857000.0,2163000.0,0.05,13345000.0,0.5368709015569055,128749000.0,91891000.0,80516000.0,32577000.0,36858000.0,0.0,6076000.0,262849230.0,216640230.0,3.254737364077498,2.4715596893513827,0.0,0.0,0.014624728465799588,3.254737364077498,0.016693691438769847,10.57445508307519,42.8372278357236,2.86044585432741,1.8422425032594525,0.0,0.010751410609040018,0.19306557720836667,2.3743131657304235,0.011914655647810857,295.6684251968504,0.5368709015569055,-0.4444444444444444,0.16405442277494095,0.24910162478233042,0.11634107532823891,-0.12445873244980973,-0.40264797507788164,-0.3263780753659296,-0.3794858048125502,-0.029673578309208967,0.1322747310426572,Software—Application,Technology,AMSWA
2014Q4,2014,Q4,2014-07-14,2014-04-30,2568000.0,25925000.0,3211000.0,0.09,15242000.0,0.5879267116682738,131220000.0,92560000.0,93347000.0,34527000.0,38660000.0,0.0,7368000.0,270488760.0,214685760.0,3.2987633201468336,2.703594288527819,0.0,0.0,0.022702985946466,3.2987633201468336,0.027744165946413137,10.433510511089683,26.3326285046729,2.922307260155575,1.0856697819314642,0.0,0.010307267481280922,0.19756896814509983,2.585078344484027,0.01957018747142204,82.39072799268962,0.5879267116682738,0.0,0.9945524532884888,0.2344324088067059,0.04542027738768252,0.0915992265272506,0.03673798950343157,-0.09268154846001696,-0.13132758878284426,-0.04096654397549582,0.16393925617690344,Software—Application,Technology,AMSWA
2014Q3,2014,Q3,2014-03-12,2014-01-31,2477000.0,24427000.0,3539000.0,0.09,13963000.0,0.5716215662995865,125085000.0,90056000.0,87419000.0,32227000.0,35029000.0,0.0,7621000.0,279074880.0,226152880.0,3.2527631293794697,2.7126012349892945,0.0,0.0,0.0260477861852628,3.2527631293794697,0.027505107932841787,11.424852826790028,28.166620912394027,3.0989037931953454,1.1106176826806622,0.0,0.00985756940932842,0.1952832074189551,2.6035622304279022,0.01980253427669185,70.0489156626506,0.5716215662995865,-0.30769230769230776,1.9182599800061986,0.1129408686059219,0.02032038054304696,-0.10066984413242304,-0.32927159490928787,-0.3436572700296736,0.30889477200015775,0.11788995400898844,0.159977034834883,Software—Application,Technology,AMSWA
2014Q2,2014,Q2,2013-12-06,2013-10-31,3693000.0,26931000.0,5392000.0,0.13,15526000.0,0.5765103412424344,119517000.0,87433000.0,82481000.0,29883000.0,32084000.0,0.0,7932000.0,240170000.0,190944000.0,3.185405129699796,2.7601311782618883,0.0,0.0,0.03920599087970559,3.185405129699796,0.04223805656903,8.917975567190227,16.258461955050095,2.746903343131312,0.0,0.0,0.0,0.22533196114360302,2.6413010741893386,0.030899369964105524,-363.8939393939394,0.5765103412424344,1.1666666666666667,6.258863258649238,0.2534958320219973,-0.01857428374141596,0.2773344302756067,1.3182674199623352,1.2626940830885438,1.3464193005192107,0.2037327181709357,0.13104167664492936,Software—Application,Technology,AMSWA
2014Q1,2014,Q1,2013-09-09,2013-07-31,1593000.0,23318000.0,2383000.0,0.06,12155000.0,0.5212711210223862,112928000.0,85673000.0,79540000.0,26163000.0,27255000.0,0.0,6991000.0,247908780.0,197530780.0,3.1309797902276797,3.040171234185682,0.0,0.0,0.01825685923350979,3.1309797902276797,0.01859395608884946,10.631648511879234,38.9059604519774,2.8936628809543263,0.0,0.0,0.0,0.20648554831396995,2.931391659977831,0.01410633323887787,29.165738823529413,0.5212711210223862,-0.4545454545454546,1.4234621599227868,0.12716011540156766,-0.05789752683045028,-0.14310891787099048,-0.4824561403508772,-0.32607466063348417,0.08293507702904697,0.13986012746605905,0.10865716285513169,Software—Application,Technology,AMSWA
2013Q4,2013,Q4,2013-07-12,2013-04-30,3078000.0,25214000.0,3536000.0,0.11,14185000.0,0.5625842785753946,113070000.0,83244000.0,79848000.0,28760000.0,29826000.0,0.0,5398000.0,226671870.0,185507870.0,3.0518018843714483,2.7763560500695412,0.0,0.0,0.030850838970542065,3.0518018843714483,0.036975637883811446,8.989921075592925,18.410645711500976,2.722981476142425,0.0,0.0,0.0,0.2229946051118776,2.6664116828929068,0.027222074820907403,31.256463044677332,0.5625842785753946,0.375,2.1837834072661946,0.08734375858669875,-0.10405913347772489,0.17893949468085107,0.4383177570093458,0.5434308162374509,1.1685424287290551,0.2495830142594691,0.07834836921481447,Software—Application,Technology,AMSWA
2013Q3,2013,Q3,2013-03-06,2013-01-31,2140000.0,23076000.0,2291000.0,0.08,12032000.0,0.5214075229675854,106476000.0,79420000.0,74215000.0,25988000.0,27056000.0,0.0,2319000.0,233859800.0,200567800.0,2.920604567351892,2.8557411112821303,0.0,0.0,0.02246426695434183,2.920604567351892,0.02694535381515991,10.134330039868262,27.320070093457943,2.9445958196927724,4.945794392523364,0.0,0.04525788527998399,0.2167248957511552,2.7329151916269048,0.020098425936361245,61.3805249343832,0.5214075229675854,-0.20000000000000004,0.7692573826733371,-0.017263979140540734,-0.15328569216248852,-0.18038147138964578,-0.2277156261277517,-0.45915958451369215,0.08238986081206427,0.08358141247639095,0.01676856791163936,Software—Application,Technology,AMSWA
2013Q2,2013,Q2,2012-12-07,2012-10-31,2771000.0,26263000.0,4236000.0,0.1,14680000.0,0.5589612763202986,113340000.0,84854000.0,79910000.0,27540000.0,28486000.0,0.0,8329000.0,222366690.0,182809690.0,3.125262421273618,2.90159767610748,0.0,0.0,0.03043590851177417,3.125262421273618,0.0326560916397577,8.466918859231619,20.061953265968963,2.620579937304075,0.8823529411764706,0.0,0.01099535186677465,0.23171872242809247,2.7814451706608567,0.024448561849302983,186.3928667225482,0.5589612763202986,0.11111111111111122,0.02419913301084157,0.045557237385998414,-0.10240688466644023,0.04782298358315489,0.14409578860445912,0.13840365493147003,0.9102279896806622,0.3086037620183799,0.0815440036669049,Software—Application,Technology,AMSWA
2013Q1,2013,Q1,2012-09-07,2012-07-31,2422000.0,25914000.0,3721000.0,0.09,14010000.0,0.540634406112526,114813000.0,83946000.0,81453000.0,29755000.0,30867000.0,0.0,8004000.0,218200320.0,178013320.0,3.10084219858156,2.7374558897664256,0.0,0.0,0.026879781946285642,3.10084219858156,0.02885188097110047,8.420171335957397,22.522741535920726,2.5992938317489815,1.0082576383154418,0.0,0.011191550956478889,0.22570614825847246,2.6427155099983195,0.021095172149495266,80.25020963589554,0.540634406112526,-0.30769230769230776,0.1498214102168774,0.10722952789635125,-0.11598519207615354,-0.09420055602249952,-0.304222924446998,-0.18470639789658194,0.9167203385759153,0.35806389122856425,0.06355663366062492,Software—Application,Technology,AMSWA
2012Q4,2012,Q4,2012-07-12,2012-04-30,3481000.0,27932000.0,4564000.0,0.13,15467000.0,0.553737648575111,116553000.0,83030000.0,82392000.0,32283000.0,33523000.0,0.0,8024000.0,222773399.99999997,183662399.99999997,3.086043486340829,2.5521791655050645,0.0,0.0,0.037569978361526556,3.086043486340829,0.04192460556425388,7.975562079335528,15.999238724504451,2.683047091412742,0.6923297902901465,0.0,0.010818167698657023,0.239650631043388,2.452498218876808,0.029866241109194957,38.8242244684559,0.553737648575111,0.3,0.13585986150249652,0.1602140808480351,-0.06274638723332643,0.14553399496370908,0.3429783950617284,0.3859702399028242,1.8196399716295304,0.3870425248802864,-0.02199335799051019,Software—Application,Technology,AMSWA
2012Q3,2012,Q3,2012-03-08,2012-01-31,2592000.0,25397000.0,3293000.0,0.1,13502000.0,0.5316375949915344,110151000.0,79841000.0,76112000.0,29401000.0,30310000.0,0.0,6977000.0,237983070.00000003,204830070.00000003,3.009347555689571,2.5887554845073297,0.0,0.0,0.02829689651379576,3.009347555689571,0.03246452323993938,9.37051895893216,22.95361400462963,2.9807125411755866,0.9139660493827161,0.0,0.009954489619786818,0.23056531488592932,2.4903234583857694,0.023531334259334912,34.48530213012607,0.5316375949915344,-0.09090909090909087,-0.03684698259566942,0.09978988960232185,-0.08454873473876189,-0.07735410687440207,-0.1304931231130493,-0.3017387616624258,2.186688146915173,0.20751065619693476,-0.05603374082968323,Software—Application,Technology,AMSWA
2012Q2,2012,Q2,2011-12-09,2011-10-31,2981000.0,25598000.0,4716000.0,0.11,14634000.0,0.5716852879131182,104953000.0,76593000.0,68828000.0,27586000.0,28360000.0,0.0,6795000.0,205376660.0,180921660.0,2.9163842668392794,2.4950337127528455,0.0,0.0,0.03808814008959759,2.9163842668392794,0.03892000574465029,8.023152590046097,17.22380576987588,2.681402478033241,0.7920161019792016,0.0,0.011495950903087039,0.2438996503196669,2.3828391212934097,0.028403189999333035,62.36764652292742,0.5716852879131182,0.22222222222222227,0.5292414375659319,0.182337683657942,-0.10251029686997633,0.1093086719223772,0.30288461538461536,0.3121869782971619,5.123752856741262,0.24521063275502208,-0.10145981392396684,Software—Application,Technology,AMSWA
2012Q1,2012,Q1,2011-09-08,2011-07-31,2288000.0,23709000.0,3594000.0,0.09,13192000.0,0.5564131764308913,102818000.0,75111000.0,65069000.0,26642000.0,27707000.0,0.0,6183000.0,222105000.0,201605000.0,2.87451205510907,2.44234667067037,0.0,0.0,0.030572167322493956,2.87451205510907,0.03046158352305255,9.367961533594837,24.268465909090907,2.9570236050645047,1.0257867132867133,0.0,0.010567074131604421,0.2305919197027758,2.3474964342016365,0.022252912914081192,-80.64814814814815,0.5564131764308913,-0.10000000000000009,0.7209094862495862,0.10189196497302166,-0.11194466781866554,-0.0632012498224684,-0.16890664729386123,-0.006084070796460177,2.645027322404372,0.20013983828443663,-0.1350679027931342,Software—Application,Technology,AMSWA
2011Q4,2011,Q4,2011-07-14,2011-04-30,2753000.0,25174000.0,3616000.0,0.1,14082000.0,0.5593866687852547,104832000.0,74056000.0,66122000.0,29401000.0,30776000.0,0.0,6257000.0,203291400.0,179363400.0,2.8341370072713357,2.248971123431176,0.0,0.0,0.03190677599628162,2.8341370072713357,0.037174570595225234,8.075450862000476,18.460897203051218,2.745103705304094,0.0,0.0,0.0,0.24013659951159952,2.147103840005442,0.026261065323565324,212.4257053291536,0.5593866687852547,0.4285714285714285,1.171664933403758,0.15391178660055663,-0.12489253421602205,0.3611057413493137,0.5606575963718821,1.024636058230683,1.972612535612535,0.13327299312382937,-0.1679606795116362,Software—Application,Technology,AMSWA
2011Q3,2011,Q3,2011-03-10,2011-01-31,1764000.0,20368000.0,1786000.0,0.07,10346000.0,0.5079536527886881,96828000.0,72367000.0,58294000.0,23388000.0,24461000.0,0.0,5849000.0,170842340.0,149327340.0,2.8041616615646916,2.492474773388062,0.0,0.0,0.01933174598659227,2.8041616615646916,0.024375751378390702,8.387781814611154,24.21234977324263,2.3607768734367878,2.630385487528345,0.0,0.027159543705617704,0.21035237741149254,2.373695912433727,0.018217870863799727,44.61800470096631,0.5079536527886881,0.16666666666666682,-0.17136373836454558,-0.06660983454101607,-0.13888596392485697,-0.040437766648117233,0.19674355495251017,0.006197183098591549,0.5367224106118352,-0.08600392293763615,-0.18704372824800797,Software—Application,Technology,AMSWA
2011Q2,2011,Q2,2010-12-08,2010-10-31,1474000.0,20953000.0,1775000.0,0.06,10782000.0,0.5145802510380375,96419000.0,72397000.0,53866000.0,22949000.0,24022000.0,0.0,6405000.0,151922460.0,131552460.0,2.816346378277445,2.3472046712275043,0.0,0.0,0.014982971977046318,2.816346378277445,0.020359959666837023,7.25063045864554,25.76703867028494,2.098463472243325,1.5685210312075983,0.0,0.015218289645915423,0.2173119405926218,2.217917992069371,0.015287443346228441,-71.93298295454545,0.5145802510380375,0.1999999999999999,0.6797534096219225,0.027420194017264386,-0.12289182720468785,0.05768098881695115,0.07356154406409322,-0.1195436507936508,-0.424564450851354,-0.11894906091528146,-0.19112932650748476,Software—Application,Technology,AMSWA
2011Q1,2011,Q1,2010-09-08,2010-07-31,1373000.0,19094000.0,2016000.0,0.05,10194000.0,0.5338849900492302,96113000.0,72128000.0,50851000.0,22912000.0,23985000.0,0.0,7268000.0,128210799.99999999,106442799.99999999,2.8241190289741582,2.2194046787709496,0.0,0.0,0.017003002391455708,2.8241190289741582,0.019035603371783495,6.714716664920917,23.34501092498179,1.7775454747116235,1.677348871085215,0.0,0.01796260533434001,0.19866199161403764,2.116183659217877,0.014285268382008677,-51.80234343434343,0.5338849900492302,-0.019607843137254784,0.2583971374559514,0.06884467399669945,-0.12470896799143288,-0.013642960812772133,0.03310759969902182,0.5112443778110944,-0.3090824282455483,-0.13523207799100417,-0.19487581725548936,Software—Application,Technology,AMSWA
2010Q4,2010,Q4,2010-07-14,2010-04-30,1329000.0,18893000.0,1334000.0,0.051,10335000.0,0.5470279997882814,97175000.0,72280000.0,52543000.0,23415000.0,24895000.0,0.0,8209000.0,163200600.0,141470600.0,2.8300704776820673,2.243988896006833,0.0,0.0,0.012257885998893193,2.8300704776820673,0.01838682899833979,8.638151696395491,30.699887133182845,2.2578942999446596,1.7140707298720843,0.0,0.01395828201612004,0.19442243375353743,2.099935938500961,0.013676357087728325,46.77575236457437,0.5470279997882814,-0.2714285714285715,3.6039737903456524,-0.04668786470305908,-0.1278039863965034,-0.0666486047141696,-0.2781097229766431,-0.5192792792792793,-0.5431666362954317,-0.17329773672902285,-0.14048723184489945,Software—Application,Technology,AMSWA
2010Q3,2010,Q3,2010-03-10,2010-01-31,1841000.0,19830000.0,2775000.0,0.07,11073000.0,0.5583963691376702,96789000.0,72733000.0,57271000.0,22893000.0,24056000.0,0.0,9161000.0,136480190.0,112244190.0,2.872437897397417,2.5016817367754336,0.0,0.0,0.02327373255141446,2.872437897397417,0.02531175669915994,6.882510842158346,18.53343155893536,1.8764548416812177,1.238457360130364,0.0,0.01670572117462615,0.2048786535660044,2.3668370244179444,0.019020756490923555,-34.86974706182933,0.5583963691376702,0.4000000000000001,0.527413487847836,0.07268503539992859,-0.1004339754792461,0.08018729880011706,0.360679970436068,0.5985023041474654,-0.28321840180946006,-0.10024807498353054,-0.12619700486730695,Software—Application,Technology,AMSWA
2010Q2,2010,Q2,2009-12-09,2009-10-31,1353000.0,18719000.0,1736000.0,0.05,10251000.0,0.5476254073401357,96718000.0,73177000.0,56669000.0,22378000.0,23541000.0,0.0,9600000.0,164606000.0,138601000.0,2.8896303901437372,2.5323532040396817,0.0,0.0,0.015019946796137894,2.8896303901437372,0.01848941607335638,8.793525295154655,30.4150036954915,2.2494226327944573,1.6836659275683665,0.0,0.01383910671542957,0.19354205008374864,2.386138171418357,0.013989123017432123,-65.47573587907716,0.5476254073401357,0.0,-0.14526696871476125,0.17721294980021882,-0.10192285812530408,-0.03683172037959222,0.14563928873835733,0.1939477303988996,-0.2801800038876718,-0.10333509899587617,-0.1107435496433094,Software—Application,Technology,AMSWA
2010Q1,2010,Q1,2009-09-09,2009-07-31,1181000.0,17834000.0,1454000.0,0.05,10643000.0,0.5967814287316362,102041000.0,73769000.0,61001000.0,27109000.0,28272000.0,0.0,10529000.0,162185820.0,131704820.0,2.915540273496166,2.250212106680438,0.0,0.0,0.012090557024743471,2.915540273496166,0.01600943485746045,9.094191992822699,34.33230736663844,2.198563353170031,1.9280270956816257,0.0,0.014039451784379178,0.17477288540880626,2.1496919842118856,0.011573779167197498,323.07932270916336,0.5967814287316362,0.11111111111111122,-0.04362593780178906,0.21184047670935538,-0.10047038882849524,-0.05872468382417971,0.017226528854435832,-0.18222722159730034,-0.08264704471032426,-0.14402890345417216,-0.0992693589627496,Software—Application,Technology,AMSWA
2009Q4,2009,Q4,2009-07-14,2009-04-30,1161000.0,18938000.0,1778000.0,0.045,11307000.0,0.5970535431407752,112319000.0,79839000.0,70361000.0,24929000.0,26092000.0,0.0,11625000.0,140426100.0,102797100.0,3.155442257529049,2.822455774399294,0.0,0.0,0.013846621901956815,3.155442257529049,0.014541765302671627,7.415043827225684,30.238178294573643,1.7588659677601173,1.9595176571920758,0.0,0.016200692036594338,0.16860905100650825,2.6968189658630513,0.010336630489943821,34.3508072407045,0.5970535431407752,0.5,3.892329259826365,0.31762391446920746,-0.027485044221194965,0.003016056063159762,0.49806451612903224,-0.1668228678537957,-0.05419112395600097,-0.10352320568065573,-0.025681867062415736,Software—Application,Technology,AMSWA
2009Q3,2009,Q3,2009-03-10,2009-01-31,775000.0,20040000.0,2134000.0,0.03,11273000.0,0.5625249500998004,111358000.0,80589000.0,72290000.0,23515000.0,24636000.0,0.0,12744000.0,104907850.00000001,65519850.000000015,3.187982119545868,3.074207952370827,0.0,0.0,0.013479009887178572,3.187982119545868,0.009616697067838043,5.234922654690619,33.84124193548388,1.3017638883718623,2.9393548387096775,0.0,0.021714294974112994,0.17996012859426355,2.937784392940676,0.0069595359112053015,66.02130270610448,0.5625249500998004,0.4999999999999999,-0.6586579939634956,0.24249028678213558,-0.048865267286166976,0.10173964034401876,0.648936170212766,0.06860290435653481,-0.6283409709294998,-0.06245918487620031,-0.021020725186817146,Software—Application,Technology,AMSWA
2009Q2,2009,Q2,2008-12-10,2008-10-31,470000.0,19848000.0,1997000.0,0.02,10232000.0,0.5155179363160016,111487000.0,82301000.0,75551000.0,22204000.0,23278000.0,0.0,14239000.0,115374350.0,79691350.0,3.2456915250226763,3.4025851197982346,0.0,0.0,0.019711234626403742,3.2456915250226763,0.005710744705410627,5.812895505844417,61.36933510638298,1.4018584221333883,4.863829787234042,0.0,0.019813762764427277,0.1780297254388404,3.247072599531616,0.004215738157812122,37.18155011279407,0.5155179363160016,0.0,-0.8178445264988312,0.31046644173746535,-0.017998021547819865,0.014274385408406027,-0.22950819672131148,0.5589383294301327,-0.4570216189492919,-0.013367837966286513,0.01082117772426299,Software—Application,Technology,AMSWA
2009Q1,2009,Q1,2008-09-09,2008-07-31,610000.0,19198000.0,1281000.0,0.02,10088000.0,0.525471403271174,115476000.0,84391000.0,90514000.0,24228000.0,25304000.0,0.0,16052000.0,139153640.0,100936640.0,3.3233962115543654,3.735925375598481,0.0,0.0,0.009240176949269048,3.3233962115543654,0.007228258937564432,7.248340452130431,57.030180327868855,1.6489156426633174,3.7475409836065574,0.0,0.01642788503412487,0.16625099587793135,3.6176324913323428,0.0052824829401780455,-32.46701819878675,0.525471403271174,-0.4285714285714286,-0.5241100677491675,0.29063108981057667,0.01165540660401109,-0.10543584286601046,-0.32222222222222224,0.041463414634146344,-0.4376795216693577,0.08088763051134637,0.030034099108575716,Software—Application,Technology,AMSWA
2008Q4,2008,Q4,2008-07-14,2008-04-30,900000.0,21587000.0,1230000.0,0.035,11277000.0,0.5223977393801825,120217000.0,86495000.0,94961000.0,26899000.0,28101000.0,0.0,17725000.0,156420880.0,97184880.0,3.406253691962352,3.5302799360571027,0.0,0.0,0.009160786760844553,3.406253691962352,0.010405225735591652,7.2460684671329965,43.450244444444444,1.8084384068443262,2.557777777777778,0.0,0.01471670534010549,0.17956694976584012,3.4207591360273617,0.007486461981250572,-167.11632478632478,0.5223977393801825,-0.12499999999999993,-0.6766003793980512,0.26476005449985346,0.04300124695923034,0.0943231441048035,-0.20844327176781002,-0.21254801536491677,2.7736217968771,0.0955529400406258,0.04976922478801672,Software—Application,Technology,AMSWA
2008Q3,2008,Q3,2008-03-10,2008-01-31,1137000.0,22073000.0,1562000.0,0.04,10305000.0,0.4668599646627101,120114000.0,88172000.0,95521000.0,24830000.0,26054000.0,0.0,19112000.0,237470979.99999997,170364979.99999997,3.4493388623738364,3.8469995972613775,0.0,0.0,0.012925469719741326,3.4493388623738364,0.012895250192804972,10.758437004485117,52.214375549692164,2.6932697454974366,2.0219876868953386,0.0,0.009681182938647915,0.18376708793313018,3.716069271043093,0.009466007293071581,121.34439448134898,0.4668599646627101,-0.6,-0.40170131376811824,0.2918510224163747,0.08666406552766182,-0.12215691285458727,-0.5530660377358491,-0.43385284523378037,-0.06556451949572888,0.18276072223790818,0.08023503326633213,Software—Application,Technology,AMSWA
2008Q2,2008,Q2,2007-12-10,2007-10-31,2544000.0,23619000.0,2759000.0,0.1,11739000.0,0.49701511494982853,122563000.0,88891000.0,96662000.0,26381000.0,27960000.0,0.0,20276000.0,207048300.0,139874300.0,3.481825303564434,3.6640764186346235,0.0,0.0,0.01935402202861485,3.481825303564434,0.028619320291143086,8.766175536644226,20.346727594339622,2.3292380555961794,0.8026729559748428,0.0,0.009862433065135044,0.19270905575091993,3.550926803381221,0.020756672078849243,61.184485815602834,0.49701511494982853,0.4285714285714285,0.10581152421574751,0.4063608815623984,0.12369020742179256,0.024971623155505107,0.30127877237851663,0.08366064414768264,0.5941577252324983,0.4733820777299038,0.08212722561261566,Software—Application,Technology,AMSWA
2008Q1,2008,Q1,2007-09-10,2007-07-31,1955000.0,21722000.0,2546000.0,0.07,11453000.0,0.5272534757388823,121363000.0,88134000.0,95147000.0,26159000.0,27826000.0,0.0,20036000.0,294476720.0,235976720.0,3.5076812863169624,3.6372567758706373,0.0,0.0,0.01828227478359098,3.5076812863169624,0.022182131753920167,13.556611730043274,37.65686956521739,3.3412385685433548,1.0199488491048594,0.0,0.006771333231367151,0.17898371002694397,3.5426812951565427,0.01610869869729654,158.5765858912224,0.5272534757388823,-0.3636363636363636,0.2140707386496197,0.34357936973064457,0.11164277153872716,-0.09925285096342902,-0.316911250873515,-0.2978488692774407,0.5942489851150204,0.48637364871852135,0.0822224656875109,Software—Application,Technology,AMSWA
2007Q4,2007,Q4,2007-07-16,2007-04-30,2862000.0,22483000.0,3626000.0,0.11,12715000.0,0.565538406796246,117816000.0,82731000.0,91678000.0,28327000.0,30024000.0,0.0,18698000.0,221108800.00000003,175481800.00000003,3.292645068852981,3.2364175521587177,0.0,0.0,0.028486893281275998,3.292645068852981,0.03459404576277333,9.834488280033804,19.314185883997204,2.67262332136684,0.6911250873515025,0.0,0.008945822147286765,0.19083146601480275,3.1460444099269247,0.02429211652067631,54.81130391670799,0.565538406796246,0.09999999999999995,-0.8319560962047057,0.24279188445788788,0.05650236389265229,0.04067768865608119,0.14342788653615662,0.22375970300371245,11.144638262973618,0.5752268752264826,0.014801194948305334,Software—Application,Technology,AMSWA
2007Q3,2007,Q3,2007-03-12,2007-01-31,2503000.0,21478000.0,2963000.0,0.1,12218000.0,0.5688611602570072,115179000.0,81117000.0,88446000.0,27469000.0,29314000.0,0.0,17824000.0,173719040.0,135005040.0,3.2872831901442696,3.2198478284611745,0.0,0.0,0.022910878068794823,3.2872831901442696,0.030856663831256088,8.088231678927274,17.35108270075909,2.1415861040225845,0.7862564922093488,0.0,0.011328637321504886,0.1864749650543936,3.125523317193928,0.02173139200722354,28.25159212880143,0.5688611602570072,0.4285714285714285,1.054568937879361,0.3228715844127055,0.35358370173143255,0.1604140944059265,0.3745194947830862,0.6778029445073612,0.12936418723188184,0.3641880832830005,-0.01923878454564824,Software—Application,Technology,AMSWA
2007Q2,2007,Q2,2006-12-11,2006-10-31,1821000.0,20225000.0,1766000.0,0.07,10529000.0,0.5205933250927071,112568000.0,79723000.0,85488000.0,26994000.0,28378000.0,0.0,17300000.0,,,,,,,,,,,,,,,,,,,,,,,,,,,,,,,Software—Application,Technology,AMSWA
2007Q1,2007,Q1,2006-09-11,2006-07-31,1247000.0,20181000.0,1674000.0,0.05,10306000.0,0.5106783608344483,108937000.0,79329000.0,80123000.0,24205000.0,25264000.0,0.0,17447000.0,,,,,,,,,,,,,,,,,,,,,,,,,,,,,,,Software—Application,Technology,AMSWA
