Quarters,Year,Quarter,FillingDate,Date,NetIncome,Revenue,OperatingIncome,EPSDiluted,GrossProfit,GrossProfitRatio,TotalAssets,CommonStockEquity,CurrentAssets,CurrentLiability,TotalLiability,Inventory,RetainedEarnings,MarketCap,EnterpriseValue,bookValuePerShare,currentRatio,debtToAssets,debtToEquity,roic,shareholdersEquityPerShare,roe,priceToSalesRatio,peRatio,pbRatio,payoutRatio,inventoryTurnover,dividendYield,assetTurnover,quickRatio,returnOnAssets,priceToFreeCashFlowsRatio,grossProfitMargin,epsdilutedGrowth,fiveYNetIncomeGrowthPerShare,fiveYRevenueGrowthPerShare,fiveYShareholdersEquityGrowthPerShare,grossProfitGrowth,netIncomeGrowth,operatingIncomeGrowth,threeYNetIncomeGrowthPerShare,threeYRevenueGrowthPerShare,threeYShareholdersEquityGrowthPerShare,Industry,Sector,Symbol
2023Q1,2023,Q1,2023-05-04,2023-03-31,-3444807.0,11847440.0,-3435403.0,-0.0285,8656877.0,0.7306959985,30155404.0,18649417.0,12060820.0,11328555.0,11505987.0,0.0,-160497663.0,35287123.1449,34269521.1449,0.15416487528783543,1.0646388705355625,0.03156916750311155,0.05104615334624133,-0.17234521567199654,0.15416487528783543,-0.18471392430122616,2.9784597469917555,-2.56089260914327,1.892130094195438,0.0,0.0,0.0,0.392879498480604,0.9789782545081875,-0.11423514670869606,-9.688310547858363,0.7306959984604269,0.1517857142857142,0.42052668371093554,-0.8631436833370485,-0.6617054724614128,-0.2628456317043725,0.14330319017446755,0.1264144830862152,0.4593182970720016,-0.6481889656198273,-0.28580774110632073,Advertising Agencies,Communication Services,INUV
2022Q4,2022,Q4,2023-03-10,2022-12-31,-4021034.0,17270886.0,-3932532.0,-0.0336,11743642.0,0.6799675477,35557310.0,21749316.0,16379748.0,13595786.0,13807994.0,0.0,-157057558.0,26541466.974,24093052.974,0.18150743132318922,1.2047665357486503,0.013583732852682051,0.022207640920753554,-0.17504886369021058,0.18150743132318922,-0.18488094062360397,1.5367750660852026,-1.6501642969196482,1.2203357095919707,0.0,0.0,0.0,0.4857197015184782,1.1460000179467373,-0.11308600116263014,-8.473743215713167,0.6799675476984794,-0.04672897196261687,-1.9577590352401715,-0.8261600902897128,-0.6308322273299519,0.141251695068931,-0.04508349681305509,-0.0421300673741875,-0.9717322062247203,-0.6009688362362657,-0.2698484588793288,Advertising Agencies,Communication Services,INUV
2022Q3,2022,Q3,2022-11-14,2022-09-30,-3847572.0,17072189.0,-3773552.0,-0.0321,10290142.0,0.6027429757,37800039.0,25214581.0,18301719.0,12368453.0,12585458.0,0.0,-153080771.0,48838114.368999995,43588839.368999995,0.2101296210877875,1.4797096290053413,0.014063662738549027,0.02108331683163801,-0.1449970418440841,0.2101296210877875,-0.1525931364871778,2.8606826206645204,-3.1733073720907625,1.936899699780853,0.0,0.0,0.0,0.45164474565753754,1.3913652742182065,-0.10178751402875537,-74.99341919469559,0.6027429757250228,-0.06291390728476806,0.0716267208796128,-0.799997569376423,-0.5285629492579971,-0.23079978674984578,-0.06226832768549384,-0.3297362059609137,-2.8809021626787783,-0.5231484023828608,-0.21472864555613572,Advertising Agencies,Communication Services,INUV
2022Q2,2022,Q2,2022-08-15,2022-06-30,-3622034.0,22651305.0,-2837820.0,-0.0302,13377716.0,0.5905936104,42480189.0,28506355.0,22586848.0,13668939.0,13973834.0,0.0,-149270209.0,59314832.28,53585470.28,0.23789405082340392,1.6524214498286955,0.015153134087986285,0.022581210400277413,-0.10681178811897482,0.23789405082340392,-0.12706058000049464,2.6186055187548796,-4.094027850097486,2.080758212686259,0.0,0.0,0.0,0.5332204383553943,1.5738223720217055,-0.08526407450776644,104.61741696635971,0.5905936103902182,-0.7356321839080462,0.3771067792968531,-0.7052781708421548,-0.497855787078596,0.3447831649437,-0.7476135793414908,-0.34751463224002666,0.4964083574986254,-0.5617188399546651,0.14722044945094326,Advertising Agencies,Communication Services,INUV
2022Q1,2022,Q1,2022-05-12,2022-03-31,-2072560.0,18609367.0,-2105966.0,-0.0174,9947861.0,0.53456203,40956864.0,31175697.0,20529168.0,9361808.0,9781167.0,0.0,-146040282.0,58448235.86,53458452.86,0.2613610369112003,2.1928636007061884,0.018394132910175935,0.024165169426685153,-0.06392209908183338,0.2613610369112003,-0.06647998920441137,3.1407965601409225,-7.050246538097811,1.8748012549647246,0.0,0.0,0.0,0.4543650363465328,1.9517345367476027,-0.0506034837042211,-14.440948170132105,0.5345620299712505,-0.298507462686567,0.7226431230527806,-0.7550905942093797,-0.5156796550022638,1.5465804535856986,-0.31721159621086215,-1.04036618673043,0.7713984420149177,-0.6731690157293957,-0.02318565026700392,Advertising Agencies,Communication Services,INUV
2021Q4,2021,Q4,2022-03-17,2021-12-31,-1573445.0,-9740357.0,-1032151.0,-0.0134,-18200177.0,1.8685328474,43997074.0,32807995.0,23077942.0,10662539.0,526540.0,0.0,-143951019.0,62335337.85,52603632.85,0.2789467090375287,2.1643946155788973,0.01691610219352314,0.022685293630409296,-0.039003737183283406,0.2789467090375287,-0.04795919409278135,-6.399697449487735,-9.904276579416504,1.9000044912832985,0.0,0.0,0.0,-0.22138647220040134,1.8515080695132744,-0.035762491842071135,0.0,1.8685328474100076,0.33,-0.07941094752201242,-1.1049783571578167,-0.39668766686708834,-2.3911214600029336,0.14031988757930533,0.4084847102486236,0.8037506832411077,-1.1576786922261,-0.18096905061437052,Advertising Agencies,Communication Services,INUV
2021Q3,2021,Q3,2021-11-12,2021-09-30,-1830268.0,16841035.0,-1744927.0,-0.02,13083097.0,0.7768582512891874,45037635.0,33369062.0,24045380.0,11024933.0,11668573.0,0.0,-142710033.0,81640191.7491,70944841.7491,0.28607241106899367,2.1810001022228436,0.022361609351823204,0.030181070118183124,-0.04931500151625245,0.28607241106899367,-0.05484924928366281,4.847694440935489,-11.151398558722,2.446583357635285,0.0,0.0,0.0,0.37393249001640516,2.135988490814411,-0.04063863477733678,-14.927515007767262,0.7768582512891874,0.0,-0.4728949891638427,-0.7960919571224634,-0.3940331686479128,0.2614392835486802,0.2316664896539941,0.27254819726149837,0.6482632837458917,-0.72237224541577,-0.29719359550959973,Advertising Agencies,Communication Services,INUV
2021Q2,2021,Q2,2021-08-12,2021-06-30,-2382127.0,12635583.0,-2398684.0,-0.02,10371563.0,0.8208218805574701,44365336.0,34690016.0,24407666.0,9006793.0,9675320.0,0.0,-140879765.0,112431288.4785,96121117.4785,0.29777595627219183,2.7099175033777283,0.023370520624480338,0.029888743781496092,-0.06524599347976365,0.29777595627219183,-0.06866895074363759,8.897989786343851,-11.799464142602387,3.241027288038725,0.0,0.0,0.0,0.2848075578645454,2.655122528074088,-0.053693428581268944,-280.96021790473,0.8208218805574701,0.0,0.12606819611439943,-0.8297207675723564,-0.3765600328966435,0.13056961438888132,-0.10937572766883313,0.0756085351185932,0.2482281599380746,-0.8252814736305363,-0.37457847699744773,Advertising Agencies,Communication Services,INUV
2021Q1,2021,Q1,2021-05-13,2021-03-31,-2147268.0,10617809.0,-2594879.0,-0.02,9173750.0,0.8639965175489595,44549595.0,36514541.0,24089056.0,7299293.0,8035054.0,0.0,-138497638.0,116718805.02,100038054.02,0.3190988102869801,3.3001903061022486,0.025243169999637483,0.030797949781157047,-0.06694097493873584,0.3190988102869801,-0.05880583299677791,10.992739181878294,-13.589221864713675,3.196502046130061,0.0,0.0,0.0,0.23833682438639453,3.2269680090934836,-0.0481994954162883,-40.89589450348925,0.8639965175489595,-2575.65426978943,-2.2224083277419897,-0.8792168290641009,-0.33401494407894544,-0.14749429068597728,-3002.3190435895463,-0.40507148871423193,0.6181489734829979,-0.870337496936387,-0.2997796608169599,Advertising Agencies,Communication Services,INUV
2020Q4,2020,Q4,2021-02-11,2020-12-31,-714.965,12902487.0,-1846795.0,-7.762003709420606e-06,10760925.0,0.8340194413681641,34158202.0,25289114.0,14531710.0,8729172.0,1163285.0,0.0,0.0,41717018.0049,33826353.0049,0.2745507775568882,1.6647294840793605,0.013597437007954927,0.018366163401374994,-0.06916739356046377,0.2745507775568882,-2.827165079804694e-05,3.233254023421996,-14587.083984845412,1.64960377832533,0.0,0.0,0.0,0.3777273464218052,1.6173670309165635,-2.0930990454357054e-05,-26.128397814440042,0.8340194413681641,0.9997412665430193,-1.0003065375095745,-0.83772477479979,-0.389573875723291,0.42171815459935175,0.9997027271442115,0.24084556254367576,-1.0002215356127957,-0.8310537498792678,-0.44159146379502967,Advertising Agencies,Communication Services,INUV
2020Q3,2020,Q3,2020-11-09,2020-09-30,-2405080.0,9214350.0,-2432700.0,-0.03,7568958.0,0.8214315714076413,35289789.0,25826496.0,14030458.0,6982664.0,9463293.0,0.0,-135635405.0,33666527.005499996,25834388.005499996,0.2803848548577013,2.0093273856510923,0.04806135281794969,0.06567189757371654,-0.08503138912040731,0.2803848548577013,-0.09312451832412728,3.6537061220270552,-3.499522573625409,1.3035654161331063,0.0,0.0,0.0,0.2611052732562385,1.9429477059185434,-0.06815229187116988,-14.674581241143452,0.8214315714076413,-0.4999999999999999,-1.9729231145985404,-0.8738941270827166,-0.3282647812766204,0.16085481964473566,-0.7693674923930763,-0.967140736236403,0.2440049613918678,-0.8593744252728285,-0.3709415723373155,Advertising Agencies,Communication Services,INUV
2020Q2,2020,Q2,2020-08-14,2020-06-30,-1359288.0,7590187.0,-1236668.0,-0.02,6520159.0,0.8590248171751236,29342669.0,18074532.0,7681048.0,8878497.0,11268137.0,0.0,-133230325.0,35263053.6097,34969959.6097,0.2737598294251105,0.8651293118643842,0.13250737347717073,0.21511594325097877,-0.05394355143487366,0.2737598294251105,-0.07520460280797311,4.645874154312668,-6.485574361301652,1.950980175293059,0.0,0.0,0.0,0.25867404904441377,0.837744383987515,-0.04632462029953717,-10.357795786892266,0.8590248171751236,0.6,-2.122759724561828,-0.8332151688340869,-0.28009974281525085,-0.43270812100284317,0.5188762991835019,0.5116651358504006,0.5757387836204281,-0.8207610792776857,-0.4221506859866124,Advertising Agencies,Communication Services,INUV
2020Q1,2020,Q1,2020-05-15,2020-03-31,-2825236.0,14932983.0,-2532418.0,-0.05,11493482.0,0.7696708688411418,28919131.0,11579282.0,6621117.0,14311221.0,17339849.0,0.0,-133783237.0,12681154.8468,14986110.8468,0.21585906787430711,0.4626521384862969,0.07908885643901264,0.19752355975094138,-0.17032707421880228,0.21585906787430711,-0.24399060321702157,0.8492043985317602,-1.122132349899265,1.0951589957650225,0.0,0.0,0.0,0.5163703916276046,0.43793062800162197,-0.09769436017977165,24.833505037334987,0.7696708688411418,-1.5,-3.025496260986988,-0.500391901427675,-0.4024362246526172,-0.1043533087236288,-2.2904343126944253,-0.9266751775337455,0.15928160126896132,-0.5629969898983064,-0.5999979971793031,Advertising Agencies,Communication Services,INUV
2019Q4,2019,Q4,2020-05-12,2019-12-31,-858621.0,18222984.0,-1314398.0,-0.02,12832607.0,0.7041989939737642,30690928.0,12541350.0,8146662.0,15678327.0,18149578.0,0.0,-130958001.0,14918123.8443,19301100.8443,0.24858871220706186,0.5196129663579538,0.14209661565137424,0.3477358498088324,-0.05332408559296231,0.24858871220706186,-0.06846320372208733,0.8186433047573328,-4.343628866607037,1.1895149919506274,0.0,0.0,0.0,0.593757999106446,0.5044279915835408,-0.027976377905549157,-14.963973458978309,0.7041989939737642,-2.0,-1.622575619596872,-0.4503406408612794,-0.2908780767779762,0.45259787875501767,-2.0897588526462747,0.44641192760047593,-0.3731953442514181,-0.542132354845009,-0.46234663793086384,Advertising Agencies,Communication Services,INUV
2019Q3,2019,Q3,2019-11-14,2019-09-30,787900.0,13789754.0,-2374325.0,0.02,8834246.0,0.640638404426939,30399266.0,12367518.0,7043307.0,15168441.0,18031748.0,0.0,-130099380.0,12478971.510000002,16674625.510000002,0.2675885474475292,0.4643395455076761,0.1470152601710844,0.3613624010896932,-0.1331638036067981,0.2675885474475292,0.06370720463071086,0.9049451868394462,3.95956704848331,1.0090117928269844,0.0,0.0,0.0,0.45362128151383657,0.4477775929642341,0.02591838895057532,-2.9404309853659094,0.640638404426939,1.3333333333333335,-0.007909365765730465,-0.4629749206965725,-0.14807644207854628,0.05501838109943134,1.40301934584932,-0.12859679102189625,2.6002255195106665,-0.5786188635458508,-0.4331862216388971,Advertising Agencies,Communication Services,INUV
2019Q2,2019,Q2,2019-08-14,2019-06-30,-1954993.0,14047907.0,-2103785.0,-0.06,8373547.0,0.5960707883387896,27644127.0,6754077.0,6274831.0,15667269.0,20890050.0,0.0,-130887280.0,13383368.839399999,18356385.8394,0.2073655947618955,0.40050572949248525,0.21590423166555414,0.8836861054441636,-0.15170603807028082,0.2073655947618955,-0.28945376252003047,0.9526948633273269,-1.7114343682304745,1.9815244687616085,0.0,0.0,0.0,0.508169673797259,0.38597390521602715,-0.07072001224708598,201.6448274005213,0.5960707883387896,0.25000000000000006,-4.681173999117571,-0.07583649096945867,-0.2723374186100126,-0.046720942228550943,0.20605971508203605,-0.08125672963506425,-1.5653309793245553,-0.32288320078157234,-0.56584809198446,Advertising Agencies,Communication Services,INUV
2019Q1,2019,Q1,2019-05-15,2019-03-31,-2462393.0,15464569.0,-1945685.0,-0.08,8783941.0,0.5680042554047254,28686088.0,8668293.0,6672396.0,14582477.0,20017795.0,0.0,-128932287.0,43088007.34,47912569.34,0.26756469843286096,0.457562593789793,0.17684387637659063,0.5852316021158952,-0.1293763687788883,0.26756469843286096,-0.2840689625973649,2.786240427392448,-4.374607073281966,4.970760372313212,0.0,0.0,0.0,0.5390964777072427,0.4390653247730135,-0.08583927512179423,-31.727710300606162,0.5680042554047254,-0.1735592523481284,-3.6408066649108664,0.10563443330796005,0.03669226516580475,-0.03048175248222731,-0.11498142824346909,0.06277035215867469,-5.9513463604026695,-0.3786372264889366,-0.4415708084650929,Advertising Agencies,Communication Services,INUV
2018Q4,2018,Q4,2019-03-15,2018-12-31,-2208461.0,17015636.0,-2075996.0,-0.06816869266714157,9060109.0,0.5324578522953829,28665882.0,11033815.0,7212017.0,14099228.0,17632067.0,0.0,-126469894.0,34664787.86,37744453.86,0.3405814020175573,0.5115185739247567,0.11542020580423794,0.29986201508725674,-0.14253252027922636,0.3405814020175573,-0.2001538905627836,2.037231394700733,-3.9240887500390547,3.1416865209358686,0.0,0.0,0.0,0.5935849453367595,0.49309827460056677,-0.07704144599492875,-16.11727246563464,0.5324578522953829,-0.7042173166785392,-5.2647132113931825,0.0701779447809113,0.4850049332948088,-0.14608741678811527,-0.531898172233205,-0.5486925235157776,-3.6921220426335015,-0.3915384436726386,-0.24276380826775326,Advertising Agencies,Communication Services,INUV
2018Q3,2018,Q3,2018-11-07,2018-09-30,-1441650.0,16806170.0,-1340483.0,-0.04,10610113.0,0.6313224845399041,32040348.0,13154403.0,10111561.0,16303086.0,18885945.0,0.0,-124261433.0,19202754.2696,20170239.2696,0.40704297690118896,0.6202237416891502,0.15697176572489163,0.3823381418373757,-0.07239361325237387,0.40704297690118896,-0.10959448330722421,1.142601453489998,-3.32999588485416,1.459796713663098,0.0,0.0,0.0,0.5245314439156529,0.6013772484546791,-0.0449948296441724,-39.31550522309373,0.6313224845399041,-0.3333333333333334,-2.623985937333478,-0.16517439711169488,0.7361130184313871,-0.11682095221336379,-0.7313020222241704,-0.8136177973565898,-2.6622214796105554,-0.34442947426356746,-0.02482213863761566,Advertising Agencies,Communication Services,INUV
2018Q2,2018,Q2,2018-08-08,2018-06-30,-832697.0,19004851.0,-739121.0,-0.03,12013547.0,0.6321305544568595,34450033.0,14576049.0,12084892.0,17235921.0,19873984.0,0.0,-122819783.0,23649474.9075,23917909.9075,0.4761204169031718,0.7011457061099317,0.12222664634312543,0.2888788312937203,-0.03850561572800558,0.4761204169031718,-0.05712775800904621,1.2443914928614803,-7.100264234019097,1.6224887078453152,0.0,0.0,0.0,0.5516642320778038,0.6790943750554438,-0.024171152463046987,-19.530413126958763,0.6321305544568595,0.4000000000000001,-2.6602210183165838,0.10113607872088415,1.4201507322069276,0.024575385161995877,0.4086059612620239,0.4378367483533367,-2.4833261990198165,-0.09937734376438483,0.2520434838788803,Advertising Agencies,Communication Services,INUV
2018Q1,2018,Q1,2018-05-09,2018-03-31,-1408024.0,20503985.0,-1314780.0,-0.05,11725391.0,0.5718591288473923,34623800.0,13057165.0,11900814.0,18870786.0,21566635.0,0.0,-121987086.0,26291286.248,27482979.248,0.45571199868212703,0.6306474992615569,0.14764526135201797,0.39151224634137655,-0.07027976411434361,0.45571199868212703,-0.10783535323326311,1.2822525108167997,-4.668117561916558,2.013552424894684,0.0,0.0,0.0,0.5921933756548964,0.6149261085362316,-0.0406663624443302,228.55826905790613,0.5718591288473923,-2.4270517065512762,-2.9305538108612907,0.045213236329650824,1.5914990551131802,-0.04268190029429712,-2.402559627690518,-2.3806880272763036,-2.8899037054510965,0.28432246482506013,0.2615498856974644,Advertising Agencies,Communication Services,INUV
2017Q4,2017,Q4,2018-02-08,2017-12-31,1003896.0,23755948.0,-388909.0,0.0350372728405433,12248166.0,0.5155831289073373,38247836.0,14087342.0,15244127.0,21401869.0,24160494.0,0.0,-120579062.0,23208306.3,24515030.3,0.4916665125192699,0.7122801751566651,0.13360076109926847,0.36273272843095594,0.04012681476614014,0.4916665125192699,0.07126227218732958,0.9769471755031625,5.779559411532669,1.6474581436299338,0.0,0.0,0.0,0.6211056751027693,0.6937836130106207,0.02624713199460487,17.600677611077785,0.5155831289073373,2.167909094684777,1.9429751673164668,0.18707908119393846,1.7178601451844147,0.1487458459585337,2.017973556310214,0.5624597093107634,0.2816923200955621,0.2616850418081696,0.4025234687692529,Advertising Agencies,Communication Services,INUV
2017Q3,2017,Q3,2017-11-01,2017-09-30,-986171.0,20311502.0,-888853.0,-0.03,10662207.0,0.524934443548291,36648714.0,12726710.0,13226575.0,19698099.0,23922004.0,0.0,-121582959.0,28410289.725,31054327.725,0.4457214823422572,0.6714645408168575,0.14223396760934096,0.4095867667291861,-0.04808404251894941,0.4457214823422572,-0.07748829037512445,1.398729140021255,-7.2021712575709484,2.2323357509521315,0.0,0.0,0.0,0.5542214114252413,0.6538127359396457,-0.026908747739415904,-50.20434909956476,0.524934443548291,0.4000000000000001,0.38550868649777714,0.07967542210570089,1.0491026190317363,0.0011050249764375888,0.28660902174597125,0.3213365391296248,-3.0099947526199977,0.28039077439153115,0.4190466471794676,Advertising Agencies,Communication Services,INUV
2017Q2,2017,Q2,2017-08-08,2017-06-30,-1382371.0,18271181.0,-1309711.0,-0.05,10650438.0,0.5829091179163515,35073840.0,13495809.0,11798014.0,15145692.0,21578031.0,0.0,-120596787.0,29056545.18,30433193.18,0.47375643231925346,0.7789683033300823,0.1441917679957484,0.3747355197454261,-0.07023965803865406,0.47375643231925346,-0.10242965056781701,1.5902937626199423,-5.254838458706093,2.153005068462365,0.0,0.0,0.0,0.5209347194376207,0.7499488963594401,-0.03941316377106128,-17.897901569548022,0.5829091179163515,0.1666666666666666,0.6155218341962198,0.17002617977280549,0.7979723230420162,0.14224358946171867,0.18350448361363547,0.20575487825659294,-3.9761256005585,0.37432458249484646,0.6624494959608682,Advertising Agencies,Communication Services,INUV
2017Q1,2017,Q1,2017-05-05,2017-03-31,-1693054.0,17215862.0,-1649001.0,-0.06,9324139.0,0.5416016345855932,34934509.0,14584317.0,11403783.0,13750375.0,20350192.0,0.0,-119214416.0,34863234.27,34605451.27,0.5396449676554923,0.8293434179067843,0.10493160215877086,0.2513476633838938,-0.08980222066761184,0.5396449676554923,-0.11608730117426823,2.0250646915036845,-5.147980257865372,2.3904605385360176,0.0,0.0,0.0,0.4928038919911541,0.8044729689190295,-0.04846365523557237,-18.98638360918037,0.5416016345855932,-4.999999999999999,0.5176044904961725,0.04856388834738135,-0.13339548630048753,-0.20261912281372396,-4.479901733898244,-7.198804735316491,-3.176591129020014,0.47546636240849477,1.0908803260699185,Advertising Agencies,Communication Services,INUV
2016Q4,2016,Q4,2017-02-16,2016-12-31,-308957.0,19665654.0,-201127.0,-0.01,11693457.0,0.5946131768615476,27561139.0,11525792.0,11826046.0,11970419.0,16035347.0,0.0,-117521362.0,41630172.489999995,37714578.489999995,0.4623587049662979,0.9879391857544836,0.0011323915169108214,0.002707839947137689,-0.022104845656680836,0.4623587049662979,-0.026805706714124286,2.116897433972956,-33.68605703220836,3.6119142606425654,0.0,0.0,0.0,0.7135283487376919,0.9641748546980686,-0.011209877792060771,110.29437983181698,0.5946131768615476,0.0,0.9592017905463271,0.7222439805532809,7.604588697895745,-0.053072817741254344,-0.17441546642947015,0.5552265474866265,-0.1389968669937416,0.6074195038944263,1.0159790104785469,Advertising Agencies,Communication Services,INUV
2016Q3,2016,Q3,2016-10-26,2016-09-30,-263073.0,17485087.0,-452201.0,-0.01,12348845.0,0.7062501318981141,26465015.0,11658120.0,10348118.0,10677287.0,14806895.0,0.0,-117212407.0,31362098.82,27763957.82,0.4720925243229624,0.9691711012357352,0.0013388996756661577,0.003039426597084264,-0.03507075728621934,0.4720925243229624,-0.022565645232679024,1.7936484285151113,-29.803608523109556,2.6901506263445563,0.0,0.0,0.0,0.6606868350537493,0.9332301360823213,-0.009940406230640715,-159.83374947124867,0.7062501318981141,0.5,0.9218420624332578,-0.13375816314377473,0.5086000781927663,0.05746095206419414,0.5423448405436061,0.25483278267102805,-1.387818198203529,0.13664352974298047,1.0135612795014355,Advertising Agencies,Communication Services,INUV
2016Q2,2016,Q2,2016-08-04,2016-06-30,-574828.0,15648912.0,-606845.0,-0.02,11677826.0,0.7462388439528576,26154635.0,11734387.0,9711970.0,10269743.0,14420248.0,0.0,-116949334.0,34394852.8,30471704.799999997,0.4776337289630732,0.9456877353211273,0.001458708943940529,0.0032512989387515514,-0.04673721390503864,0.4776337289630732,-0.048986623672800295,2.197906972702,-14.958758446004717,2.931116282427024,0.0,0.0,0.0,0.5983227064724856,0.9054969535264904,-0.021978054750142757,-77.16608402041616,0.7462388439528576,-2.312743498078947,0.8874984886521811,-0.39123204351727664,-0.0072503498484229045,-0.19157623453471917,-2.5358480685273355,-2.5057927033525473,-2.4281519499577815,0.12984343577020827,1.427842994835885,Advertising Agencies,Communication Services,INUV
2016Q1,2016,Q1,2016-04-27,2016-03-31,374274.0,18730449.0,403007.0,0.015235268755295876,14445179.0,0.7712137066228364,26708497.0,11682104.0,9787974.0,10524836.0,15026393.0,0.0,-116374506.0,43155249.69,38786376.69,0.47913809394066326,0.9299882677506804,0.0015829793791840852,0.00361912545890706,0.033532973792103946,0.47913809394066326,0.03203823557811161,2.3040157601133853,28.825973544782702,3.6941333247846453,0.0,0.0,0.0,0.7012917649390754,0.9033257145289485,0.014013293222752295,214.54902800978402,0.7712137066228364,-0.4921577081568041,1.0943018236397741,-0.44248357812795763,0.46990550342826587,-0.11659482807387096,-0.3934580317699032,-0.4474087623268212,2.2278106860005673,0.12205171802988084,1.724716314924314,Advertising Agencies,Communication Services,INUV
2015Q4,2015,Q4,2016-02-12,2015-12-31,617062.0,21035307.0,729304.0,0.03,16351703.0,0.777345583784444,28732526.0,10960444.0,11620447.0,13249760.0,17772082.0,0.0,-116748778.0,65796432.300000004,61616751.300000004,0.4497690492558819,0.8770307537645965,0.0016118666350462886,0.004225467508433053,0.05837258872581126,0.4497690492558819,0.056298996646486216,3.1279045416356417,26.657139922730618,6.0030809244589,0.0,0.0,0.0,0.7321078209413262,0.8509357905350738,0.02147607906106132,151.85941464022602,0.777345583784444,0.0,1.3178074464822163,-0.4721203644542107,-0.039468986222935425,0.22231752232814456,-0.0527054286652932,0.14833301317277017,1.6814910900547968,0.2358791005653802,1.4862571323934481,Advertising Agencies,Communication Services,INUV
2015Q3,2015,Q3,2015-10-26,2015-09-30,651394.0,19254052.0,635098.0,0.03,13377623.0,0.6947952046665294,27237585.0,10131182.0,10274788.0,13003217.0,17106403.0,0.0,-117365840.0,70388495.5,66558161.5,0.41740383270445097,0.7901727703229132,0.0018674195968548606,0.00502053955797063,0.06255875569012807,0.41740383270445097,0.06429595283156496,3.6557757037323886,27.014562423049643,6.947708125271069,0.0,0.0,0.0,0.7068927733497665,0.7692824783282476,0.023915262678390906,42.48824772523961,0.6947952046665294,0.4999999999999999,1.1024450046599132,-0.5262861012167318,-0.20579087063807233,0.3884308628503427,0.46378042641930034,0.19421524899776613,1.477481084892473,0.20398815090876518,0.9189186984974878,Advertising Agencies,Communication Services,INUV
2015Q2,2015,Q2,2015-07-29,2015-06-30,445008.0,16727810.0,531812.0,0.02,9635066.0,0.5759908798581523,27406202.0,9228644.0,10443947.0,13210672.0,18177558.0,0.0,-118017235.0,74261193.84,72019777.84,0.38027466540389787,0.7905689430484687,0.05611587479359599,0.16664669262353168,0.04383067557676528,0.38027466540389787,0.048220301920845574,4.43938530148298,41.71902181533815,8.046815311111795,0.0,0.0,0.0,0.6103658580638062,0.7688761025934184,0.01623749252085349,18.12293129918536,0.5759908798581523,-0.3333333333333333,1.146254629462072,-0.4950097595452165,-0.5024012898401314,0.31058521207531076,-0.28947645734540406,1.1208092231983697,1.1452841340198217,0.2573939021511619,0.4431958637545767,Advertising Agencies,Communication Services,INUV
2015Q1,2015,Q1,2015-04-29,2015-03-31,626310.0,13420947.0,250759.0,0.03,7351728.0,0.5477801231164984,25865932.0,8700885.0,9574004.0,11013836.0,17165047.0,0.0,-118462244.0,50124433.105,51689955.105,0.3612318496863726,0.8692706156147595,0.13489322557563363,0.4010096674073959,0.06229208124553646,0.3612318496863726,0.07198233283166022,3.7347910773360478,20.007836816033592,5.760843075733101,0.0,0.0,0.0,0.5188657806724304,0.848140193843453,0.024213703183013083,-31.187757153354656,0.5477801231164984,0.0,1.2129078275716665,-0.5097853567455904,-0.5814781367647711,-0.21277704136489295,-0.029262697809947457,-0.7194364539383219,1.200226871861753,-0.08282996852700644,-0.41990536335348283,Advertising Agencies,Communication Services,INUV
2014Q4,2014,Q4,2015-02-09,2014-12-31,645190.0,15509725.0,893769.0,0.03,9338813.0,0.6021262788347311,25606677.0,8273735.0,9144239.0,10378564.0,17332942.0,0.0,-119088552.0,30682056.6,30628521.6,0.3505584922231061,0.8810697703458783,0.1429701323603996,0.44248335243998027,0.0677620114461213,0.3505584922231061,0.0779805009466704,1.978246332542969,11.888767882329237,3.7083683004108785,0.0,0.0,0.0,0.605690656386223,0.8521762740972644,0.025196162703969748,27.16288725324419,0.6021262788347311,0.4999999999999999,1.1276593829257542,-0.5744522897733123,-0.6400553443695893,0.3124989107966335,0.6014684491925515,0.9234116454584778,1.0899873196317167,0.4346336192544945,6.007572326029561,Advertising Agencies,Communication Services,INUV
2014Q3,2014,Q3,2014-10-30,2014-09-30,402874.0,13026011.0,464679.0,0.02,7115292.0,0.5462372172110096,25761396.0,7364299.0,9010562.0,11075160.0,18397097.0,0.0,-119733742.0,35168656.5,36238901.5,0.31409924629904473,0.8135830091845174,0.1758519219998792,0.6151557670322728,0.03887614989754705,0.31409924629904473,0.05470636105350964,2.6998792262650477,21.82360769123845,4.775560647388162,0.0,0.0,0.0,0.5056407269233391,0.7751014883757887,0.01563867113412643,41.402215462205056,0.5462372172110096,0.0,1.055619518330994,-0.7162476065492478,-0.7057080546992607,0.13375605375392496,0.0538411838102388,-0.006692888138346765,1.1260674397386647,-0.32029623247378164,0.0037230481600743735,Advertising Agencies,Communication Services,INUV
2014Q2,2014,Q2,2014-07-31,2014-06-30,382291.0,10942033.0,467810.0,0.02,6275858.0,0.5735550240069647,24710287.0,6681457.0,7756016.0,13480144.0,18028830.0,0.0,-120136615.0,20852668.727399997,22807699.727399997,0.2849749321530096,0.5753659604823212,0.21675458484152774,0.8016317399034373,0.038732098171764824,0.2849749321530096,0.057216711863894355,1.9057398864909287,13.636646381552271,3.1209762672123755,0.0,0.0,0.0,0.4428128657510129,0.5327644867888651,0.015470925125232257,22.585348942198653,0.5735550240069647,-0.3333333333333333,1.1381684366407097,-0.7409900976450879,-0.7753015919899885,-0.02623816866569578,-0.4334406803021523,-0.3025578791533669,1.0783998833933346,-0.5539674460932408,-0.40768679630089116,Advertising Agencies,Communication Services,INUV
2014Q1,2014,Q1,2014-04-24,2014-03-31,674759.0,10121717.0,670751.0,0.03,6444962.0,0.6367459196893175,24423819.0,6050784.0,7142572.0,13734354.0,18373035.0,0.0,-120518906.0,17817480.28,20725742.28,0.2580946221201599,0.5200515437420646,0.22895047658189738,0.9241521429289163,0.06476485086408211,0.2580946221201599,0.11151596222902685,1.7603219177141587,6.601423723136706,2.944656474268458,0.0,0.0,0.0,0.4144199152474885,0.48550284927853177,0.0276270881306482,88.36019697886395,0.6367459196893175,4.0,1.238484565836247,-0.7990817525250108,-0.8139445305319367,0.22192369652962143,3.6623488330801552,3.3165370973479447,1.1768099866840838,-0.6866776759693358,-0.20821427004582183,Advertising Agencies,Communication Services,INUV
2013Q4,2013,Q4,2014-03-10,2013-12-31,-253445.0,11431083.0,-289549.0,-0.01,5274439.0,0.4614120114428353,24935631.0,5341866.0,7282418.0,11170092.0,19593765.0,0.0,-121193666.0,30512040.540000003,33569725.54000001,0.22934698355641342,0.6519568504896827,0.24843317580373242,1.159676787100238,-0.01985444526236701,0.22934698355641342,-0.04744503138042025,2.669216953459266,-30.097299749452546,5.711869324314763,0.0,0.0,0.0,0.45842365087933806,0.606212554023727,-0.01016396978283806,259.54219970908724,0.4614120114428353,-1.3333333333333335,0.99833161660832,-0.7385194434294754,-0.8447570270917729,-0.16622657716915593,-1.3961322227762156,-1.4723860021208908,0.8634292739160244,-0.6998681703691186,-0.5102044238334779,Advertising Agencies,Communication Services,INUV
2013Q3,2013,Q3,2013-10-31,2013-09-30,639799.0,14509050.0,612950.0,0.03,6325986.0,0.4360027706845038,26720778.0,5460836.0,8679161.0,11187596.0,21259942.0,0.0,-120940221.0,27716846.919999998,30510731.919999998,0.2344564971173135,0.7757842703651436,0.24062757454142988,1.177430708411679,0.058847485847996074,0.2344564971173135,0.11716136503641567,1.910314384470382,10.830294717559733,5.075568451423921,0.0,0.0,0.0,0.5429875582215458,0.7136482225493306,0.023943876185042217,26.82756673777619,0.4360027706845038,0.4999999999999999,1.050483940647823,-0.7163079590160176,-0.9703334989700308,0.025927013710573446,0.676745149015127,6.157453466918891,1.104856996178252,-0.6280027006843577,-0.5538912778009015,Advertising Agencies,Communication Services,INUV
2013Q2,2013,Q2,2013-08-08,2013-06-30,381572.0,13130428.0,85638.0,0.02,6166117.0,0.46960517966360277,27060821.0,4581976.0,8555946.0,11675382.0,22478845.0,0.0,-121580022.0,17467859.25,21286127.25,0.19673172028793395,0.7328193629981443,0.25756435845017417,1.5211565927014894,0.037624143784806274,0.19673172028793395,0.08327673475373944,1.3303343386826385,11.444667880504857,3.812298285717778,0.0,0.0,0.0,0.4852191291609371,0.6754117338516205,0.014100533017826768,-112.78463855421687,0.46960517966360277,3.0,1.0031973735944406,-0.7025521236371286,-0.9762231308763907,-0.2693231389689973,2.3125520277940215,1.2183896321155523,1.1306713511126374,-0.5869668967165562,-0.742571727309698,Advertising Agencies,Communication Services,INUV
2013Q1,2013,Q1,2013-05-09,2013-03-31,-290710.0,15919779.0,-392134.0,-0.01,8438911.0,0.5300897079036084,28193896.0,4088853.0,9112010.0,13156111.0,24105043.0,0.0,-121961592.0,13718736.049999999,17415921.049999997,0.17584879986082974,0.6926066525282434,0.24554829172952897,1.6931308119905508,-0.029481123818034267,0.17584879986082974,-0.07109817838890271,0.8617416140010485,-11.797612784217948,3.3551551131821076,0.0,0.0,0.0,0.5646533916419355,0.6543355403431911,-0.010311097125420339,100.67614848898477,0.5300897079036084,0.7308651356491122,0.9635600962421577,-0.7816649657531616,-0.9871748080673779,-0.04048733615258766,0.6635133461503292,0.6287664489254946,0.8976288554718795,-0.3976409243259213,-0.7962622414681013,Advertising Agencies,Communication Services,INUV
2012Q4,2012,Q4,2013-03-13,2012-12-31,-863957.0,16240387.0,-1056300.0,-0.03715609281658276,8794997.0,0.5415509494939992,29129603.0,4206352.0,9937307.0,13402985.0,24923251.0,0.0,-121670882.0,21624448.35,26109939.35,0.18090206495371708,0.7414249139277557,0.2700520497996488,1.8701499541645588,-0.05879105545945688,0.18090206495371708,-0.2053934145311662,1.3315229710966865,-6.257385596158143,5.140903174532231,0.0,0.0,0.0,0.5575217417140906,0.6595192787278357,-0.029659072250315256,100.63827633066975,0.5415509494939992,0.38073178639028726,0.04833233601811041,-0.7670207239494639,-0.9873086435030305,0.0067075706381017255,0.34582560690188335,0.06000969979577035,0.8264853027363276,-0.5477073186828297,-0.8142543030132761,Advertising Agencies,Communication Services,INUV
2012Q3,2012,Q3,2012-11-08,2012-09-30,-1320683.0,15481425.0,-1123735.0,-0.06,8736397.0,0.5643147836843184,31734395.0,5111102.0,11526792.0,14557939.0,26623293.0,0.0,-120806925.0,19502612.09,24212002.09,0.2175203321700278,0.7917873539654205,0.24925176610425376,1.547582889169498,-0.08650682638577019,0.2175203321700278,-0.2583949606171037,1.2597426974584058,-3.6917663228041855,3.8157352543541485,0.0,0.0,0.0,0.4878437102708276,0.6730531018161293,-0.04161676943896362,-284.2863486487274,0.5643147836843184,0.5384615384615385,-13.640097784333511,-0.7636930750693407,-0.98463473347834,0.28919302191056334,0.5544424251032265,0.5772522364078432,0.8180691288353822,-0.6634970664819946,-0.7961966402306035,Advertising Agencies,Communication Services,INUV
2012Q2,2012,Q2,2012-08-09,2012-06-30,-2964113.0,12873981.0,-2658169.0,-0.13,6776640.0,0.5263826317593602,32302997.0,6188106.0,11332247.0,13979203.0,26114891.0,0.0,-119486242.0,15969618.440000001,20639551.44,0.2634948415210852,0.8106504355076609,0.2461663541621231,1.2850314781291723,-0.1902693632896383,0.2634948415210852,-0.4790016525250214,1.2404568905298214,-1.3469137681323218,2.580695682976342,0.0,0.0,0.0,0.3985382842341223,0.6361903464739728,-0.09175969028508407,-5.165949478588941,0.5263826317593602,0.0,-1.4441833100959416,-0.7814709361332435,-0.9811557517501958,0.981822531334463,-0.5816219758102169,-0.5584154654400251,-0.06951878688846484,-0.6957643494908241,-0.7922383173799702,Advertising Agencies,Communication Services,INUV
2012Q1,2012,Q1,2012-05-15,2012-03-31,-1874097.0,8767149.0,-1705687.0,-0.13,3419398.0,0.390023940507912,32800690.0,8986481.0,11412126.0,14454247.0,23814209.0,0.0,-116522134.0,11112024.77,12664592.77,0.6227119281340479,0.7895344530918836,0.15374655228289405,0.5611755035146683,-0.12120739028913693,0.6227119281340479,-0.20854625965380666,1.2674616081008774,-1.4823171866237448,1.2365268195637427,0.0,0.0,0.0,0.26728550527443173,0.6151356760404053,-0.05713590171426272,-458.0767074779454,0.390023940507912,0.57206465781822,-0.6169417418299286,-0.774187699306504,-0.9563049985450393,0.8142179078915395,0.5725115426174124,-0.025176118028680146,-0.07605352906637446,-0.7172817803113194,-0.5510988986109008,Advertising Agencies,Communication Services,INUV
2011Q4,2011,Q4,2012-03-29,2011-12-31,-4383971.0,6610350.0,-1663799.0,-0.30378421033703296,1884778.0,0.28512529593743147,11096341.0,-1010266.0,7337543.0,9352180.0,12106607.0,0.0,-114648037.0,10246152.709999999,13205623.709999999,-0.07000567728216106,0.7845810281666948,0.26710462484885783,-2.933765958668311,-0.8287294125661577,-0.07000567728216106,4.3394224887306905,1.5500166723395885,-0.5842963325943533,-10.142034582971217,0.0,0.0,0.0,0.595723401074282,0.5860103205883548,-0.39508257722072526,-2.9038399238879924,0.28512529593743147,-1.1698872166930923,-7.906773450742803,-0.8414820989355072,-1.0051368715792162,-0.4716377626423803,-2.204898468232623,-0.34586960636647346,0.9534223809938125,-0.7559527272171945,-1.047386232394303,Advertising Agencies,Communication Services,INUV
2011Q3,2011,Q3,2011-11-10,2011-09-30,-1367897.0,8203116.0,-1236226.0,-0.14,3567208.0,0.43486011900843535,12807874.0,3140542.0,4900738.0,7108149.0,9667332.0,0.0,-110264043.0,10236506.82,12152951.82,0.3129341772860754,0.6894534709387774,0.24021355925269097,0.9796477805423395,-0.196658874790412,0.3129341772860754,-0.43556080447260376,1.2478802957315245,-1.8708475162969143,3.2594713969754263,0.0,0.0,0.0,0.6404744456417981,0.5723719353660144,-0.10680125366629933,70.80314863360009,0.43486011900843535,0.33333333333333326,-1.747616591704591,-0.8103174557671481,-0.9786205150453112,-0.13295727213685984,0.2530296080294442,0.2354415661924096,0.7494996476393241,-0.6277520790333938,-0.9604034769481149,Advertising Agencies,Communication Services,INUV
2011Q2,2011,Q2,2011-08-10,2011-06-30,-1831260.0,9213037.0,-1616915.0,-0.21,4114224.0,0.44656544850519975,14340323.0,4236343.0,6099568.0,7507750.0,10103980.0,0.0,-108896152.0,18490777.2,19889979.2,0.48112203201496584,0.8124362159102261,0.2311104847498902,0.7823254632592309,-0.2118976636431985,0.48112203201496584,-0.432273779531072,2.007023004466388,-2.5243243995937226,4.364796995899529,0.0,0.0,0.0,0.6424567284851255,0.6935999467217209,-0.12770005250230418,-19.815396848530572,0.44656544850519975,-0.31249999999999994,-14.344972262706001,-0.7464265125661959,-0.9686934345601185,-0.24120214037955165,-0.3144026884367647,-0.3715536524519189,0.9594108978720642,-0.44795134662789,-0.9418519007968719,Advertising Agencies,Communication Services,INUV
2011Q1,2011,Q1,2011-05-04,2011-03-31,-1393226.0,11793495.0,-1178893.0,-0.16,5422029.0,0.45974742856125345,16118800.0,2789868.0,7616502.0,9669459.0,13328932.0,0.0,-107064890.0,24564583.178999998,27427786.178999998,0.3259652357400988,0.7876864672573719,0.29005533910712955,1.6758298242067367,-0.15791822121059657,0.3259652357400988,-0.49938778465504463,2.082892575864915,-4.407860458209939,8.804926677176123,0.0,0.0,0.0,0.7316608556468224,0.6924322239744747,-0.08643484626647145,32.082048870285234,0.45974742856125345,-1.0081392757006604,0.08038690879855882,-0.5422265994323634,-0.9740034576380535,-0.11679026161405635,-1.0430690630095847,-0.7149804555948497,0.5255520889858981,-0.5605811942540325,-0.976226356307022,Advertising Agencies,Communication Services,INUV
2010Q4,2010,Q4,2011-03-30,2010-12-31,-681928.0,13995478.0,-687409.0,-0.07967574855791532,6139005.0,0.4386420385212995,14025532.0,4007657.0,5333787.0,9661366.0,10017875.0,0.0,-105671666.0,43821004.800000004,46264467.800000004,0.46825041857552296,0.5520737957758768,0.18266857898866154,0.6392822539453851,-0.10463354308983952,0.46825041857552296,-0.17015627834417965,3.131083111273513,-16.065114205605283,10.934320177600029,0.0,0.0,0.0,0.9978571935809636,0.484334823874802,-0.04862047300594373,-45.25074741533493,0.4386420385212995,0.6016212572104235,0.7201500689377495,-0.3254144859266604,-0.9514959459324623,0.0555099068095034,0.6945367824160033,-2.432685489428426,-1.0407106280098175,-0.45454569802071076,-0.9671494463398325,Advertising Agencies,Communication Services,INUV
2010Q3,2010,Q3,2010-11-03,2010-09-30,-2232439.0,14270285.0,-200254.0,-0.2,5816151.0,0.4075707668066896,18015741.0,4478699.0,8578887.0,12944626.0,13537042.0,0.0,-104989736.0,25480122.200000003,29549219.200000003,0.5255590968084133,0.6627373398041781,0.31713155734199333,1.2756740294447115,-0.019755978742232144,0.5255590968084133,-0.49845702959721117,1.7855370232619743,-2.853395120762538,5.689179424649882,0.0,0.0,0.0,0.7921009188575702,0.5711078867786524,-0.12391602432561613,14.729731079641333,0.4075707668066896,-1.0,-2.5675679227996024,-0.48990080800147584,-0.9512409419529947,0.33764614888194683,-1.1047798901053314,0.7781888386631561,-59.91363491315423,-0.39940386312294107,-0.9628753987510832,Advertising Agencies,Communication Services,INUV
2010Q2,2010,Q2,2010-08-03,2010-06-30,-1060652.0,11547044.0,-902813.0,-0.1,4348049.0,0.3765508298054463,21718978.0,6465072.0,9961713.0,14658232.0,15253906.0,0.0,-102757304.0,14381498.5,21112117.5,0.7642195561192736,0.6795985354850435,0.3709808997458352,1.2462855788767704,-0.06221385769666232,0.7642195561192736,-0.164058807079024,1.2454701393707341,-3.389777820623541,2.224491622057728,0.0,0.0,0.0,0.5316568763042165,0.46222088721204574,-0.04883526287470801,-28.419967986404103,0.3765508298054463,0.0,-1.60613349475848,-0.7169359088877401,-0.9325028485967606,0.1618986514057399,-0.028525990681076575,0.4576048081908425,-1.427964549902183,-0.45587639059835494,-0.9453456358016998,Advertising Agencies,Communication Services,INUV
2010Q1,2010,Q1,2010-05-06,2010-03-31,-1031235.0,9597471.0,-1664493.0,-0.1,3742193.0,0.3899144889315112,21901300.0,7287947.0,9491953.0,14002115.0,14613353.0,0.0,-101696652.0,24486985.2,30447317.2,0.8631134509772155,0.6778942324070328,0.3548709437339336,1.0664368168429326,-0.11052877131110987,0.8631134509772155,-0.14149869640929058,2.5513997593741102,-5.936325182911752,3.3599290993746247,0.0,0.0,0.0,0.4382146721884089,0.45717621944970455,-0.04708556113107441,-1963.8291121982516,0.3899144889315112,0.5330114548905613,-1.453649753288189,-0.6351718372481262,-0.9236947928788302,0.0486245848591127,0.42966956025431713,-2.5263785666466108,-0.5206354347884277,-0.5775151195829159,-0.939436291819149,Advertising Agencies,Communication Services,INUV
2009Q4,2009,Q4,2010-03-31,2009-12-31,-1808136.0,13039233.0,-472012.0,-0.21413801483410053,3568668.0,0.27368695689386024,25825170.0,8223602.0,13010233.0,11143593.0,17601568.0,0.0,-100665417.0,28708879.2,34562093.2,0.9739233149861176,1.1675079123941443,0.41418283016142776,1.300688189919697,-0.02494785396827813,0.9739233149861176,-0.2198715356117672,2.2017306692809306,-3.9694026334302284,3.491034609894788,0.0,0.0,0.0,0.504904052906525,0.8824924779646923,-0.07001448586785683,112.00361733919577,0.27368695689386024,0.2862066172196649,-1.9653703966715128,-0.31378107178848597,-0.8913578686143454,0.05316545650072185,0.10857991389174695,0.8020915705731064,-5.868596540979061,-0.46559432783779786,-0.9285355246700407,Advertising Agencies,Communication Services,INUV
2009Q3,2009,Q3,2009-11-23,2009-09-30,-2028377.0,12855192.0,-2385002.0,-0.3,3388516.0,0.26359124002193046,25043652.0,7007445.0,10753643.0,17331660.0,18036207.0,0.0,-97678796.0,15100767.299999999,24844737.299999997,1.067304937544465,0.6204623792527664,0.41738237697920416,1.4916676477660544,-0.1365963002536508,1.067304937544465,-0.28946028117238165,1.1746823618036977,-1.8611884403145962,2.154960516992998,0.0,0.0,0.0,0.513311397235515,0.3898841195823135,-0.08099365859260463,-14.554675861670136,0.26359124002193046,-1.9999999999999998,-1.8678616855810342,-0.15116688567086953,-0.8184963803807536,-0.2503412551730302,-1.6238151045709024,-1.2304934857487018,-2.6945509858869725,-0.5456322380892811,-0.9270823338882638,Advertising Agencies,Communication Services,INUV
2009Q2,2009,Q2,2009-08-14,2009-06-30,-773064.0,11803529.0,-1069271.0,-0.1,4520078.0,0.38294293172829924,25185303.0,8308094.0,10316702.0,16193468.0,16877209.0,0.0,-95650418.0,17687176.200000003,23581947.200000003,1.2682552345467106,0.6370903379066176,0.2942140104488717,0.8918855516078658,-0.0680285988712405,1.2682552345467106,-0.09304950088431835,1.4984650946339864,-5.719829212070411,2.128909013306783,0.0,0.0,0.0,0.4686673414252749,0.4385878923526449,-0.030695044645680857,10.87035490092201,0.38294293172829924,0.0,-1.425773390627294,0.11822838069359043,-0.3811259011014387,-0.11686696377458614,0.010841457282252791,-0.0015661311035323187,-8.572237876614809,-0.5633293199417394,-0.9174747509929584,Advertising Agencies,Communication Services,INUV
2009Q1,2009,Q1,2009-05-14,2009-03-31,-781537.0,13915408.0,-1067599.0,-0.1,5118230.0,0.36781027189429155,25227756.0,8983185.0,9876706.0,15557911.0,16244571.0,0.0,-94877355.0,11656450.8,18693975.8,1.3871918028427659,0.6348349723815748,0.28136077580582275,0.7901541602449466,-0.06638766327518832,1.3871918028427659,-0.08699998942468623,0.837665040076439,-3.7286944827948005,1.2975855222841342,0.0,0.0,0.0,0.551591191860267,0.3936998354084941,-0.030979251583057962,4.74833525469988,0.36781027189429155,0.9846675312865959,-1.5080362073377624,0.5102591986851092,-0.2106258066549026,0.2692212792074543,0.981495907071849,0.9657036667459826,0.31820838032142823,-0.28612444341011584,-0.8893679861753716,Advertising Agencies,Communication Services,INUV
2008Q4,2008,Q4,2009-03-31,2008-12-31,-42235899.0,12154633.0,-31128663.0,-6.522106900669971,4032575.0,0.33177266643920883,29219808.0,9566981.0,12700774.0,10596014.0,19652827.0,0.0,-94095817.0,3885483.5999999996,13440250.6,1.4773421254435355,1.1986369591433157,0.33932741789405324,1.0363856685823878,-1.7248940959461823,1.4773421254435355,-4.414757278184204,0.3196709929456529,-0.02299870307010631,0.40613476707019697,0.0,0.0,0.0,0.4159723773681196,0.8295169296680809,-1.4454543643818605,1.8513816687902094,0.33177266643920883,-12.044213801339941,-15.113732643637078,0.8756384637998776,1.9728266822898533,-0.1753664822003124,-10.786391925537597,-38.95023396210917,-21.907988937266108,-0.22569927478828503,-0.8469684607079387,Advertising Agencies,Communication Services,INUV
2008Q3,2008,Q3,2008-11-07,2008-09-30,-3583446.0,14461135.0,-779186.0,-0.5,4890142.0,0.3381575512572146,73490417.0,52047918.0,18442780.0,11394965.0,21442499.0,0.0,-51859918.0,13171566.0,21836776.0,7.903072117620638,1.6185025579279972,0.15292278175534096,0.21592331512664925,-0.0074239320457767,7.903072117620638,-0.0688489787430114,0.9108251876495171,-0.9189175726381813,0.25306614570058306,0.0,0.0,0.0,0.19677579186957123,0.8943701889387111,-0.04876072481667916,5.910008937994013,0.3381575512572146,0.9019607843137255,-0.28661846900540183,1.3531018334319351,267.1038511280036,-0.035148766269306825,0.8968160468020785,0.9388088030521385,-4.255896064786213,-0.3311214472271496,-0.2667877799607223,Advertising Agencies,Communication Services,INUV
2008Q2,2008,Q2,2008-08-11,2008-06-30,-34728714.0,12846168.0,-12733629.0,-5.1,5068286.0,0.3945367988337067,77635005.0,56079448.0,15603867.0,11869657.0,21555557.0,0.0,-48276473.0,29144221.799999997,39637963.8,8.274080126579328,1.3146013402072192,0.1361835295817911,0.18852912032942978,-0.13208201649321194,8.274080126579328,-0.6192770299736189,2.268709376990866,-0.2097991722354015,0.5196952330914526,0.0,0.0,0.0,0.16546875987191603,0.7169379030918922,-0.44733318430262226,12.772369137240567,0.3945367988337067,-16.0,-437.10979568246404,2.0005446629037467,19.70010141823468,-0.40473076098669586,-14.084861023454287,-2.844607685514368,-25.771669739323887,-0.6069400749811573,-0.26921938263106077,Advertising Agencies,Communication Services,INUV
2008Q1,2008,Q1,2008-05-08,2008-03-31,-2302223.0,21041575.0,-3312075.0,-0.3,8514275.0,0.40464057467181047,118341890.0,92003058.0,19668434.0,13192661.0,26338832.0,0.0,-13547759.0,65758637.00000001,78514251.0,13.711202201468987,1.4908617753461564,0.1101164346792163,0.14164080285244432,-0.02061196054388918,13.711202201468987,-0.02502333128970561,3.125176561165217,-7.140776219332359,0.7147440360080206,0.0,0.0,0.0,0.1778032698311646,1.2921115762771438,-0.019453998917881066,-23.624723052222286,0.40464057467181047,-6.683808429586764,-991.8211466921975,3.4768557884621507,37.858119159946035,-0.13828578657726612,-7.787714423128307,-17.936422629427405,-2.2744447616444834,0.006515310990559835,0.21216524047769747,Advertising Agencies,Communication Services,INUV
2007Q4,2007,Q4,2008-03-31,2007-12-31,-261982.0,20116097.0,-174905.0,-0.03904313892637404,9880625.0,0.49118002363977464,121125513.0,95644986.0,19740303.0,11292262.0,25480527.0,0.0,-11245536.0,101992988.0,111853068.0,14.253958195635958,1.7481265489589242,0.10268956301551432,0.1300468170908614,-0.00106424735795669,14.253958195635958,-0.0027391085613207157,5.070217547668417,-97.32824010809902,1.0663704629534894,0.0,0.0,0.0,0.1660764648319797,1.5339902669633418,-0.002162896928246653,-374.98111362341217,0.49118002363977464,-9.856175451105834,-0.7143281996399746,3.7632627609635803,39.488188205385654,0.035897012768929586,-9.709507978723405,-1.4689619854033387,-1.1760130752209277,0.3321862968792848,0.5900434615614303,Advertising Agencies,Communication Services,INUV
2007Q3,2007,Q3,2007-11-01,2007-09-30,30080.0,18860976.0,372962.0,0.004408577849651667,9538231.0,0.5057124827474464,120597807.0,95764408.0,18933283.0,9855628.0,24833399.0,0.0,-10983554.0,104851842.5,117924381.5,14.156626041168519,1.9210630717799009,0.12452928766772682,0.15682192699400388,0.0006125271802304988,14.156626041168519,0.00031410417114466994,5.559194948342016,871.4415101396277,1.0948936529738689,0.0,0.0,0.0,0.1563956797323852,1.6140709653408185,0.00024942410437032243,-33.05195559483963,0.5057124827474464,1.0853735143774592,-0.9866227649790748,3.5798214335987555,36.27168310087301,0.05365024409120117,1.0862677167160908,2.0447905023629236,-0.9875087333023764,0.20874508067333192,1.40744587388468,Advertising Agencies,Communication Services,INUV
2007Q2,2007,Q2,2007-08-09,2007-06-30,-348682.0,16938393.0,-356973.0,-0.051638706474705504,9052559.0,0.5344402506188161,116613945.0,94416408.0,14507617.0,8737746.0,22197537.0,0.0,-11013634.0,201894906.2,210607386.2,13.98277278181276,1.6603386044867865,0.08583665529881525,0.10601707067695268,-0.002119451140285208,13.98277278181276,-0.003693023356703,11.919366034310338,-144.75575610441604,2.1383455532432456,0.0,0.0,0.0,0.14525186503209372,1.3429778114401585,-0.002990054062573734,212.07626345599542,0.5344402506188161,0.483612935252945,0.4744827757350523,1.833345377181253,554.5907160365358,-0.02931716486327964,0.3386667577066275,0.46271938736346846,-1.1863087102968628,0.5567949306073525,5.823213237941487,Advertising Agencies,Communication Services,INUV
2007Q1,2007,Q1,2007-05-10,2007-03-31,-527241.0,17661284.0,-664407.0,-0.1,9325970.0,0.5280459789899761,118804824.0,93555513.0,16384092.0,9733806.0,25249311.0,0.0,-13649491.0,158865407.764686,167163425.764686,14.251330985213915,1.6832153835817152,0.09903823433970997,0.12576725435731403,-0.004082804464259769,14.251330985213915,-0.005635595200039147,8.995122198628707,-75.32864845710311,1.6980870786811464,-0.5309090150424569,0.0,0.0017619757752085185,0.14865797031945438,1.4167356530426023,-0.004437875350920094,209.9863826294407,0.5280459789899761,-3.2735788153966574,0.9524382090751953,2.631342529688522,89.11030339396538,-0.09435613865077276,-2.8260187436360993,-2.2006017401675115,-1.3380914349954331,0.8908526710432011,7.109644879311862,Advertising Agencies,Communication Services,INUV
