Year,Date,FillingDate,NetIncome,Revenue,OperatingIncome,EPSDiluted,GrossProfit,GrossProfitRatio,TotalAssets,CommonStockEquity,CurrentAssets,CurrentLiability,TotalLiability,Inventory,RetainedEarnings,EnterpriseValue,bookValuePerShare,currentRatio,debtToAssets,debtToEquity,roic,shareholdersEquityPerShare,roe,priceToSalesRatio,peRatio,pbRatio,payoutRatio,inventoryTurnover,dividendYield,assetTurnover,quickRatio,returnOnAssets,priceToFreeCashFlowsRatio,grossProfitMargin,epsdilutedGrowth,fiveYNetIncomeGrowthPerShare,fiveYRevenueGrowthPerShare,fiveYShareholdersEquityGrowthPerShare,grossProfitGrowth,netIncomeGrowth,operatingIncomeGrowth,threeYNetIncomeGrowthPerShare,threeYRevenueGrowthPerShare,threeYShareholdersEquityGrowthPerShare,Industry,Sector,Price,MarketCap,AvgVolume,Symbol
2022,2022-12-31,2023-03-10,-13563204.0,75603745.0,-12649874.0,-0.11,45359358.0,0.5999617876,35557310.0,21749316.0,16379748.0,13595786.0,13807994.0,0.0,-157057558.0,24093052.974,0.18150743132318922,1.2047665357486503,0.013583732852682051,0.022207640920753554,-0.5762907494969516,0.18150743132318922,-0.6236151978296697,0.35106021499331813,-1.9568729463923125,1.2203357095919707,0.0,0.0,0.0,2.1262504109562843,1.1460000179467373,-0.38144629050960266,-3.653906734711297,0.5999617876072144,-2.125,-0.04226150024580262,-0.7767004378712787,-0.6372346315378432,0.03312861715440055,-2.280307927835762,-0.627906114823732,-0.020276143861183316,-0.5851330713808819,-0.4145093613496715,Advertising Agencies,Communication Services,0.2348,32375163,674822,INUV
2021,2021-12-31,2022-03-17,-4134735.0,59830688.0,-7770641.0,-0.0352,43904851.0,0.7338182539,43997074.0,32807995.0,23077942.0,10662539.0,11189079.0,0.0,-143951019.0,52722345.85,0.2789467090375287,2.1643946155788973,0.019614304351239356,0.026303710421804197,-0.12240741619915643,0.2789467090375287,-0.1260282745105271,1.0418622939786353,-15.076017652884648,1.9000044912832985,0.0,0.0,0.0,1.3598787955762695,2.03232607167955,-0.09397749950371699,-9.06877066776691,0.7338182539368425,0.5844155844155844,-0.12215827830160932,-0.8246170787308917,-0.4031556879699937,0.20805156373938863,0.36975854336758296,0.03453279528403827,0.8148818036262978,-0.784812729485582,-0.215790571852543,Advertising Agencies,Communication Services,0.2348,32375163,674822,INUV
2020,2020-12-31,2021-02-11,-6560557.0,44640007.0,-8048581.0,-0.0847,36343524.0,0.8141469153,35181571.0,25289114.0,14531710.0,8729172.0,9892457.0,0.0,-136350370.0,28293765.6391,0.3264228523931396,1.6647294840793605,0.031172343042895952,0.043366169332780896,-0.2644749370615976,0.3264228523931396,-0.2594221766725398,0.7860155272623501,-5.34828653102168,1.3874641333460713,0.0,0.0,0.0,1.2688463229797213,1.6173670309165635,-0.18647709051992023,-5.171620526731588,0.8141469153443457,0.23000000000000004,-1.8776529887451487,-0.8016315699034471,-0.2777933211509058,-0.06389849604916668,-0.46176483760302506,-0.04011117324160821,0.22025383247892472,-0.7960766529597362,-0.3476029854005382,Advertising Agencies,Communication Services,0.2348,32375163,674822,INUV
2019,2019-12-31,2020-05-12,-4488107.0,61525214.0,-7738193.0,-0.11,38824341.0,0.631031385,30690928.0,12541350.0,8146662.0,15678327.0,18149578.0,0.0,-130958001.0,15507659.1503,0.31000910918336744,0.5196129663579538,0.14053204907978017,0.3439070753945947,-0.40705066667100276,0.31000910918336744,-0.35786474342873775,0.1944321258321832,-2.6653727619016214,0.9538429395798699,0.0,0.0,0.0,2.004671022003636,0.5040572249832523,-0.14623562376478158,-1.8312119530559825,0.6310313849538175,0.42105263157894735,-2.239939223834364,-0.2785790121514965,-0.11843264986124241,-0.10561869891055252,0.2381200142866067,-0.41456224247675666,-2.541263593702844,-0.4756695849354838,-0.336693470476868,Advertising Agencies,Communication Services,0.2348,32375163,674822,INUV
2018,2018-12-31,2019-03-15,-5890832.0,73330642.0,-5470380.0,-0.19,43409160.0,0.5919648160178388,28665882.0,11033815.0,7212017.0,14099228.0,17632067.0,0.0,-126469894.0,36270662.61,0.355704355272145,0.5115185739247567,0.11542020580423794,0.29986201508725674,-0.3741153419378444,0.355704355272145,-0.5338889586240118,0.45262111042202524,-5.634347849336054,3.0081161058074657,0.0,0.0,0.0,2.558115672142933,0.49309827460056677,-0.2054997644935537,-8.886273732385279,0.5919648160178388,-0.7272727272727273,-10.264776476802231,0.0008578207282884859,0.5502652536216319,0.012223635564457928,-0.9265565621218563,-0.2912577771042617,-2.96822753749514,-0.1861388216129241,-0.21300834426917964,Advertising Agencies,Communication Services,0.2348,32375163,674822,INUV
2017,2017-12-31,2018-02-08,-3057700.0,79554493.0,-4236474.0,-0.11,42884950.0,0.5390638338930775,38247836.0,14087342.0,15244127.0,21401869.0,24160494.0,0.0,-120579062.0,24112533.200000003,0.500343878172935,0.7122801751566651,0.13360076109926847,0.36273272843095594,-0.1444003945491011,0.500343878172935,-0.21705301113581257,0.286669028234521,-7.458484874251889,1.6188866004672848,0.0,0.0,0.0,2.0799737009957897,0.6937836130106207,-0.07994439214809435,-8.424834963320668,0.5390638338930775,-2.666666666666667,0.6751908979298955,0.1121703782170864,1.4984453031880587,-0.1451273287333814,-2.957757344185228,-3.942419554672024,-2.2137840739752956,0.340323763364796,0.4228189229696635,Advertising Agencies,Communication Services,0.2348,32375163,674822,INUV
2016,2016-12-31,2017-02-16,-772584.0,71530102.0,-857166.0,-0.03,50165307.0,0.7013174257741167,27561139.0,11525792.0,11826046.0,11970419.0,16035347.0,0.0,-117521362.0,37268267.65,0.46736930119810655,0.9879391857544836,0.0011323915169108214,0.002707839947137689,-0.07170752337184089,0.46736930119810655,-0.06703088169559193,0.5757556678725273,-53.306645814565144,3.5731914691849376,0.0,0.0,0.0,2.5953245981597495,0.9641748546980686,-0.028031642669049346,-650.0798972408132,0.7013174257741167,-1.3,0.967318838126439,-0.2417439509645501,5.331991669968618,0.07383290821241148,-1.3301959932882406,-1.3992439588201622,-2.5283750468667487,0.22800932415227412,1.0369342616075254,Advertising Agencies,Communication Services,0.2348,32375163,674822,INUV
2015,2015-12-31,2016-02-12,2339774.0,70438116.0,2146973.0,0.1,46716120.0,0.6632221679523627,28732526.0,10960444.0,11620447.0,13249760.0,17772082.0,0.0,-116748778.0,61294919.400000006,0.45197983063979114,0.8770307537645965,0.0016118666350462886,0.004225467508433053,0.2226813908435809,0.45197983063979114,0.21347438114733308,0.9295336689584373,27.98330112224514,5.973717889530753,0.0,0.0,0.0,2.451511433418698,0.8509357905350738,0.08143293770968832,14.294565783130848,0.6632221679523627,0.11111111111111122,1.163750031612832,-0.49603669801318084,-0.04179698926640501,0.6012421625762534,0.11147139774853049,-0.1401821138810473,1.2885749331033947,0.14331451781250676,1.2569415441262104,Advertising Agencies,Communication Services,0.2348,32375163,674822,INUV
2014,2014-12-31,2015-02-09,2105114.0,49599486.0,2497009.0,0.09,29174925.0,0.5882102286301919,25606677.0,8273735.0,9144239.0,10378564.0,17332942.0,0.0,-119088552.0,30532698.6,0.3516567499177146,0.8810697703458783,0.1429701323603996,0.44248335243998027,0.20834925985381228,0.3516567499177146,0.2544333363347992,0.6166643259166033,14.529490374393026,3.6967867112011685,0.0,0.0,0.0,1.9369747195233493,0.8521762740972644,0.08220957369829753,9.854047293653265,0.5882102286301919,3.4999999999999996,1.1108527932434444,-0.7274059705100401,-0.7143797071886943,0.1133150417205152,3.411239354925233,146.7083111505472,1.0933373237317723,-0.4488977786720177,4.259465496399934,Advertising Agencies,Communication Services,0.2348,32375163,674822,INUV
2013,2013-12-31,2014-03-10,477216.0,54990340.0,16905.0,0.02,26205453.0,0.4765464807091573,24935631.0,5341866.0,7282418.0,11170092.0,19593765.0,0.0,-121193666.0,33556370.09,0.22944741517051415,0.6519568504896827,0.24843317580373242,1.159676787100238,0.00011277577816123963,0.22944741517051415,0.08933507504680949,0.5546189583479572,63.90960296804802,5.709369177362368,0.0,0.0,0.0,2.20529169684938,0.606212554023727,0.01913791553941426,26.939992853969226,0.4765464807091573,1.0588235294117647,1.0016464737557458,-0.695209643076883,-0.8403930199573366,-0.05489083285201101,1.0679519482488935,1.0025896540372332,1.034787382328442,-0.5901953720855392,-0.5135685508129572,Advertising Agencies,Communication Services,0.2348,32375163,674822,INUV
2012,2012-12-31,2013-03-13,-7022845.0,53362945.0,-6527899.0,-0.34,27727435.0,0.5196009140799857,29129603.0,4206352.0,9937307.0,13402985.0,24923251.0,0.0,-121670882.0,24019429.55,0.20026209000232573,0.7414249139277557,0.2700520497996488,1.8701499541645588,-0.5141657320702586,0.20026209000232573,-1.669580910014188,0.3660581054887432,-2.781485074780947,4.643914382343656,0.0,0.0,0.0,1.831914599042081,0.6595192787278357,-0.24108962281428964,-6.578612051284642,0.5196009140799857,0.6458333333333333,-1.0258356615730653,-0.7682277274027218,-0.9859458140564572,0.849946394629335,0.21762981944485138,-0.14607966395188357,0.5857525108224076,-0.671485356351182,-0.837344465024907,Advertising Agencies,Communication Services,0.2348,32375163,674822,INUV
2011,2011-12-31,2012-03-29,-8976371.0,35819996.0,-5695851.0,-0.96,14988237.0,0.4184321237780149,11096341.0,-1010266.0,7337543.0,9352180.0,12106607.0,0.0,-114648037.0,9607937.98,-0.10788785778101286,0.7845810281666948,0.26710462484885783,-2.933765958668311,-2.834485099017456,-0.10788785778101286,8.885155988620818,0.18560769744362896,-0.740663123215384,-6.580907384787768,0.0,0.0,0.0,3.2280907733459165,0.5860103205883548,-0.8089487336411165,-1.8720803890545052,0.4184321237780149,-0.6271186440677966,-9.263613419479443,-0.7407207062684873,-1.0058755924242306,-0.23973679929688432,-0.7930332670228748,-0.5444503405282126,0.9230006138295027,-0.5063865290762899,-1.0750483728522418,Advertising Agencies,Communication Services,0.2348,32375163,674822,INUV
2010,2010-12-31,2011-03-30,-5006249.0,48969847.0,-3687947.0,-0.59,19714537.0,0.4025852275993429,14025532.0,4007657.0,5333787.0,9661366.0,10017875.0,0.0,-105671666.0,45944437.08,0.4716952728981282,0.5520737957758768,0.18266857898866154,0.6392822539453851,-0.5616785648234335,0.4716952728981282,-1.2491710243666063,0.8883216253463074,-8.689334885260402,10.854465359685223,0.0,0.0,0.0,3.4914787546026775,0.484334823874802,-0.356938260880229,179.06425208389075,0.4025852275993429,0.26250000000000007,-641.2286518433963,-0.4375090668232821,-0.9518302317452454,0.19682049262203394,0.0713887704841708,0.2599888394760694,-2.57010856583619,-0.47419067411817883,-0.9668969145686861,Advertising Agencies,Communication Services,0.2348,32375163,674822,INUV
2009,2009-12-31,2010-03-31,-5391114.0,51654763.0,-4983637.0,-0.8,16472426.0,0.31889461965007954,25825170.0,8223602.0,13010233.0,11143593.0,17601568.0,0.0,-100665417.0,28562898.599999998,1.2312036601336154,1.1675079123941443,0.41418283016142776,1.300688189919697,-0.26340654073817554,1.2312036601336154,-0.6555660159623484,0.43964357362359785,-4.212428933982847,2.761525253775657,0.0,0.0,0.0,2.0001712670236054,0.8824924779646923,-0.20875425021403538,6.880152680312643,0.31889461965007954,0.9354838709677419,-1.6680346113443527,-0.12366737826166861,-0.8977136418600099,-0.12399523570390762,0.9349294421825799,0.892030779881824,-7.957908216478658,-0.47581612485371805,-0.9329484239751088,Advertising Agencies,Communication Services,0.2348,32375163,674822,INUV
2008,2008-12-31,2009-03-31,-82850281.0,51572595.0,-46157942.0,-12.4,18804037.0,0.3646129693493221,29219808.0,9566981.0,12700774.0,10596014.0,19652827.0,0.0,-94095817.0,13547726.2,1.4375775740458354,1.1986369591433157,0.33932741789405324,1.0363856685823878,-2.239121801764542,1.4375775740458354,-8.660023574835154,0.07742405050589368,-0.048194878180316605,0.41736878122785026,0.0,0.0,0.0,1.764987470143541,0.8295169296680809,-2.8354149691880246,1.0437108914814495,0.3646129693493221,-61.0,-88.88746857460141,1.4640828044204364,1.4273285704772767,-0.5025042870029236,-73.78643377789814,-55.0629813572559,-13568.274078004515,-0.24370511618945695,-0.8531938254022405,Advertising Agencies,Communication Services,0.2348,32375163,674822,INUV
TTM,,,,,,,,,,,,,,,,31357561.0,0.15416487528783543,1.0646388705355625,0.03156916750311155,0.05104615334624133,-0.7235069481732671,0.15416487528783543,-0.6347428612397691,0.4702833684524901,-1.9017774409831858,1.523044724432941,0.0,0.0,0.0,2.282901598665367,0.9789782545081875,-0.49528260340998914,-4.720305346449714,0.6401396273369879,,,,,,,,,,,Advertising Agencies,Communication Services,0.2348,32375163,674822,INUV
