Quarters,Year,Quarter,FillingDate,Date,NetIncome,Revenue,OperatingIncome,EPSDiluted,GrossProfit,GrossProfitRatio,TotalAssets,CommonStockEquity,CurrentAssets,CurrentLiability,TotalLiability,Inventory,RetainedEarnings,MarketCap,EnterpriseValue,bookValuePerShare,currentRatio,debtToAssets,debtToEquity,roic,shareholdersEquityPerShare,roe,priceToSalesRatio,peRatio,pbRatio,payoutRatio,inventoryTurnover,dividendYield,assetTurnover,quickRatio,returnOnAssets,priceToFreeCashFlowsRatio,grossProfitMargin,epsdilutedGrowth,fiveYNetIncomeGrowthPerShare,fiveYRevenueGrowthPerShare,fiveYShareholdersEquityGrowthPerShare,grossProfitGrowth,netIncomeGrowth,operatingIncomeGrowth,threeYNetIncomeGrowthPerShare,threeYRevenueGrowthPerShare,threeYShareholdersEquityGrowthPerShare,Industry,Sector,Symbol
2023Q1,2023,Q1,2023-05-10,2023-03-31,8161000.0,71229000.0,11252000.0,0.3,26688000.0,0.3746788527,177663000.0,63441000.0,72028000.0,46255000.0,114222000.0,0.0,43811000.0,499440480.0,542829480.0,2.3474062014356547,1.557193816884661,0.33914208360772924,0.9497485852997273,0.06996271422058305,2.3474062014356547,0.12863920808310084,7.011757570652403,15.299610341869869,7.872519033432638,0.3672344075480946,0.0,0.006000715040158538,0.40092197024704074,1.4883796346340936,0.04593528196641957,-121.04713523994184,0.37467885271448426,-0.03225806451612906,0.19233893898691654,0.054077068347540454,-0.40820478581465575,-0.09865243675909352,-0.16004528612597776,-0.17404389635175804,0.6329900024169075,0.13291021433773148,-0.5016894725480274,Information Technology Services,Technology,HCKT
2022Q4,2022,Q4,2023-03-03,2022-12-30,9716000.0,70117000.0,13623000.0,0.31,29609000.0,0.4222799036,184993000.0,58278000.0,81166000.0,59601000.0,126715000.0,0.0,38640000.0,627640440.0,658492440.0,1.8914059457354278,1.3618227882082516,0.3303206067256599,1.048543189539792,0.08084364705174701,1.8914059457354278,0.16671814406808744,8.951330490465935,16.149661383285302,10.76976629259755,0.358480856319473,0.0,0.005549355615135315,0.3790251523030601,1.3192899447995838,0.052520906196450674,26.899260275146787,0.42227990358971434,-0.03125000000000003,-0.040244033254320924,-0.05778739432277316,-0.49336238778179897,0.05276444444444445,-0.06270499710592321,-0.029355183469896688,3.1175280539481194,-0.017476751327751804,-0.5899117880236898,Information Technology Services,Technology,HCKT
2022Q3,2022,Q3,2022-11-09,2022-09-30,10366000.0,72033000.0,14035000.0,0.32,28125000.0,0.3904460456,224657000.0,164071000.0,122387000.0,51941000.0,60586000.0,0.0,31921000.0,561475920.0,496333920.0,5.178028151233984,2.356269613600046,0.008470690875423422,0.0115986371753692,0.061809244114968506,5.178028151233984,0.06317996477134899,7.794704093956937,13.541286899479065,3.4221521170712674,0.3356164383561644,0.0,0.006196169552560687,0.32063545760871015,2.293948903563659,0.04614145119003637,63.13684021140222,0.39044604556245055,0.0,0.7792402637016775,-0.08493215158263699,0.5186327324936586,-0.06458908437822197,0.01478218306412139,-0.01029546576405049,0.41465664763557253,-0.06564510211881248,0.11497019067991734,Information Technology Services,Technology,HCKT
2022Q2,2022,Q2,2022-08-10,2022-07-01,10215000.0,75928000.0,14181000.0,0.32,30067000.0,0.3959935729,217889000.0,156830000.0,114198000.0,51639000.0,61059000.0,0.0,25038000.0,610567080.0,551413080.0,4.954821180336156,2.2114680764538432,0.011593058851066368,0.016106612255308295,0.06322635711776413,4.954821180336156,0.06513422176879424,8.04139553260984,14.942904552129221,3.8931778358732383,0.0,0.0,0.0,0.3484710104686331,2.152733399175042,0.046881669106747015,35.99829491185661,0.3959935728584975,-0.030303030303030328,0.9731275981562652,-0.05308365280911636,0.5666593563006119,0.08252025202520252,-0.02760590195145169,0.057573271683197855,0.3771216097385218,-0.02694022970417129,0.1262659645201424,Information Technology Services,Technology,HCKT
2022Q1,2022,Q1,2022-05-11,2022-04-01,10505000.0,75664000.0,13409000.0,0.33,27775000.0,0.3670834214,208445000.0,150315000.0,103630000.0,47958000.0,58130000.0,0.0,18303000.0,743139870.0,698640870.0,4.779643231899265,2.160849076275074,0.015606035165151478,0.02164122010444733,0.0671273739783263,4.779643231899265,0.0698865715331138,9.821577897018397,17.685384816753928,4.943883644346871,0.0,0.0,0.0,0.3629926359471323,2.049001209391551,0.05039698721485284,146.83656787196207,0.3670834214421654,-0.33999999999999997,0.2246436929914783,-0.02764728652494238,0.43688690392504514,0.01091901728844404,-0.3641426063797591,0.11732355637030248,0.397673799878965,0.06343731394853129,0.09346767210390897,Information Technology Services,Technology,HCKT
2021Q4,2021,Q4,2022-03-04,2021-12-31,16521000.0,70232000.0,12001000.0,0.5,27475000.0,0.39120344,207541000.0,143853000.0,102176000.0,54889000.0,63688000.0,0.0,11272000.0,615284100.0,573263100.0,4.7998998998999,1.8615023046512051,0.018179540428156366,0.026228163472433664,0.10929528957469653,4.7998998998999,0.1148464057058247,8.760737270759767,9.310636462683856,4.277172530291339,0.38762786756249623,0.0,0.010408200049375566,0.3384006051816268,1.7564539343037766,0.07960354821456965,32.559882521035085,0.391203440027338,1.0,1.5304424906834548,-0.044096629033532904,0.5898774720889272,0.04954541981816793,1.031853400565736,0.05225778167470408,120.64178811164105,0.08647506848716323,0.14636010474427824,Information Technology Services,Technology,HCKT
2021Q3,2021,Q3,2021-11-10,2021-10-01,8131000.0,71894000.0,11405000.0,0.25,26178000.0,0.364119398,211360000.0,148509000.0,105716000.0,54939000.0,62851000.0,0.0,-2037000.0,602540940.0,553901940.0,4.9811833366874625,1.924243251606327,0.0203444360333081,0.028954474139614435,0.051872130875504636,4.9811833366874625,0.05475089051841976,8.380962806353798,18.526040462427744,4.0572688523927845,0.396999139097282,0.0,0.00535731231806423,0.34014950794852383,1.8665792970385335,0.03846990915972748,100.75935451505016,0.36411939800261495,-0.21875000000000003,0.42022332069129875,-0.0701867367816913,0.717589326743937,-0.12065838092038965,-0.22797189517660463,-0.19779137652106632,0.5589356084707932,-0.03731920761647451,0.1438361389276776,Information Technology Services,Technology,HCKT
2021Q2,2021,Q2,2021-08-11,2021-07-02,10532000.0,73197000.0,14217000.0,0.32,29770000.0,0.4067106575,208758000.0,144363000.0,102278000.0,55590000.0,64395000.0,0.0,-6976000.0,547108920.0,499517920.0,4.797069183225892,1.8398632847634466,0.023290125408367585,0.03367898976884659,0.06847140060971865,4.797069183225892,0.07295498153959117,7.474471904586253,12.986823965058868,3.78981401051516,0.30886821116597035,0.0,0.0059457996042177495,0.3506308740263846,1.7926785393056306,0.05045076116843426,42.530233208955224,0.4067106575406096,0.6842105263157895,0.8819329476417642,-0.0579634687647238,0.8312931200707921,0.3385791366906475,0.6557145102971231,0.605896306336835,-0.10601337923973969,-0.053761889288116156,0.16069575491924815,Information Technology Services,Technology,HCKT
2021Q1,2021,Q1,2021-05-12,2021-04-02,6361000.0,63486000.0,8853000.0,0.19,22240000.0,0.3503134549,199352000.0,143181000.0,92359000.0,46170000.0,56171000.0,0.0,-14281000.0,508081740.0,462465740.0,4.739994041116297,2.000411522633745,0.02753421084313175,0.038336092079256326,0.041424980245579536,4.739994041116297,0.04442628561052095,8.00305169643701,19.96862678824084,3.5485276677771496,0.0,0.0,0.0,0.3184618162847626,1.9412172406324453,0.03190838316144307,94.61484916201117,0.3503134549349463,5.333333333333334,0.4363751042876418,-0.08663730642411038,0.4130283651362919,0.09405745769382133,6.123180291153416,4.961616161616162,-0.16851212269474813,-0.1594420507763205,0.19498099096956228,Information Technology Services,Technology,HCKT
2020Q4,2020,Q4,2021-03-12,2021-01-01,893000.0,59281000.0,1485000.0,0.03,20328000.0,0.3429091952,192545000.0,140887000.0,84832000.0,42567000.0,51658000.0,0.0,-17388000.0,431628050.0,388296050.0,4.69701616936156,1.9929053022294265,0.03180035835778649,0.04346036185027717,0.0059819789493690805,4.69701616936156,0.006338413054433695,7.281052107757966,120.83652015677492,3.06364710725617,6.8118701007838744,0.0,0.014093152657710729,0.30788127450725805,1.931848615124392,0.004637876859954816,34.50264188649081,0.342909195189015,-0.6666666666666666,-0.7817603797098119,-0.11463691618173318,0.3668821040322717,0.11588077070867871,-0.7009377093101139,-0.6719681908548708,-0.9093858968374121,-0.18170079733970254,0.25815669658918133,Information Technology Services,Technology,HCKT
2020Q3,2020,Q3,2020-11-04,2020-09-25,2986000.0,57917000.0,4527000.0,0.09,18217000.0,0.3145363192,196127000.0,138647000.0,82738000.0,45118000.0,57480000.0,0.0,-15221000.0,345609500.0,310715500.0,4.613416297873757,1.8338135555654063,0.042181851555369736,0.05966952043679272,0.020351102972688197,4.613416297873757,0.02153670833122967,5.967323929070912,28.935825519089082,2.4927297381118954,1.0257870060281313,0.0,0.008862603603199565,0.29530355330984515,1.759563810452591,0.015224828809903787,34.77306570077472,0.31453631921542896,1.6923076923076923,-0.06571825571640529,-0.17557249347457948,0.3376232482516751,0.506782464846981,1.7592168827866768,1.891492713666798,-0.4596280673035713,-0.22427562444016466,0.35304111795938586,Information Technology Services,Technology,HCKT
2020Q2,2020,Q2,2020-08-05,2020-06-26,-3933000.0,52751000.0,-5078000.0,-0.13,12090000.0,0.229189968,192460000.0,136581000.0,78051000.0,42250000.0,55879000.0,0.0,-15183000.0,375337575.0,346720575.0,4.550424787606197,1.847360946745562,0.04547958017250338,0.06408651276531875,-0.025320105660581717,4.550424787606197,-0.028796099018165044,7.11526937877955,-23.858223684210525,2.7480950864322273,-0.0002542588354945334,0.0,2.664268292349893e-06,0.2740881222072119,1.7593372781065089,-0.02043541515120025,27.33505025125628,0.22918996796269264,-1.7647058823529413,-2.0195065686338625,-0.239839237385098,0.4066456296007001,-0.4621646870412385,-1.7115976117242626,-1.658796056045667,-1.8011310344827587,-0.30624973816385725,0.4387937140774501,Information Technology Services,Technology,HCKT
2020Q1,2020,Q1,2020-05-06,2020-03-27,5527000.0,69533000.0,7708000.0,0.17,22479000.0,0.3232853465,195109000.0,140799000.0,79993000.0,38881000.0,54310000.0,0.0,-8200000.0,365243580.0,351281580.0,4.710729699889591,2.0573802114143156,0.04775791993193548,0.06617944729721091,0.03488379152334948,4.710729699889591,0.039254540160086365,5.252809169746739,16.520878415053375,2.5940779408944667,1.0475845847656957,0.0,0.015852434695772067,0.35638027974106784,1.9720943391373678,0.028327755254755033,60.99592184368738,0.3232853465261099,1.4285714285714286,0.7569728177840929,0.08934723473133165,0.49110515733526394,-0.05574224985297824,1.4188183807439825,1.1452824937378236,-0.32204851945084795,-0.05979846322066299,0.41616967737829047,Information Technology Services,Technology,HCKT
2019Q4,2019,Q4,2020-03-05,2019-12-27,2285000.0,69106000.0,3593000.0,0.07,23806000.0,0.3444852835,193735000.0,137614000.0,78627000.0,43683000.0,56121000.0,0.0,-13714000.0,474408300.0,456416300.0,4.612192914837283,1.7999450587184946,0.04109737528066689,0.05785748543026146,0.015075757728645972,4.612192914837283,0.016604415248448558,6.8649364744016435,51.90462800875274,3.4473839870943364,0.0,0.0,0.0,0.3567037448060495,1.7336721379026165,0.011794461506697293,31.686367886721882,0.3444852834775562,-0.6666666666666666,-0.5386912749637559,0.08457541448081277,0.4514939100387257,-0.02502354916656428,-0.6692719641047908,-0.6176032354193274,-0.6484574218716876,-0.05522954913554452,0.5277030282195847,Information Technology Services,Technology,HCKT
2019Q3,2019,Q3,2019-11-06,2019-09-27,6909000.0,72690000.0,9396000.0,0.21,24417000.0,0.3359059018,193933000.0,138747000.0,77977000.0,39367000.0,55186000.0,0.0,-10221000.0,498481059.99999994,492851059.99999994,4.644095595126523,1.9807706962684481,0.05565324106779145,0.07778906931321038,0.04405212431632656,4.644095595126523,0.04979567125775693,6.8576291099188325,18.037380952380953,3.592733969022753,0.8378926038500507,0.0,0.011613279750287805,0.37482016985247485,1.8876978179693653,0.035625705784987596,65.52064405888538,0.3359059017746595,-0.0454545454545455,0.839068679195646,0.14966134906665307,0.46922375584373593,-0.06102907245039225,-0.01144655887823723,-0.037196434060866895,0.20427499139299574,-0.06184293227571656,0.6013562415617493,Information Technology Services,Technology,HCKT
2019Q2,2019,Q2,2019-08-07,2019-06-28,6989000.0,73521000.0,9759000.0,0.22,26004000.0,0.3536948627,191369000.0,131201000.0,75315000.0,42288000.0,60168000.0,0.0,-17130000.0,500726776.42999995,496157776.42999995,4.399334914153434,1.7810017026106697,0.06329656318421478,0.09232399143299212,0.04715239352601215,4.399334914153434,0.05326941105631817,6.810663299329443,17.911245400987262,3.8164859751831157,0.0,0.0,0.0,0.3841844812900731,1.684378547105562,0.036521066630436486,50.27882080831408,0.353694862692292,0.0,0.9516126816696949,0.1685435697312298,0.43129605819836353,0.15235309758043072,-0.014801240484916831,0.13608847497089638,0.2601961036532631,-0.04519284415899226,0.6794570712775642,Information Technology Services,Technology,HCKT
2019Q1,2019,Q1,2019-05-08,2019-03-29,7094000.0,67155000.0,8590000.0,0.22,22566000.0,0.3360285906,187693000.0,129747000.0,70705000.0,36587000.0,57946000.0,0.0,-18330000.0,468991400.0,474133400.0,4.371087828049726,1.9325170142400305,0.08418534521798895,0.12178316261647668,0.046362779348306404,4.371087828049726,0.05467563797236159,6.983715285533467,16.527748801804343,3.614660839942349,0.7621934028756696,0.0,0.011528996054085427,0.35779171306335344,1.8222592724191653,0.03779576222874588,89.26368481157213,0.3360285905740451,1.2,4.401489489344708,0.1999137668837253,0.464404941932904,-0.0649318360750839,53.161764705882355,-0.07064805798983015,0.6301721196129747,-0.016796397891954532,0.3030546101871581,Information Technology Services,Technology,HCKT
2018Q4,2018,Q4,2019-03-08,2018-12-28,-136000.0,63665000.0,9243000.0,0.1,24133000.0,0.3790622791,180752000.0,123590000.0,73091000.0,44227000.0,57162000.0,0.0,-25424000.0,469910640.0,462602640.0,4.18707863265237,1.6526330069866824,0.035960874568469504,0.05259325188122017,0.06795451300947496,4.18707863265237,-0.0011004126547455295,7.380988612267337,-863.8063235294118,3.802173638643903,0.0,0.0,0.0,0.35222293529255555,1.551427860809008,-0.0007524121448172081,82.5418303179343,0.3790622791172544,-0.375,-1.1134036877081992,0.2170755869882776,0.3338741205140842,-0.033558928356893995,-1.0263719216598797,0.21171997902464604,-1.0337751819919279,-0.03376384741336969,0.21848480924568936,Information Technology Services,Technology,HCKT
2018Q3,2018,Q3,2018-11-07,2018-09-28,5157000.0,73840000.0,7628000.0,0.16,24971000.0,0.3381771398,187105000.0,128372000.0,73794000.0,39184000.0,58733000.0,0.0,-19866000.0,593986596.4499999,592309596.4499999,4.354804999741674,1.8832686810943242,0.06146281499692686,0.0895833982488393,0.037649258668166145,4.354804999741674,0.04017231171906646,8.044238846830986,28.79516174374636,4.627072854282865,1.0455691293387628,0.0,0.009077645913604184,0.3946447182063547,1.7877705185790118,0.027562064081665377,80.17095376569037,0.3381771397616468,-0.5555555555555556,1.0333838777542157,0.32463428803969385,0.261154097423203,-0.035943170411551234,-0.5523826056765906,-0.45661775181649805,0.6450209289647032,0.07157936024954248,0.2626409656422671,Information Technology Services,Technology,HCKT
2018Q2,2018,Q2,2018-08-08,2018-06-29,11521000.0,75649000.0,14038000.0,0.36,25902000.0,0.3423971236,185916000.0,121632000.0,73325000.0,42472000.0,64284000.0,0.0,-25023000.0,472940100.0,473170100.0,4.132925586136595,1.7264315313618384,0.07261343832698638,0.11099052880820837,0.08635231399417528,4.132925586136595,0.09472013943699027,6.251769355840791,10.262566183491016,3.8882867995264405,0.0,0.0,0.0,0.40689881451838467,1.6491570917310228,0.06196884614557112,-91.51317724458204,0.3423971235574826,0.5652173913043477,3.079317870019564,0.3310775000848162,0.2603901834445951,0.0530980647259717,0.5638658884213384,0.6872596153846153,2.0458207713190184,0.11179835949639517,0.2775865956598405,Information Technology Services,Technology,HCKT
2018Q1,2018,Q1,2018-05-09,2018-03-30,7367000.0,72733000.0,8320000.0,0.23,24596000.0,0.3381683692,191049000.0,115384000.0,79065000.0,48423000.0,75665000.0,0.0,-31153000.0,467169339.99999994,462503339.99999994,3.9665853071607824,1.6327984635400532,0.0994509262021785,0.16466754489357277,0.05602587880685312,3.9665853071607824,0.06384767385426056,6.4230726080321165,15.85344577168454,4.048822540386881,0.632007601465997,0.0,0.009966407470147763,0.3807033797612131,1.5614274208537264,0.03856078807007626,31.480413746630724,0.33816836924092225,-0.20689655172413784,2.9181146403182145,0.393603088121387,0.24863142600555357,-0.02805658737058405,-0.2196801186315009,-0.023474178403755867,1.4062948480047663,0.17081819370420204,0.2555583073799266,Information Technology Services,Technology,HCKT
2017Q4,2017,Q4,2018-03-09,2017-12-29,9441000.0,69401000.0,8520000.0,0.29,25306000.0,0.3646345154,185231000.0,107275000.0,75285000.0,51448000.0,77956000.0,0.0,-38515000.0,451426850.0,452914850.0,3.733252131546894,1.4633221893951174,0.10257462303826033,0.17711489163365182,0.07640651892616862,3.733252131546894,0.08800745746912142,6.504615927724385,11.95389392013558,4.208127243066884,0.0,0.0,0.0,0.3746727059725424,1.4145156274296378,0.050968790321274514,75.74276006711409,0.3646345153528047,0.7058823529411762,0.45516544670880865,0.2511636882488128,0.16652798430902305,0.07024740960033833,0.7850255246738513,0.08204216408432817,0.9790985236678407,0.1309767596452506,0.17488423264935837,Information Technology Services,Technology,HCKT
2017Q3,2017,Q3,2017-11-08,2017-09-29,5289000.0,71462000.0,7874000.0,0.17,23645000.0,0.3308751504,182174000.0,98079000.0,74675000.0,44568000.0,84095000.0,0.0,-43301000.0,436940350.0,442714350.0,3.4096645228576397,1.6755295279124036,0.12076366550660357,0.22430897541777547,0.045099899609869966,3.4096645228576397,0.05392591686293702,6.114303406005989,20.653259122707507,4.454983737599282,0.8786159954622802,0.0,0.010635318985760872,0.3922733211105866,1.610527732902531,0.029032683039292104,54.67221596596597,0.330875150429599,0.13333333333333347,1.0508121645050534,0.24600466306239807,0.11536117042398632,-0.03544913110875418,0.11347368421052631,0.21813118811881188,0.4622256395377457,0.1738929678962793,0.0786944441232074,Information Technology Services,Technology,HCKT
2017Q2,2017,Q2,2017-08-09,2017-06-30,4750000.0,73570000.0,6464000.0,0.15,24514000.0,0.33320647,174926000.0,91847000.0,68002000.0,45238000.0,83079000.0,0.0,-48590000.0,450135500.0,455716500.0,3.162666574842464,1.5032052699058314,0.11433406126019002,0.217753437782399,0.043319846640236984,3.162666574842464,0.05171644147331976,6.118465407095283,23.691342105263157,4.900927629644953,0.0,0.0,0.0,0.420577844345609,1.4319819620672887,0.02715433954929513,160.8775911365261,0.33320647002854425,-0.375,0.2459627837044341,0.21076945739760325,0.09289064519219657,0.04425985090521832,-0.396748793497587,-0.18834756403817177,0.36210552235873905,0.20080590108782226,0.028953760125083675,Information Technology Services,Technology,HCKT
2017Q1,2017,Q1,2017-05-10,2017-03-31,7874000.0,71429000.0,7964000.0,0.24,23475000.0,0.3286480281,160757000.0,96026000.0,69587000.0,45808000.0,64731000.0,0.0,-48707000.0,562636345.5,554586345.5,3.326387914625043,1.519101466992665,0.0559851203991117,0.09372461624976569,0.07496211698001064,3.326387914625043,0.081998625372295,7.876861575830545,17.863739697104393,5.859208396684231,0.5109220218440437,0.0,0.007150266832521932,0.44432901833201666,1.4616660845267202,0.048980759780289505,173.54606585441087,0.3286480281118313,0.26315789473684204,1.9741796844506758,0.6717757459028786,0.5989240504462555,-0.05170672591395677,0.2648995983935743,-0.17625155151013652,4.882086493425365,0.31231502266736383,0.11440883656098992,Information Technology Services,Technology,HCKT
2016Q4,2016,Q4,2017-03-10,2016-12-30,6225000.0,70052000.0,9668000.0,0.19,24755000.0,0.353380346,159299000.0,86269000.0,68813000.0,55814000.0,73030000.0,0.0,-56581000.0,504634500.0,491924500.0,3.0190376202974627,1.23289855591787,0.043942523179680976,0.08114154563052776,0.06743294429477764,3.0190376202974627,0.07215801736429077,7.2037129560897615,20.26644578313253,5.849546186926938,0.0,0.0,0.0,0.4397516619690017,1.2023685813595155,0.03907745811335916,46.01810140434069,0.3533803460286644,0.11764705882352934,-0.11278669862955455,0.7433652668180036,-0.08497996822321545,0.000646752091838797,0.1342930029154519,0.0733873653824803,4.361836922126028,0.3833221242751848,-0.03822772298349799,Information Technology Services,Technology,HCKT
2016Q3,2016,Q3,2016-11-09,2016-09-30,5488000.0,74118000.0,9007000.0,0.17,24739000.0,0.3337785693,155065000.0,82882000.0,64545000.0,48898000.0,72183000.0,0.0,-58783000.0,472125080.0,470337080.0,2.900101473109626,1.3199926377356948,0.0810756779415084,0.15168552882411138,0.05838166994926447,2.900101473109626,0.06621461837310876,6.369911222644972,21.507155612244897,5.696352404623441,0.7223032069970845,0.0,0.008396080123513032,0.47798020185083673,1.2741625424352734,0.035391609970012575,38.62279777486911,0.3337785693084001,0.0,0.7534034198838827,0.7763974826812431,-0.055931956084679726,-0.0037852857085330003,0.007712082262210797,0.04271822181060431,1.2319831582391578,0.3714581588292943,-0.16012890221898976,Information Technology Services,Technology,HCKT
2016Q2,2016,Q2,2016-08-10,2016-07-01,5446000.0,75613000.0,8638000.0,0.17,24833000.0,0.3284223612,156271000.0,76713000.0,65385000.0,46738000.0,79558000.0,0.0,-64263000.0,404138230.20000005,410069230.20000005,2.6194982827437543,1.3989687192434421,0.13789506690300823,0.2809041492315514,0.0561381434089962,2.6194982827437543,0.07099187882106031,5.344824702101491,18.552067122658833,5.268184404207892,0.0,0.0,0.0,0.4838581694620243,1.350592665497026,0.03484971619814297,62.453752155771916,0.3284223612341793,0.30769230769230776,0.6900975689519364,0.7568533060263231,-0.11446348106990673,0.1132379970412875,0.24281150159744408,0.1930939226519337,0.9378244066535845,0.33701424215446507,-0.20114943946849884,Information Technology Services,Technology,HCKT
2016Q1,2016,Q1,2016-05-11,2016-04-01,4382000.0,68778000.0,7240000.0,0.13,22307000.0,0.3243333624,154214000.0,100265000.0,62130000.0,43082000.0,53949000.0,0.0,-65752000.0,451036493.49,438387493.49,3.3544931991928606,1.4421336056821874,0.0,0.0,0.04395308953013645,3.3544931991928606,0.043704183912631527,6.557859976882143,25.732342166248287,4.498444058145913,0.7300319488817891,0.0,0.007092552478951297,0.44599063638839537,1.3875864630240007,0.028415059592514297,9204.826397755101,0.3243333624123993,0.08333333333333341,0.7805041466361904,0.7588522939398107,0.16778802076892427,-0.05674658547930145,0.08064118372379778,0.14957129247380122,1.2681156305145884,0.28251806431567367,0.05595248872441166,Information Technology Services,Technology,HCKT
2015Q4,2015,Q4,2016-03-16,2016-01-01,4055000.0,66354000.0,6298000.0,0.12,23649000.0,0.3564065467,160379000.0,102144000.0,67487000.0,50112000.0,58235000.0,0.0,-70134000.0,477680750.0,454177750.0,3.436299411269975,1.3467233397190295,0.0,0.0,0.04008712495424067,3.436299411269975,0.03969885651629073,7.198974440124182,29.45010789149199,4.676542430294486,0.0,0.0,0.0,0.4137324712088241,1.3080499680715199,0.02528385885932697,29.15887864729581,0.356406546704042,0.1999999999999999,0.9586938286970338,0.9765827508899438,0.3066677203221928,0.06825368145270576,0.32603008502289077,0.2741250252882865,-0.3958085533168716,0.15639139151376136,0.07373927194413349,Information Technology Services,Technology,HCKT
2015Q3,2015,Q3,2015-11-12,2015-10-02,3058000.0,67217000.0,4943000.0,0.1,22138000.0,0.3293512058,156894000.0,99175000.0,62948000.0,40180000.0,57719000.0,0.0,-70991000.0,399982050.0,392907050.0,3.4489653973222048,1.566650074664012,0.05903986130763445,0.09340055457524578,0.02878868365318711,3.4489653973222048,0.030834383665238215,5.950608477022182,32.69964437540876,4.033093521552811,0.0,0.0,0.0,0.4284230117149158,1.5015181682429068,0.019490866444860862,34.15730572160547,0.32935120579615274,-0.1666666666666666,0.05010591101188752,0.8124091405008452,0.2490453087845679,0.014992435009857412,-0.17149823895963154,-0.18284013886592826,0.1861532559225038,0.17239682270222606,0.1282171769453392,Information Technology Services,Technology,HCKT
2015Q2,2015,Q2,2015-08-12,2015-07-03,3691000.0,66395000.0,6049000.0,0.12,21811000.0,0.3285036524,160389000.0,92900000.0,65626000.0,43726000.0,67489000.0,0.0,-74048000.0,382231548.82,384277548.82,3.234947517590419,1.500846178475049,0.1138669110724551,0.19658772874058128,0.033812783672449206,3.234947517590419,0.039730893433799784,5.75693273318774,25.889430291248985,4.114440783853606,0.0,0.0,0.0,0.4139623041480401,1.3909801948497462,0.023012800129684704,46.53982087178863,0.32850365238346263,0.1999999999999999,0.17970269825881524,0.7483480147075684,0.22051992427224867,0.09279021995089934,0.22828618968386025,0.3050701186623517,-0.02091905579999325,0.10499208773068702,0.11786803825135822,Information Technology Services,Technology,HCKT
2015Q1,2015,Q1,2015-05-13,2015-04-03,3005000.0,60974000.0,4635000.0,0.1,19959000.0,0.3273362417,152273000.0,90201000.0,57845000.0,38414000.0,62072000.0,0.0,-74672000.0,264959451.2,272402451.2,3.15922031167009,1.5058312073723121,0.11993590459240969,0.20247003913482112,0.028555233163752476,3.15922031167009,0.03331448653562599,4.345449719552596,22.04321557404326,2.9374336337734612,0.0,0.0,0.0,0.40042555147662423,1.38116311761337,0.019734293013206543,-84.65158185303514,0.32733624167678027,-0.375,0.5461830620182336,0.8114480084653349,0.246231575801227,0.15590432617130942,-0.3594116393093157,0.10858646256876345,0.1476270435621084,0.44288806666495756,0.5185701327191784,Information Technology Services,Technology,HCKT
2014Q4,2014,Q4,2015-03-18,2015-01-02,4691000.0,60343000.0,4181000.0,0.16,17267000.0,0.2861475233,152786000.0,89788000.0,57056000.0,38810000.0,62998000.0,0.0,-77677000.0,245835899.99999997,249490899.99999997,3.177548925929858,1.4701365627415615,0.11953320330396765,0.20340134539136634,0.04515343109350749,3.177548925929858,0.052245288902748696,4.073975440399051,13.101465572372629,2.737959415512095,0.0,0.0,0.0,0.3949511080858194,1.3406080906982736,0.030703074889060517,15.056093826555609,0.2861475233249921,0.3333333333333334,1.7499114576360277,1.407657411137501,0.26032123156257964,-0.15696709305731862,0.3063213589529379,-0.17355208539237002,-0.3238947490338646,0.518640351940428,-0.03693783090713816,Information Technology Services,Technology,HCKT
2014Q3,2014,Q3,2014-11-05,2014-09-26,3591000.0,60437000.0,5059000.0,0.12,20482000.0,0.338898357,160816000.0,90268000.0,60177000.0,43659000.0,70548000.0,0.0,-78860000.0,173629770.24,190106770.24,3.1609178497522614,1.3783412354840927,0.16807407223161874,0.2994305844817654,0.031685603446771085,3.1609178497522614,0.03978153941596136,2.8729051779539025,12.087842539682539,1.9234919377852617,0.0,0.0,0.0,0.3758145955626306,1.2595341166769738,0.022329867674858225,35.11929009708738,0.3388983569667588,0.0,4.802045770867267,1.3433737848002585,0.2352148746849723,-0.007991475759190196,0.03338129496402878,0.006565857540787903,0.14817891918677803,0.4495919644667587,0.028971420159626837,Information Technology Services,Technology,HCKT
2014Q2,2014,Q2,2014-08-06,2014-06-27,3475000.0,61052000.0,5026000.0,0.12,20647000.0,0.3381871192,162325000.0,88949000.0,60709000.0,43560000.0,73376000.0,0.0,-82451000.0,174502170.0,193410170.0,3.0736722070562217,1.3936868686868686,0.18304635761589405,0.3340453518308244,0.030278894040768795,3.0736722070562217,0.03906733071760222,2.8582547664286184,12.554112949640288,1.9618227298789195,0.0,0.0,0.0,0.37610965655321116,1.255050505050505,0.021407669798244263,2390.440684931507,0.33818711917709493,2.751824817518248,27.43948693804209,1.3094573395312297,0.20758236857907006,0.27726569749458707,2.698435972629521,1.6122661122661122,0.0913304628482397,0.4355101100275512,0.03907263635148614,Information Technology Services,Technology,HCKT
2014Q1,2014,Q1,2014-05-07,2014-03-28,-2046000.0,54905000.0,1924000.0,-0.0685,16165000.0,0.2944176305,157601000.0,86920000.0,55853000.0,41437000.0,70681000.0,0.0,-85926000.0,175011200.0,191042200.0,2.98489010989011,1.347901633805536,0.1822640719284776,0.33047630004601936,0.01887939660425873,2.98489010989011,-0.023538886332259548,3.1875275475821874,-21.38455522971652,2.0134744592728944,0.0,0.0,0.0,0.34837976916390123,1.1971185172671768,-0.012982151128482687,-20.760521945432977,0.29441763045259994,-2.7125000000000004,-4.219360191358105,0.8342765760690619,0.22790936858753874,0.0026671628830169953,-2.6965174129353233,-0.19699499165275458,-1.8533109473934544,0.4411951581060535,0.039119386046161164,Information Technology Services,Technology,HCKT
2013Q4,2013,Q4,2014-03-12,2013-12-27,1206000.0,52604000.0,2396000.0,0.04,16122000.0,0.3064785948,150318000.0,93176000.0,59623000.0,33726000.0,57142000.0,0.0,-83880000.0,184331430.0,185161430.0,3.1390358117440957,1.7678645555357884,0.1265916257534028,0.2042264102343951,0.011265375839427761,3.1390358117440957,0.012943247188117112,3.5041333358679947,38.211324626865675,1.9783144801236372,0.0,0.0,0.0,0.3499514362884019,1.548063808337781,0.008022991258531913,12.472523851410786,0.3064785947836666,-0.5,-0.7032598198793982,0.4463245412806992,0.3299214726758476,-0.10463178940353215,-0.542314990512334,-0.4920500317998728,-0.41663942445211083,0.5692087927053229,0.19363195031526628,Information Technology Services,Technology,HCKT
2013Q3,2013,Q3,2013-11-06,2013-09-27,2635000.0,57916000.0,4717000.0,0.08,18006000.0,0.3108985427,150142000.0,105756000.0,59528000.0,26683000.0,44386000.0,0.0,-81990000.0,214082730.0,214257730.0,3.4530316387501223,2.230933553198666,0.1000785922659882,0.1420817731381671,0.022790550050638476,3.4530316387501223,0.02491584401830629,3.6964350093238485,20.311454459203038,2.0243081243617387,0.0,0.0,0.0,0.3857414980485141,1.9569763519844094,0.017550052616856042,61.87362138728324,0.3108985427170385,-0.11111111111111106,-0.2575288633225636,0.5008644671547953,0.43965078994492385,-0.05121719886184003,-0.10068259385665529,-0.07236971484759096,-0.15045741232492188,0.46617088567325454,0.25051790105350435,Information Technology Services,Technology,HCKT
2013Q2,2013,Q2,2013-08-07,2013-06-28,2930000.0,58961000.0,5085000.0,0.09,18978000.0,0.321873781,143710000.0,100117000.0,53627000.0,27901000.0,43593000.0,0.0,-84625000.0,158461080.0,162676080.0,3.2790842394864406,1.9220458048098634,0.10455778999373738,0.15008440125053688,0.026072144940536314,3.2790842394864406,0.02926575906189758,2.6875575380336154,13.520569965870308,1.5827589720027568,0.0,0.0,0.0,0.41027764247442766,1.6634529228343071,0.02038828195671839,30.72737638161722,0.3218737809738641,0.5,-0.02680255943189788,0.599015754029761,0.3517719052600914,0.1276962386356884,0.4964249233912155,0.44091810711249646,-0.1191755345310809,0.460328534181364,0.23717235778878465,Information Technology Services,Technology,HCKT
2013Q1,2013,Q1,2013-05-08,2013-03-29,1958000.0,54349000.0,3529000.0,0.06,16829000.0,0.3096469116,142986000.0,96230000.0,52002000.0,26230000.0,46756000.0,0.0,-87555000.0,138434440.0,147623440.0,3.1767463356661825,1.9825390773922988,0.14355251563090093,0.21330146523953028,0.018101355421571007,3.1767463356661825,0.020347085108593992,2.5471386778045595,17.675490296220634,1.438578821573314,0.0,0.0,0.0,0.38010014966500216,1.7207396111322912,0.013693648329207055,-114.88335269709543,0.3096469116267089,-0.7142857142857143,-0.26947462008605716,0.7498458342299346,0.40087452510347715,-0.08363735366185679,-0.7070178063743827,-0.13905830690412296,-0.05041769377515232,0.5218653742504644,0.2531451438172018,Information Technology Services,Technology,HCKT
2012Q4,2012,Q4,2013-03-13,2012-12-28,6683000.0,57137000.0,4099000.0,0.21,18365000.0,0.3214204456,153921000.0,94726000.0,60851000.0,37090000.0,59195000.0,0.0,-89513000.0,118396000.0,126490000.0,3.2003108213115308,1.640630897816123,0.1624209821921635,0.2639190929628613,0.058071719342922684,3.2003108213115308,0.07055085193083209,2.072142394595446,4.428998952566213,1.249878597217237,0.0,0.0,0.0,0.37120990638054585,1.449851712051766,0.04341837695960915,13.87832610479428,0.32142044559567357,1.625,0.5624900593116471,0.873606350199181,0.4110398049417964,-0.027535080751919513,1.5352807283763277,-0.10521720148439205,2.0199174685227748,1.1763775617524583,0.2693493537689855,Information Technology Services,Technology,HCKT
2012Q3,2012,Q3,2012-11-07,2012-09-28,2636000.0,58621000.0,4581000.0,0.08,18885000.0,0.3221541768,149824000.0,89879000.0,58468000.0,34829000.0,59945000.0,0.0,-93113000.0,122896179.99999999,136362180.0,3.0570048637801435,1.6787160125183036,0.1868859461768475,0.31152994581604154,0.01886884364399332,3.0570048637801435,0.029328319184681626,2.096453148189215,11.655555766312595,1.367351439157089,0.0,0.0,0.0,0.39126575181546347,1.4647563811766058,0.017593976932934643,27.950006822833746,0.32215417683082853,-0.3333333333333333,0.10368388583707416,0.8835463707599024,0.39774848215595165,-0.0371182379034314,-0.31443433029908974,0.020267260579064587,3.136848920038067,1.2077525780429226,0.1946080408326623,Information Technology Services,Technology,HCKT
2012Q2,2012,Q2,2012-08-07,2012-06-29,3845000.0,61284000.0,4490000.0,0.12,19613000.0,0.320034593,150877000.0,84761000.0,59980000.0,38877000.0,66116000.0,0.0,-95751000.0,163145300.0,181339300.0,2.89385455786958,1.542814517581089,0.21209329453793488,0.3775321197248735,0.027299990195340653,2.89385455786958,0.04536284376069183,2.662118987011292,10.607626788036413,1.9247684666297,0.0,0.0,0.0,0.40618517070196253,1.3088458471589886,0.025484334921823736,18.257083706356312,0.32003459304222964,0.3333333333333333,3.045231399966917,1.0555858577414343,0.33284836058943695,0.06355403719971801,0.08831021794508916,0.2271112325772069,30.090480966200065,1.290452558640147,0.13693572570718973,Information Technology Services,Technology,HCKT
2012Q1,2012,Q1,2012-05-09,2012-03-30,3533000.0,57018000.0,3659000.0,0.09,18441000.0,0.3234241818,148109000.0,80145000.0,57322000.0,31170000.0,67964000.0,0.0,-99596000.0,229988280.0,257194280.0,2.0803914442944658,1.8390118703881937,0.27007136635856027,0.49909538960633854,0.02217032115112584,2.0803914442944658,0.04408260028697985,4.03360833421025,16.274290970846305,2.8696522552872916,0.0,0.0,0.0,0.38497322917580973,1.5395893487327559,0.023854053433619835,-48.276297229219146,0.32342418183731453,-0.6086956521739131,2.756436479578038,0.6619686186044825,-0.03267047317171407,-0.02505947660586836,-0.6355101619725575,-0.22822189411516558,3.202111520592584,0.4398753615140247,-0.1441788304653596,Information Technology Services,Technology,HCKT
2011Q4,2011,Q4,2012-02-24,2011-12-30,9693000.0,55511000.0,4741000.0,0.23,18915000.0,0.3407432761,167426000.0,130248000.0,77464000.0,35451000.0,37178000.0,0.0,-103129000.0,147640240.0,114704240.0,3.299422433883879,2.185100561338185,0.0,0.0,0.07427856332373221,3.299422433883879,0.07441956882255389,2.659657365206896,3.807908800165068,1.1335317240955716,0.0,0.0,0.0,0.33155543344522354,1.9222306846069221,0.05789423387048607,9.135588144298001,0.34074327610743815,1.3,8.768803619825677,0.6420846932833532,0.4939642689811927,0.004247411733474914,1.2303267372296365,0.0509864774994458,0.7933370155646902,0.14762681975848552,0.3978727881452724,Information Technology Services,Technology,HCKT
2011Q3,2011,Q3,2011-11-09,2011-09-30,4346000.0,57935000.0,4511000.0,0.1,18835000.0,0.3251057219,152454000.0,121903000.0,61466000.0,27954000.0,30551000.0,0.0,-112822000.0,148017590.0,129988590.0,3.0719199657283975,2.198826643771911,0.0,0.0,0.03556457289112159,3.0719199657283975,0.03565129652264505,2.554890653318374,8.514587551771745,1.2142243423049475,0.0,0.0,0.0,0.38001626720191006,2.022537025112685,0.02850695947630105,161.76785792349727,0.32510572192974885,0.0,9.39239482411856,0.5045962132893631,0.39857642811102384,-0.037409924873511524,-0.01294571882807177,0.0017765933821896514,-0.05487633151048203,0.15873437045721137,0.2807562941732152,Information Technology Services,Technology,HCKT
2011Q2,2011,Q2,2011-08-10,2011-07-01,4403000.0,58809000.0,4503000.0,0.1,19567000.0,0.3327211821,151666000.0,118371000.0,60238000.0,30671000.0,33295000.0,0.0,-117167000.0,203281280.0,185406280.0,2.958091763294682,1.9640050862378142,0.0,0.0,0.037097749232655,2.958091763294682,0.0371966106563263,3.456635548980598,11.542203043379514,1.717323330883409,0.0,0.0,0.0,0.3877533527619902,1.7904861269603207,0.029030896839106986,42.25343587611723,0.3327211821319866,0.25000000000000006,1.2902252112214816,0.3385588055985052,0.31415120833827914,0.17188716535904652,0.3234144875263,0.2917383820998279,0.11584430832306637,0.2168954739896303,0.2194457497161749,Information Technology Services,Technology,HCKT
2011Q1,2011,Q1,2011-05-10,2011-04-01,3327000.0,52862000.0,3486000.0,0.08,16697000.0,0.3158601642,145714000.0,116067000.0,55658000.0,26986000.0,29647000.0,0.0,-121570000.0,154754980.0,138331980.0,2.8725189328317575,2.0624768398428817,0.0,0.0,0.028656257891688887,2.8725189328317575,0.028664478275478817,2.9275279028413603,11.628718064322213,1.3333245453057287,0.0,0.0,0.0,0.36277914270420136,1.8866078707477951,0.022832397710583745,-23.76823529411765,0.31586016420112745,0.14942528735632193,1.6156498190993263,0.1687826965721776,0.32106196127896885,0.027697421062349972,0.10936978992997666,0.1909805261359754,-0.06941186528504124,0.2759507435046842,0.2667170024570346,Information Technology Services,Technology,HCKT
2010Q4,2010,Q4,2011-03-10,2010-12-31,2999000.0,48630000.0,2927000.0,0.0696,16247000.0,0.3340941805,150801000.0,113240000.0,61973000.0,34730000.0,37561000.0,0.0,-124898000.0,151140600.0,125803600.0,2.6298188574082677,1.784422689317593,0.0,0.0,0.026438411723064124,2.6298188574082677,0.02648357470858354,3.1079703886489822,12.599249749916638,1.334692688096079,0.0,0.0,0.0,0.3224779676527344,1.6388424992801613,0.019887136026949425,34.736980004596646,0.3340941805469875,-0.3040000000000001,12.391154461474946,0.11468876037966905,0.1511746470445581,-0.10725864058464751,-0.2697832968103238,-0.25217169136433315,-0.5180241467388962,0.0961454831477926,0.15950584014489333,Information Technology Services,Technology,HCKT
2010Q3,2010,Q3,2010-11-10,2010-10-01,4107000.0,52305000.0,3914000.0,0.1,18199000.0,0.3479399675,145600000.0,111981000.0,55742000.0,31808000.0,33619000.0,0.0,-127877000.0,166676940.0,143410940.0,2.761281254623465,1.752452213279678,0.0,0.0,0.03661038874319366,2.761281254623465,0.03667586465561122,3.186634929739031,10.145905770635501,1.48843946740965,0.0,0.0,0.0,0.35923763736263736,1.6777540241448692,0.02820741758241758,23.31798265249021,0.3479399674983271,0.0,1.1106182457912819,0.41572353759079417,0.2152925385928616,-0.02470525187566988,-0.07144472077775266,0.04317697228144989,0.24667256984902988,0.2184135089282225,0.26253534241455706,Information Technology Services,Technology,HCKT
2010Q2,2010,Q2,2010-08-11,2010-07-02,4423000.0,53685000.0,3752000.0,0.1,18660000.0,0.3475831238,140587000.0,107601000.0,51827000.0,30737000.0,32986000.0,0.0,-131984000.0,115701450.0,98321450.0,2.650466783259847,1.6861437355630022,0.0,0.0,0.03397094347623892,2.650466783259847,0.04110556593340211,2.1551913942442025,6.539760908885372,1.0752822929154933,0.0,0.0,0.0,0.3818631879192244,1.6049712073396882,0.03146094589115637,26.610269089236432,0.3475831237775915,0.4285714285714285,2.7775439411196325,0.3568275325302239,0.15810573613990678,0.2356797563075293,0.639362490733877,1.0182894029047875,2.3572941593104724,0.29917275585164416,0.2207490861134893,Information Technology Services,Technology,HCKT
2010Q1,2010,Q1,2010-05-12,2010-04-02,2698000.0,46728000.0,1859000.0,0.07,15101000.0,0.3231681219,138648000.0,100478000.0,49593000.0,35688000.0,38170000.0,0.0,-136407000.0,115340760.0,100207760.0,2.535018669896054,1.3896267652992602,0.0,0.0,0.017776786221122293,2.535018669896054,0.02685164911721969,2.468343605546995,10.687616753150483,1.1479205398196621,0.0,0.0,0.0,0.3370261381339796,1.3277852499439589,0.019459350297155387,554.5228846153847,0.32316812189693545,1.3181818181818183,3.0677398945791317,0.3888984628857689,0.12099473701927754,0.7498261877172654,1.3127390749971022,1.5341954022988507,2.303683925777613,0.32382197874267193,0.17871971506931858,Information Technology Services,Technology,HCKT
2009Q4,2009,Q4,2010-03-17,2010-01-01,-8627000.0,34565000.0,-3480000.0,-0.22,8630000.0,0.2496745263,136535000.0,98252000.0,46340000.0,34905000.0,38283000.0,0.0,-139125000.0,108336599.99999999,93332599.99999999,2.5212214523992813,1.3276034952012605,0.0,0.0,-0.034301841359848456,2.5212214523992813,-0.08780482840043968,3.1342861275857077,-3.13946331285499,1.1026401498188332,0.0,0.0,0.0,0.25315853077965356,1.2507377166595044,-0.06318526385175963,-26.061246090930958,0.2496745262548821,-12.0,-13.544061642078029,0.2631037870573771,0.21094578942325315,-0.2339103417665335,-11.572303921568627,-5.405063291139241,-6.004198785876126,0.035752040547019526,0.14159821591549404,Information Technology Services,Technology,HCKT
2009Q3,2009,Q3,2009-11-12,2009-10-02,816000.0,34003000.0,790000.0,0.02,11265000.0,0.3312942976,119219000.0,96349000.0,46279000.0,21886000.0,22870000.0,0.0,-130501000.0,104669780.0,81497780.0,2.559002416934477,2.114548112948917,0.0,0.0,0.008405372616541487,2.559002416934477,0.008469210889578511,3.0782513307649326,32.06794730392157,1.0863608340512096,0.0,0.0,0.0,0.2852146050545635,1.9819062414328794,0.006844546590727988,154.38020648967552,0.3312942975619798,3.7619047619047623,0.1546515738696712,0.06774757708080567,0.10469949852422038,0.023997818380147258,4.1,2.761904761904762,1.0565726518105556,-0.06926901943759697,0.16505654435403685,Information Technology Services,Technology,HCKT
2009Q2,2009,Q2,2009-08-12,2009-07-03,160000.0,34616000.0,210000.0,0.0042,11001000.0,0.3178010169,122198000.0,96452000.0,48971000.0,24546000.0,25746000.0,0.0,-131314000.0,93977120.0,71461120.0,2.54531060326173,1.9950704799152612,0.0,0.0,0.0018729021823323787,2.54531060326173,0.0016588562186372496,2.7148463138433097,146.83925,0.974340812010119,0.0,0.0,0.0,0.2832779587227287,1.8501996251935142,0.0013093503985335275,-47.704121827411164,0.3178010168708112,-0.79,1.1191417157015404,0.08105909302272696,0.10329231657401451,-0.19794400699912512,-0.8092967818831943,-0.7605473204104903,-0.9121154138527817,-0.16797999884549322,0.1307705347000822,Information Technology Services,Technology,HCKT
2009Q1,2009,Q1,2009-05-13,2009-04-03,839000.0,39516000.0,877000.0,0.02,13716000.0,0.3470999089,122003000.0,93450000.0,50413000.0,27065000.0,28553000.0,0.0,-131473000.0,96107500.0,71702500.0,2.4308716801498322,1.862663957140218,0.0,0.0,0.008729225465317545,2.4308716801498322,0.008978063135366506,2.4321161048689137,28.637514898688917,1.0284376672017121,0.0,0.0,0.0,0.32389367474570296,1.73766857565121,0.006876880076719425,-15.556409841372613,0.3470999088976617,-0.8571428571428571,0.011669165385699322,0.3131218015643487,0.009616061585866538,-0.3076923076923077,-0.8459985315712188,-0.84356047092401,1.1631817190907852,-0.08168485322546123,0.11794984976146934,Information Technology Services,Technology,HCKT
2008Q4,2008,Q4,2009-03-18,2009-01-02,5448000.0,48755000.0,5606000.0,0.14,19812000.0,0.4063583222,133664000.0,93917000.0,62289000.0,37988000.0,39747000.0,0.0,-132313000.0,114197300.0,82137300.0,2.3603166624780094,1.6397020111614193,0.0,0.0,0.05745404197733492,2.3603166624780094,0.058008667227445514,2.3422684852835607,5.240331314243758,1.2159385414781139,0.0,0.0,0.0,0.3647579004069907,1.5601768979677793,0.04075891788364855,10.6806303778526,0.4063583222233617,0.2727272727272728,5.429518204452104,0.9169131624293001,0.09431130291539967,-0.052012057993205414,0.17515099223468508,0.20559139784946237,23.393834296724474,0.20939619981052154,0.03320298779791146,Information Technology Services,Technology,HCKT
2008Q3,2008,Q3,2008-11-05,2008-09-26,4636000.0,50408000.0,4650000.0,0.11,20899000.0,0.4145968894,135883000.0,95960000.0,60848000.0,37149000.0,39923000.0,0.0,-137761000.0,224444880.0,200811880.0,2.398520295940812,1.637944493795257,0.0,0.0,0.047205264573624166,2.398520295940812,0.04831179658190913,4.452564672274242,12.103369283865401,2.33894205919133,0.0,0.0,0.0,0.3709661988622565,1.533392554308326,0.034117586453051525,17.936935986573964,0.41459688938263767,0.09999999999999995,3.538696137424497,0.7015690124020278,0.03756634629792079,0.07966110450999639,0.15639810426540285,0.18622448979591838,1.4149896171691145,0.3829980510584546,0.05563452272010386,Information Technology Services,Technology,HCKT
2008Q2,2008,Q2,2008-08-06,2008-06-27,4009000.0,49100000.0,3920000.0,0.1,19357000.0,0.3942362525,135122000.0,98622000.0,58427000.0,33441000.0,36500000.0,0.0,-142398000.0,226453920.0,210259920.0,2.425767414403778,1.7471666517149607,0.0,0.0,0.039520988104975445,2.425767414403778,0.040650159193689035,4.612096130346232,14.121596408081817,2.2961805682302123,0.0,0.0,0.0,0.3633753200811119,1.6380191979904908,0.029669483873832538,-104.54936288088642,0.39423625254582484,0.11111111111111122,1.7481584488443758,0.737941078376098,0.0756876144683277,0.18718184605949095,0.059740946338884486,0.052914316411496104,2.4189908275752536,0.23914599135331632,0.059924680024510006,Information Technology Services,Technology,HCKT
2008Q1,2008,Q1,2008-05-07,2008-03-28,3783000.0,43838000.0,3723000.0,0.09,16305000.0,0.3719375884,136986000.0,96955000.0,59987000.0,36692000.0,40031000.0,0.0,-146406000.0,169737350.0,149549350.0,2.267687989708806,1.6348795377739016,0.0,0.0,0.03734303102743315,2.267687989708806,0.03901810118096024,3.8719227610748668,11.217112741210679,1.7506817595791864,0.0,0.0,0.0,0.3200181040398289,1.5261909953123296,0.02761596075511366,40.01351956624234,0.3719375883936311,-0.3571428571428572,6.133221546440069,0.2904361789508891,-0.04899828639637217,-0.14503696712285669,-0.3991423125794155,-0.4332470695691886,3.6877768682025494,0.20794440153965998,0.0027801104003829643,Information Technology Services,Technology,HCKT
2007Q4,2007,Q4,2008-03-12,2007-12-28,6296000.0,44890000.0,6569000.0,0.14,19071000.0,0.4248384941,135459000.0,98819000.0,58414000.0,33017000.0,36640000.0,0.0,-150189000.0,196936399.99999997,176875399.99999997,2.2680514115216894,1.7692098010116002,0.0,0.0,0.06614936690284443,2.2680514115216894,0.06371244396320545,4.387088438404989,7.819901524777636,1.99290015078072,0.0,0.0,0.0,0.3313917864446069,1.7211739406972166,0.04647900840844831,24.69731627790318,0.4248384940966808,0.7500000000000001,2.168764795171078,0.45892737609814976,-0.05947099772019363,0.0008396746260823931,0.7557166759620747,0.8806183796163756,10.493655619519526,0.46721894918000706,0.08934790490696633,Information Technology Services,Technology,HCKT
2007Q3,2007,Q3,2007-10-31,2007-09-28,3586000.0,46729000.0,3493000.0,0.08,19055000.0,0.4077767553,135586000.0,96547000.0,57744000.0,35023000.0,39039000.0,0.0,-156484000.0,145233760.0,120259760.0,2.1870922435665094,1.6487451103560518,0.0,0.0,0.03508352161633918,2.1870922435665094,0.03714253161672553,3.1080005991996407,10.125052983825992,1.5042804022911123,0.0,0.0,0.0,0.3446447273317304,1.5821031893327242,0.026448158364432907,17.817907005275426,0.4077767553339468,1.6666666666666667,1.1848628825520715,0.1566054562287046,-0.1993135759490016,0.10540665970530223,1.4713990351481736,1.503942652329749,3.3278869771304502,0.2515340756108856,-0.05585094851592774,Information Technology Services,Technology,HCKT
2007Q2,2007,Q2,2007-07-31,2007-06-29,1451000.0,45512000.0,1395000.0,0.03,17238000.0,0.3787572508,135296000.0,97080000.0,58096000.0,33878000.0,38216000.0,0.0,-160071000.0,161861060.0,140996060.0,2.171180640976897,1.714859200661196,0.0,0.0,0.013726318710426075,2.171180640976897,0.014946435929130614,3.5564479697662157,27.887846312887667,1.6672956324680677,0.0,0.0,0.0,0.3363883632923368,1.6462010744435918,0.01072463339640492,-135.56202680067003,0.3787572508349446,1.5747126436781607,1.982129967641915,-0.013332791063444654,-0.3210620861148138,0.17705701604643223,1.6206159110350726,1.5559984057393383,1.915688839043783,0.20457851776413813,-0.05887834827923571,Information Technology Services,Technology,HCKT
2007Q1,2007,Q1,2007-05-08,2007-03-30,-2338000.0,39877000.0,-2509000.0,-0.0522,14645000.0,0.367254307,132100000.0,96302000.0,56345000.0,31227000.0,35798000.0,0.0,-161522000.0,146424060.0,122800060.0,2.150654339184421,1.8043680148589363,0.0,0.0,-0.026822096907624583,2.150654339184421,-0.024277792776889368,3.671892569651679,-15.656978186484176,1.5204674876949598,0.0,0.0,0.0,0.3018697956093868,1.7526499503634676,-0.01769871309613929,36.55118821767349,0.3672543069940066,-0.6518987341772151,-1.594704575315023,-0.11990825126573786,-0.34086013383952174,-0.013804713804713804,-0.6593328601845281,-0.9255564082885649,-3.420324733813782,0.13764586621799071,-0.10676685178787627,Information Technology Services,Technology,HCKT
