Quarters,Year,Quarter,FillingDate,Date,NetIncome,Revenue,OperatingIncome,EPSDiluted,GrossProfit,GrossProfitRatio,TotalAssets,CommonStockEquity,CurrentAssets,CurrentLiability,TotalLiability,Inventory,RetainedEarnings,MarketCap,EnterpriseValue,bookValuePerShare,currentRatio,debtToAssets,debtToEquity,roic,shareholdersEquityPerShare,roe,priceToSalesRatio,peRatio,pbRatio,payoutRatio,inventoryTurnover,dividendYield,assetTurnover,quickRatio,returnOnAssets,priceToFreeCashFlowsRatio,grossProfitMargin,epsdilutedGrowth,fiveYNetIncomeGrowthPerShare,fiveYRevenueGrowthPerShare,fiveYShareholdersEquityGrowthPerShare,grossProfitGrowth,netIncomeGrowth,operatingIncomeGrowth,threeYNetIncomeGrowthPerShare,threeYRevenueGrowthPerShare,threeYShareholdersEquityGrowthPerShare,Industry,Sector,Symbol
2023Q1,2023,Q1,2023-05-02,2023-03-31,59564000.0,250125000.0,74477000.0,1.94,139264000.0,0.5567776112,874021000.0,659250000.0,315886000.0,119650000.0,214771000.0,0.0,2099291000.0,3469507900.0,3439928900.0,21.642428022717574,2.6400835770998747,0.08633774245698903,0.1144649222601441,0.07147228528929125,21.642428022717574,0.09035115661736823,13.871096051974012,14.562100849506415,5.262810618126659,0.0,0.0,0.0,0.2861773344118734,2.5077977434183034,0.06814939229148956,64.05087690149166,0.5567776111944028,-0.15652173913043474,0.2587967825072882,0.4127897874782539,-0.023280756096467053,-0.05777284628864096,-0.161389330817858,-0.17866516685414324,0.2999142726792506,0.7579940075694602,-0.29072116879322313,Education & Training Services,Consumer Defensive,LOPE
2022Q4,2022,Q4,2023-02-16,2022-12-31,71027000.0,258700000.0,90678000.0,2.3,147803000.0,0.5713297256,832749000.0,637619000.0,273273000.0,99706000.0,195130000.0,0.0,2039727000.0,3240486540.0,3197518540.0,20.79034203919267,2.7407879164744346,0.09299440767866428,0.12145340712870853,0.08832832502409572,20.79034203919267,0.11139410839388413,12.52603996907615,11.405826446280992,5.08216746991542,0.0,0.0,0.0,0.3106578332726908,2.6267727117726114,0.0852922068954751,31.984272220303016,0.5713297255508311,1.3958333333333333,0.6063109628636614,0.4713119702793394,-0.0017187742398361511,0.42331766881090865,1.3669354838709677,1.5534467222347375,0.44261415269431637,0.889122037332822,-0.31212245036121283,Education & Training Services,Consumer Defensive,LOPE
2022Q3,2022,Q3,2022-10-27,2022-09-30,30008000.0,208720000.0,35512000.0,0.96,103844000.0,0.4975277884,784544000.0,591556000.0,223233000.0,95587000.0,192988000.0,0.0,1968700000.0,2574589500.0,2614017500.0,18.8983451536643,2.335390795819515,0.10109694293755353,0.13407859949015816,0.03917882089120506,18.8983451536643,0.05072723461515055,12.335135588348026,21.449192715275927,4.352232924693521,0.0,0.0,0.0,0.26603989068809397,2.2288491112808226,0.03824897010237794,-54.82049016267779,0.4975277884246838,0.1999999999999999,0.15408085350617326,0.3356835000703759,-0.023508143538501183,0.08692785145333319,0.17393005242156326,0.04925395183926725,-0.2100045574034972,0.6531096046358332,-0.3446308881963821,Education & Training Services,Consumer Defensive,LOPE
2022Q2,2022,Q2,2022-08-04,2022-06-30,25562000.0,199753000.0,33845000.0,0.8,95539000.0,0.4782856828,787303000.0,606638000.0,249852000.0,103716000.0,180665000.0,0.0,1938692000.0,2995242000.0,2913894000.0,19.076666666666668,2.40900150410737,0.0737365410775775,0.09569628015389738,0.03501724495247963,19.076666666666668,0.04213715593154402,14.99472848968476,29.29389327908614,4.937445395771448,0.0,0.0,0.0,0.25371807296555454,2.2943615257048093,0.032467804644463444,44.401583207329004,0.4782856828182806,-0.5180722891566265,-0.04881938982646351,0.3567548204387693,0.03126515969704691,-0.31910572002793736,-0.5598677640414614,-0.563093009746337,-0.24744914485490493,0.7193571254602218,-0.31252239469541376,Education & Training Services,Consumer Defensive,LOPE
2022Q1,2022,Q1,2022-05-04,2022-03-31,58078000.0,244133000.0,77465000.0,1.66,140314000.0,0.5747440944,918386000.0,706437000.0,380355000.0,132709000.0,211949000.0,0.0,1913130000.0,3380010660.0,3237457660.0,20.296414411308394,2.866082933335343,0.06465690896856006,0.08405561996328052,0.07019500867109525,20.296414411308394,0.08221256814124968,13.844956069027948,14.549444970556838,4.784588944237066,0.0,0.0,0.0,0.2658283118427328,2.760438252115531,0.06323920443038113,53.328452690869504,0.5747440944075566,-0.22790697674418606,0.3951327846131361,0.32106179127883805,0.14796173960052508,-0.09917694944851761,-0.3176365537579453,-0.29685939911046566,0.08667752834830052,0.6958333721834695,-0.23942241605800496,Education & Training Services,Consumer Defensive,LOPE
2021Q4,2021,Q4,2022-02-16,2021-12-31,85113000.0,251376000.0,110170000.0,2.15,155762000.0,0.6196375151,1222745000.0,1045047000.0,681045000.0,97944000.0,177698000.0,0.0,1855052000.0,3391630409.9999995,2851870409.9999995,26.40941598645473,6.953412153883852,0.050035780150399306,0.05854377841379383,0.07377683321621083,26.40941598645473,0.08144418385010435,13.492260239641015,9.962139773007648,3.2454333728530864,0.0,0.0,0.0,0.20558333912631008,6.863912031364862,0.06960813579282679,35.11186303638904,0.6196375151167971,0.9907407407407405,1.08324502574865,0.20656621817184156,0.586232090138055,0.42872080864412687,0.785912123882664,1.4311501456439226,0.3585788488718692,0.7069555493902873,0.03818682633673467,Education & Training Services,Consumer Defensive,LOPE
2021Q3,2021,Q3,2021-11-03,2021-09-30,47658000.0,206767000.0,45316000.0,1.08,109022000.0,0.5272698254557062,1680461000.0,1400776000.0,173397000.0,203842000.0,279685000.0,0.0,1769939000.0,3888887519.9999995,3971474519.9999995,31.683162942187643,0.8506441263331403,0.08544619601406996,0.10250675339954425,0.022491910344219126,31.683162942187643,0.034022570346722104,18.808066664409697,20.399972302656426,2.7762379709532428,0.0,0.0,0.0,0.12304183197348822,0.7984713650768732,0.02836007500322828,-542.6102302218501,0.5272698254557062,-0.009174311926605512,0.7040885716787926,0.02739584438055394,1.0434804467985377,0.02005071155231617,-0.03645296294049857,-0.09815316032478905,0.5224211652742844,0.4344771253738103,0.32710147019601143,Education & Training Services,Consumer Defensive,LOPE
2021Q2,2021,Q2,2021-08-05,2021-06-30,49461000.0,201487000.0,50248000.0,1.09,106879000.0,0.5304510961004928,1846967000.0,1542683000.0,147070000.0,169007000.0,304284000.0,0.0,1722281000.0,4092735300.0,4212013300.0,33.91257419213014,0.8702006425769346,0.10218157660640391,0.12233621554136527,0.0214804152802013,33.91257419213014,0.03206167436861623,20.312651932879046,20.68667889852611,2.652998250450676,0.0,0.0,0.0,0.1090907417403776,0.7992627524303727,0.026779579710953145,36.06728618638466,0.5304510961004928,-0.3550295857988165,0.8106084511013287,0.0652692622682597,1.2933309565794746,-0.2559452535434825,-0.36679383449405983,-0.403414622563104,0.12427862477354992,-0.10965191031950076,0.46721274365369714,Education & Training Services,Consumer Defensive,LOPE
2021Q1,2021,Q1,2021-05-05,2021-03-31,78112000.0,236934000.0,84226000.0,1.69,143644000.0,0.6062616593650553,1885027000.0,1588678000.0,374320000.0,152811000.0,296349000.0,0.0,1672820000.0,4935596400.0,4871838400.0,34.47352660359344,2.4495618770900003,0.08597807882857911,0.10201626761370146,0.036985447868237556,34.47352660359344,0.04916792452592659,20.83110233229507,15.796537023760754,3.1067317606210945,0.0,0.0,0.0,0.12569262933634373,2.3547781246114483,0.04143813324689779,61.064464405018185,0.6062616593650553,-0.09139784946236566,0.7709587497896516,0.0334894387213954,1.4413831477699492,-0.029110989449209534,-0.09962538182237335,-0.1342967561567241,0.09114763486713567,-0.11541041791753937,0.5557846283978147,Education & Training Services,Consumer Defensive,LOPE
2020Q4,2020,Q4,2021-02-17,2020-12-31,86755000.0,238289000.0,97292000.0,1.86,147951000.0,0.6208889205964186,1844579000.0,1574329000.0,333742000.0,118718000.0,270250000.0,0.0,1594708000.0,4317417590.0,4243426590.0,33.95218788414674,2.811216496234775,0.09312585690284883,0.10911188195097721,0.04185037807567699,33.95218788414674,0.05510601659500651,18.11840911666086,12.441408535531092,2.742385860896928,0.0,0.0,0.0,0.1291834071622847,2.7384474131976617,0.047032412274020254,35.62460880256123,0.6208889205964186,0.6756756756756757,1.2598020695051815,0.09547673717174475,1.5612231184327352,0.35215090614975464,0.6668908273450409,0.9062285703089794,0.29769476153888436,-0.10363638406497154,0.6302681155668738,Education & Training Services,Consumer Defensive,LOPE
2020Q3,2020,Q3,2020-11-05,2020-09-30,52046000.0,198384000.0,51039000.0,1.11,109419000.0,0.5515515364142269,1800562000.0,1520983000.0,291757000.0,122663000.0,279579000.0,0.0,1507953000.0,3741831520.0,3752384520.0,32.494082208169544,2.3785249015595573,0.09858199828720145,0.11670281653378112,0.02315439148262924,32.494082208169544,0.0342186599061265,18.861558996693283,17.97367482611536,2.460140264552595,0.0,0.0,0.0,0.11017893302202313,2.2647742187945834,0.028905419530124484,-73.38795222311569,0.5515515364142269,0.1100000000000001,0.5361295530774371,0.009480714635465229,1.5822625345775267,0.08313123014026787,0.10712614337375026,0.056489339681225416,0.33856216175467835,-0.15101867018241077,0.6789939225612935,Education & Training Services,Consumer Defensive,LOPE
2020Q2,2020,Q2,2020-08-04,2020-06-30,47010000.0,185768000.0,48310000.0,1.0,101021000.0,0.5438019465139313,1790284000.0,1489387000.0,222619000.0,150586000.0,300897000.0,0.0,1455907000.0,4245223290.0,4242229290.0,31.761392958437295,1.4783512411512358,0.09469894162043564,0.11383072364670835,0.021372219770144682,31.761392958437295,0.031563321017304434,22.85228505447655,22.57617150606254,2.850315794350293,0.0,0.0,0.0,0.10376454238545393,1.391058929780989,0.026258403694609345,32.88372623898124,0.5438019465139313,-0.32885906040268453,0.7895252121385264,0.04322134406969845,1.6897341983807483,-0.2525765949733277,-0.34145828955662955,-0.40207436011683745,0.18625351270638218,-0.1443462256455289,0.7169885365097062,Education & Training Services,Consumer Defensive,LOPE
2020Q1,2020,Q1,2020-05-07,2020-03-31,71385000.0,221655000.0,80796000.0,1.49,135159000.0,0.609771942884212,1731602000.0,1448008000.0,248324000.0,133084000.0,283594000.0,0.0,1408897000.0,3620104675.0,3623994675.0,30.513286271204297,1.865919269033092,0.07876117029201861,0.09418663432798714,0.03779702931863218,30.513286271204297,0.04929876078032718,16.332158873023392,12.678100003502136,2.500058476886868,0.0,0.0,0.0,0.12800574265910988,1.7554927714826727,0.041224831110151176,45.4912749126643,0.609771942884212,-0.06289308176100634,1.0152400843780518,0.10171882559469685,1.7225308123755059,0.05459496574647711,-0.06891964157612594,-0.01434636217244913,0.25771718216558953,-0.1202762550773867,0.7258262705408784,Education & Training Services,Consumer Defensive,LOPE
2019Q4,2019,Q4,2020-02-20,2019-12-31,76669000.0,213247000.0,81972000.0,1.59,128162000.0,0.6010025932369506,1690289000.0,1443433000.0,208344000.0,95230000.0,246856000.0,0.0,1341344000.0,4574738820.0,4596468820.0,30.223899660789815,2.1877979628268402,0.0851937153942314,0.0997635498149204,0.04126482910422262,30.223899660789815,0.05311573173122688,21.45276988656347,14.91717258605173,3.169346149076542,0.0,0.0,0.0,0.12616008268408538,2.1002730232069724,0.0453585156147854,44.01834750981449,0.6010025932369506,0.3250000000000001,1.2212563747144658,0.07623243591420432,1.9059830955666668,0.13609729720146443,0.3184468022905883,0.3722837914755416,0.5548738086334606,-0.15191149899599,0.8153419051616582,Education & Training Services,Consumer Defensive,LOPE
2019Q3,2019,Q3,2019-11-06,2019-09-30,58151000.0,193289000.0,59734000.0,1.2,112809000.0,0.5836286596754083,1760672000.0,1381830000.0,237544000.0,124016000.0,378842000.0,0.0,1264675000.0,4705744000.0,4845136000.0,28.83618530884808,1.9154302670623145,0.14716028879882226,0.18750569896441674,0.02838359029148896,28.83618530884808,0.04208260060933689,24.345637879030882,20.23070970404636,3.4054435060752772,0.0,0.0,0.0,0.10978137892804565,1.8222568055734745,0.033027730321150105,14986.445859872612,0.5836286596754083,0.1320754716981131,0.9092074962786061,0.05187376755393429,1.9952915778157039,0.15119447307460737,0.13771717013617155,0.17139271286818056,0.9183899494016038,-0.11389115967277269,0.8598578982285661,Education & Training Services,Consumer Defensive,LOPE
2019Q2,2019,Q2,2019-08-06,2019-06-30,51112000.0,174820000.0,50994000.0,1.06,97993000.0,0.5605365518819357,1677522000.0,1327807000.0,108717000.0,113266000.0,349715000.0,0.0,1206524000.0,5649767570.0,5842508570.0,27.748782679567825,0.9598379036957251,0.1541213766496058,0.19471353894052373,0.024980066900501984,27.748782679567825,0.03849354612530285,32.31762710216223,27.634252083659412,4.25496142888236,0.0,0.0,0.0,0.1042132383360695,0.8571769109882931,0.030468750931433388,52.38202036029187,0.5605365518819357,-0.3026315789473684,1.1112948198608037,0.05041070496389547,2.1065817301621523,-0.21702688666054093,-0.30215856805428504,-0.29596443511756015,0.7787276012467835,-0.12132473739190017,0.8765058047765976,Education & Training Services,Consumer Defensive,LOPE
2019Q1,2019,Q1,2019-05-07,2019-03-31,73243000.0,197287000.0,72431000.0,1.52,125155000.0,0.6343803697151865,1619473000.0,1272873000.0,198208000.0,126002000.0,346600000.0,0.0,1155412000.0,5490631890.0,5652669890.0,26.685527998490535,1.573054395961969,0.15468303577768816,0.1968028232195985,0.040760458286811796,26.685527998490535,0.05754148292877608,27.83068266028679,18.741148949387654,4.3135740093473585,0.0,0.0,0.0,0.1218217284264696,1.4727623371057603,0.045226440947147624,76.69122957231053,0.6343803697151865,-0.025641025641025664,1.6404976040283143,0.11670176669616157,2.1670651837691874,0.08957393832813887,-0.030292197905495758,-0.09629564935307988,0.6043447813745249,-0.16858468698503815,0.8898443171771955,Education & Training Services,Consumer Defensive,LOPE
2018Q4,2018,Q4,2019-02-20,2018-12-31,75531000.0,177548000.0,80149000.0,1.56,114866000.0,0.646957442494424,1324017000.0,1213597000.0,309466000.0,80518000.0,110420000.0,0.0,1082169000.0,4586647120.0,4526206120.0,25.438018780917247,3.8434387341960803,0.04524488733905985,0.04936152610792545,0.05068140593012672,25.438018780917247,0.06223729953188744,25.833279563836257,15.18133984721505,3.7793823814660055,0.0,0.0,0.0,0.13409797608338866,2.99108273926327,0.057046850606903086,46.71957055839631,0.646957442494424,1.2285714285714289,1.736103774641687,0.035642933205754394,2.3346256248952106,0.32535653297641576,1.237226385474364,1.7243031951053704,0.9122190564261464,-0.2066744001534989,0.9189467851417293,Education & Training Services,Consumer Defensive,LOPE
2018Q3,2018,Q3,2018-11-08,2018-09-30,33761000.0,155454000.0,29420000.0,0.7,86668000.0,0.5575154064868064,1252691000.0,1138358000.0,255199000.0,54936000.0,114333000.0,0.0,1006638000.0,5403801060.0,5420470060.0,23.873956629336018,4.645387359836901,0.04913262727999163,0.054067349638690115,0.019485700088871,23.873956629336018,0.029657629673617614,34.761415338299436,40.01511403690649,4.747013733816602,0.0,0.0,0.0,0.12409604603210209,3.366189748070482,0.026950780360040904,-92.46434174052906,0.5575154064868064,-0.2631578947368421,0.41210138573386157,-0.03812065047806008,2.415165937333441,-0.35601607953574427,-0.2666710109040358,-0.4969908357269867,-0.02181407226973631,-0.22346880512698616,0.8972323440655187,Education & Training Services,Consumer Defensive,LOPE
2018Q2,2018,Q2,2018-08-08,2018-06-30,46038000.0,236818000.0,58488000.0,0.95,134581000.0,0.5682887280527663,1399968000.0,1100300000.0,1281570000.0,223831000.0,299668000.0,0.0,972877000.0,5313082440.0,5154641440.0,23.113603898832032,5.725614414446614,0.04513746028480651,0.057430700717986005,0.038573000030035415,23.113603898832032,0.04184131600472599,22.43529816145732,28.851614101394503,4.828758011451422,0.0,0.0,0.0,0.16915958079041807,1.3334569384937742,0.032885037372282794,-277.2284080354813,0.5682887280527663,-0.37500000000000006,1.2666363912792498,0.5712716801467354,2.579064064473103,-0.18264360416388306,-0.375171346751537,-0.3507969631043822,0.7263489704087274,0.31004085234342604,0.9573905633128106,Education & Training Services,Consumer Defensive,LOPE
2018Q1,2018,Q1,2018-05-02,2018-03-31,73681000.0,275681000.0,90092000.0,1.52,164654000.0,0.5972627783561435,1391983000.0,1051012000.0,435364000.0,261666000.0,340971000.0,0.0,926683000.0,4976565440.0,4798663440.0,22.158289762185866,1.6638157039890547,0.04665574220374818,0.061791872975760505,0.06556289430629235,22.158289762185866,0.0701048132656906,18.051898534900847,16.885511325850626,4.735022473577847,0.0,0.0,0.0,0.1980491141055602,1.3205918995971964,0.05293239931809512,59.48489068980768,0.5972627783561435,0.07801418439716319,2.281243503282517,0.8104647042741107,2.7928959377655187,0.01334892451610918,0.079480192217534,-0.013728023120881045,1.0810661299439726,0.3709152703312221,0.9770609462025269,Education & Training Services,Consumer Defensive,LOPE
2017Q4,2017,Q4,2018-02-21,2017-12-31,68256000.0,271418000.0,91346000.0,1.41,162485000.0,0.5986522632986758,1303573000.0,985951000.0,374862000.0,238135000.0,317622000.0,0.0,854176000.0,4238529260.0,4151671260.0,20.82613746778759,1.574157515694879,0.05110262332834448,0.0675652238295818,0.06468430981684424,20.82613746778759,0.06922859249597596,15.616242327332749,15.524383424167837,4.298924855291997,0.0,0.0,0.0,0.2082108174992885,1.073924454616079,0.0523607040035349,-1313.4580911062906,0.5986522632986758,0.7407407407407405,2.045501875542977,0.79206571607822,2.9298980750143104,0.23182417782360165,0.7366171382047628,0.5302888159217316,0.9948913734690974,0.38185133611867644,1.0024022084037316,Education & Training Services,Consumer Defensive,LOPE
2017Q3,2017,Q3,2017-11-01,2017-09-30,39304000.0,236209000.0,59692000.0,0.81,131906000.0,0.5584291877108831,1290930000.0,915721000.0,386846000.0,285063000.0,375209000.0,0.0,785920000.0,4297239120.0,4185373120.0,19.353305435793388,1.3570544055173768,0.05288900250207215,0.07455982772045197,0.03936420940211773,19.353305435793388,0.042921370155320236,18.192529158499465,27.33334469774069,4.692738421418751,0.0,0.0,0.0,0.1829758391237325,1.005181310797964,0.03044626741961222,38.932731028484454,0.5584291877108831,-0.024096385542168565,0.9951649445029839,0.6581601767966747,2.952572392412459,0.07004891661461334,-0.01362712374833739,0.08357537031658438,0.30689736030969567,0.3018522935383043,1.0102795204655486,Education & Training Services,Consumer Defensive,LOPE
2017Q2,2017,Q2,2017-08-01,2017-06-30,39847000.0,218301000.0,55088000.0,0.83,123271000.0,0.56468362490323,1168563000.0,872214000.0,272771000.0,204868000.0,296349000.0,0.0,746616000.0,3697109910.0,3700762910.0,18.498313927594324,1.3314475662377727,0.05984700867646845,0.08018101062353963,0.042107230277197434,18.498313927594324,0.04568488925882868,16.935835887146645,23.195660338293973,4.23876469536146,0.0,0.0,0.0,0.1868114941171336,0.8355380049592909,0.03409914570288465,-593.0558084696823,0.56468362490323,-0.2844827586206896,1.4081207451924955,0.7254900740949113,3.1389937836139916,-0.15354455064820918,-0.2873265130920017,-0.28109829305214806,0.6704048685977535,0.33114038220649533,1.0709565803253331,Education & Training Services,Consumer Defensive,LOPE
2017Q1,2017,Q1,2017-05-04,2017-03-31,55912000.0,248206000.0,76628000.0,1.16,145632000.0,0.5867384350096291,1155260000.0,826523000.0,277922000.0,235145000.0,328737000.0,0.0,706769000.0,3347624280.0,3330677280.0,17.680392744074613,1.1819175402411277,0.06197219673493413,0.08662069900051178,0.06272784715578318,17.680392744074613,0.06764724030668233,13.487281854588527,14.968272821576765,4.050249394148741,0.0,0.0,0.0,0.21484860550871665,0.7822960301090817,0.048397763274068174,41.830140074223095,0.5867384350096291,0.14851485148514842,2.6677750515477,1.011298852761611,3.3135025372372273,0.021527324761684306,0.16534317097063297,-0.0009126704738063574,1.0566998651320212,0.4334985200854059,1.0983267147006204,Education & Training Services,Consumer Defensive,LOPE
2016Q4,2016,Q4,2017-02-16,2016-12-31,47979000.0,244663000.0,76698000.0,1.01,142563000.0,0.5826912937387345,1092493000.0,773686000.0,230068000.0,226794000.0,318807000.0,0.0,650916000.0,2716171500.0,2768447500.0,16.64914998924037,1.0144360080072665,0.08993375701263075,0.126992087229186,0.055240330413280865,16.64914998924037,0.062013530036733246,11.101684766392957,14.152918464328144,3.5106897371801997,0.0,0.0,0.0,0.22394926100213,0.5434755769552987,0.04391698619579256,-76.03212126301646,0.5826912937387345,0.6290322580645161,1.9895484266758607,1.0672698996667016,3.5240116488311473,0.20107670014153806,0.6406442347148132,0.6295839884417627,0.7843377378092309,0.46514664955638924,1.182508105878632,Education & Training Services,Consumer Defensive,LOPE
2016Q3,2016,Q3,2016-11-02,2016-09-30,29244000.0,210444000.0,47066000.0,0.62,118696000.0,0.5640265343749405,1072266000.0,716789000.0,232123000.0,266068000.0,355477000.0,0.0,602937000.0,1867270090.0,1879196090.0,15.50450996084878,0.8724198325240164,0.08120093335049325,0.12147089310801365,0.038515025505218084,15.50450996084878,0.040798617166279055,8.873002271388113,15.962847849131444,2.6050484731211,0.0,0.0,0.0,0.19626100240052374,0.5302479065502053,0.02727308335804735,45.15658847428115,0.5640265343749405,0.05084745762711869,1.177788841289744,0.8516667276173536,3.6831078889326023,0.11263592050993626,0.05856801563744299,0.05180119781889694,0.26156179489923853,0.3430012704505144,1.2179178389003575,Education & Training Services,Consumer Defensive,LOPE
2016Q2,2016,Q2,2016-08-04,2016-06-30,27626000.0,191279000.0,44748000.0,0.59,106680000.0,0.5577193523596422,1004953000.0,680283000.0,200212000.0,233106000.0,324670000.0,0.0,573693000.0,1836479680.0,1893650680.0,14.787475002173725,0.8588882311051624,0.10122363931447541,0.1495333559709709,0.03519824200581241,14.787475002173725,0.04060956984078685,9.601052284882293,16.619124013610367,2.699581909293632,0.0,0.0,0.0,0.19033626448202054,0.4786062992801558,0.027489842808569157,-28.17594133079673,0.5577193523596422,-0.36559139784946243,1.0227567886198095,0.8006797725216588,3.629073936078861,-0.1936751723303906,-0.3673193633344784,-0.3485609468489322,0.4074444661401298,0.3132630296765464,1.289790922100586,Education & Training Services,Consumer Defensive,LOPE
2016Q1,2016,Q1,2016-05-09,2016-03-31,43665000.0,226958000.0,68691000.0,0.93,132304000.0,0.5829448620449599,960703000.0,644205000.0,226097000.0,222693000.0,316498000.0,0.0,546067000.0,1949884280.0,1979473280.0,14.120490114418482,1.0152856174194969,0.08158817032943584,0.12167244898751174,0.058909288987878,14.120490114418482,0.06778121871143503,8.591388186360472,11.16388572082904,3.0268071188519183,0.0,0.0,0.0,0.23624158558888647,0.6447890144728393,0.04545109154442112,50.230152245034645,0.5829448620449599,0.14814814814814814,2.8621324722145287,1.2298794406710618,3.7575114313949034,0.07105329199284367,0.14564202130450754,0.08800190068899977,1.0216851964819234,0.5496222371756748,1.4170434708203175,Education & Training Services,Consumer Defensive,LOPE
2015Q4,2015,Q4,2016-02-17,2015-12-31,38114000.0,215954000.0,63135000.0,0.81,123527000.0,0.5720060753679024,898430000.0,610251000.0,221345000.0,188534000.0,288179000.0,0.0,502402000.0,1846924200.0,1904462200.0,13.25623981753014,1.174032270041478,0.08968311387642888,0.132034195765349,0.05603409066609468,13.25623981753014,0.06245626799464483,8.55239634366578,12.114473684210525,3.026499260140499,0.0,0.0,0.0,0.24036819785626037,0.6293294578166272,0.0424228932693699,-42.25887655874614,0.5720060753679024,0.1571428571428573,3.9855460053286227,1.1380019006316142,3.4223033314883584,0.1208024461724116,0.14312278807510048,0.28889024987751105,0.7488840653262828,0.46634104655134545,1.501456231210309,Education & Training Services,Consumer Defensive,LOPE
2015Q3,2015,Q3,2015-10-28,2015-09-30,33342000.0,193393000.0,48984000.0,0.7,110213000.0,0.5698913611144147,912611000.0,579637000.0,263233000.0,238783000.0,332974000.0,0.0,464288000.0,1749933370.0,1754733370.0,12.583570327594815,1.1023942240444253,0.09092263845165136,0.1431533873786525,0.050384930671517274,12.583570327594815,0.05752220786457731,9.048586918864695,13.121088791914104,3.0190159875922347,0.0,0.0,0.0,0.21191175648770397,0.7190335995443562,0.03653473385703219,59.23945057549086,0.5698913611144147,0.27272727272727254,1.5632872259532595,0.9410799096734404,3.5289171016573104,0.1091286014753092,0.29352886405959033,0.15921999242711093,0.7385592874121586,0.39452592955751803,1.5699730126122966,Education & Training Services,Consumer Defensive,LOPE
2015Q2,2015,Q2,2015-08-10,2015-06-30,25776000.0,174726000.0,42256000.0,0.55,99369000.0,0.5687132996806429,828941000.0,543327000.0,231077000.0,189457000.0,285614000.0,0.0,430946000.0,1950908800.0,1983901800.0,11.808376075806311,1.2196804551956382,0.10097582336981764,0.15405639697640647,0.04108149701251263,11.808376075806311,0.047441043791307994,11.165532319174021,18.92175667287399,3.590671547705157,0.0,0.0,0.0,0.2107821907711164,0.7516270182679975,0.03109509603216634,-37.02757364105679,0.5687132996806429,-0.23611111111111102,1.0663651108650558,0.7804428601209141,3.7651617966248137,-0.13921517671517672,-0.24585271658035637,-0.24523988139892117,0.596312627298473,0.415252959406327,1.6421216205781295,Education & Training Services,Consumer Defensive,LOPE
2015Q1,2015,Q1,2015-04-29,2015-03-31,34179000.0,194127000.0,55986000.0,0.72,115440000.0,0.5946622571821539,815570000.0,513189000.0,278081000.0,202366000.0,302381000.0,0.0,405170000.0,1982663699.9999998,1981438699.9999998,11.207691803708315,1.3741488194657205,0.10413698394987554,0.16549653246659612,0.05721930553767509,11.207691803708315,0.06660119371225806,10.213229998918234,14.50206047573071,3.863418155884089,0.0,0.0,0.0,0.23802616574910798,0.9579672474625184,0.04190811334404159,88.3067744521646,0.5946622571821539,-0.00377481642643458,1.9697873475538419,1.1677836924468965,4.163614786178315,0.0360703996553612,0.032816607741818514,0.04576359832635983,1.2890690486009788,0.6060244390894405,1.7343514214677604,Education & Training Services,Consumer Defensive,LOPE
2014Q4,2014,Q4,2015-02-18,2014-12-31,33093000.0,189973000.0,53536000.0,0.7227281661534429,111421000.0,0.5865096618993225,755713000.0,476232000.0,267045000.0,178711000.0,279481000.0,0.0,370991000.0,2136514739.9999998,2157860740.0,10.400576557688527,1.494284067572785,0.11457259568116468,0.1818105461203783,0.058789918254993336,10.400576557688527,0.06948924053822507,11.246412595474093,16.140231619980057,4.4862897495338405,0.0,0.0,0.0,0.25138246927074165,0.9715574307121554,0.04379043366992496,-124.39678253275108,0.5865096618993225,0.16569059057006924,1.9752038090033668,1.4465602675983682,4.521875827589456,0.0781773141607478,0.14050868486352358,0.16494037775263296,1.0926762895062918,0.6290419911845213,1.8261100135412887,Education & Training Services,Consumer Defensive,LOPE
2014Q3,2014,Q3,2014-10-29,2014-09-30,29016000.0,175056000.0,45956000.0,0.62,103342000.0,0.5903368065076319,755498000.0,439490000.0,275171000.0,218256000.0,316008000.0,0.0,337898000.0,1861191270.0000002,1892945270.0000002,9.627171365358919,1.2607717542702148,0.11679183796648039,0.20076907324398735,0.05557349777881502,9.627171365358919,0.06602198002229857,10.631976453249248,16.035904931761788,4.234888780177024,0.0,0.0,0.0,0.23170941551135807,0.8793297778755224,0.0384064550799605,229.83344899975305,0.5903368065076319,0.2653061224489796,7.153622152190858,1.5986247250532641,4.866641473620113,0.13879246696860503,0.25779184186570725,0.21297542692744212,1.1882630532263245,0.5598623212146937,1.907868889959439,Education & Training Services,Consumer Defensive,LOPE
2014Q2,2014,Q2,2014-07-31,2014-06-30,23069000.0,158594000.0,37887000.0,0.49,90747000.0,0.572196930527006,688544000.0,407293000.0,261134000.0,179870000.0,281251000.0,0.0,308882000.0,2096140060.0,2165814060.0,8.932255800693014,1.4517929615833658,0.1305479388390575,0.22069615731181239,0.04654440613265278,8.932255800693014,0.05663981458065815,13.217019937702561,22.71598313754389,5.146516291711372,0.0,0.0,0.0,0.23033241158154016,1.0297492633568688,0.03350403169586838,-110.14924119810826,0.572196930527006,-0.1250000000000001,2.9017278027724207,1.6259002602601005,6.422884158952634,-0.06208528846352605,-0.12245130858186244,-0.1277511741412653,0.7041359154021749,0.5062801288263199,1.7961550238495196,Education & Training Services,Consumer Defensive,LOPE
2014Q1,2014,Q1,2014-04-30,2014-03-31,26288000.0,167432000.0,43436000.0,0.56,96754000.0,0.5778704190357876,655252000.0,380895000.0,277939000.0,169312000.0,274357000.0,0.0,285813000.0,2111073500.0000002,2163483500.0,8.42594845702909,1.6415788603288604,0.13970045112414767,0.24032607411491355,0.05607560813818095,8.42594845702909,0.06901639559458643,12.60854257250705,20.076398927267196,5.542402761916014,0.0,0.0,0.0,0.255523065934938,1.2047521735021736,0.0401189160811413,79.79262577011755,0.5778704190357876,-0.03219788202010917,2.830305792473914,1.8564604240062013,4.838563681085863,0.024155305275637227,0.0050082195970485915,0.06260244147075372,1.3466001511690935,0.6602068416495964,1.8388919775332466,Education & Training Services,Consumer Defensive,LOPE
2013Q4,2013,Q4,2014-02-20,2013-12-31,26157000.0,162443000.0,40877000.0,0.578630682446632,94472000.0,0.5815701507605745,616100000.0,344844000.0,263703000.0,165623000.0,271256000.0,0.0,259525000.0,1970938000.0,2008303000.0,7.628448180511006,1.5921882830283234,0.15125628956338258,0.2702352368027282,0.06038085277846381,7.628448180511006,0.07585168945958172,12.133105150729794,18.837576939251445,5.715448144668314,0.0,0.0,0.0,0.2636633663366337,1.0569788012534491,0.042455770167180655,-305.57178294573646,0.5815701507605745,0.18087894376863667,4.0117432536221855,0.3303008988650946,1.7235510176845878,0.07727920634015623,0.16021290751829673,0.09633901032586831,2.484318163088357,0.6377571708439004,1.5448628168410417,Education & Training Services,Consumer Defensive,LOPE
2013Q3,2013,Q3,2013-10-29,2013-09-30,22545000.0,152399000.0,37285000.0,0.49,87695000.0,0.5754302849756232,594075000.0,314317000.0,252464000.0,174396000.0,279758000.0,0.0,233368000.0,1809311120.0,1797326120.0,6.990570024242155,1.447647881832152,0.1596279930985145,0.301704966641957,0.05361970140524393,6.990570024242155,0.07172695081716865,11.872198111536164,20.063330228432026,5.756326002093428,0.0,0.0,0.0,0.25653158271262044,1.022425973072777,0.037949753818962255,55.98635764458334,0.5754302849756232,0.16666666666666669,6.662556714185799,0.6479883422996677,18.93624463910757,0.10009282954488434,0.18259546789760805,0.18406427641398584,0.7756313523162188,0.5670459110613617,1.5159562277564345,Education & Training Services,Consumer Defensive,LOPE
2013Q2,2013,Q2,2013-07-30,2013-06-30,19064000.0,141463000.0,31489000.0,0.42,79716000.0,0.5635113068434856,541666000.0,288550000.0,223597000.0,146486000.0,253116000.0,0.0,210823000.0,1495026260.0,1500722260.0,6.458002282849534,1.526405253744385,0.17814852695203318,0.33442037775082306,0.05002893153684647,6.458002282849534,0.06606827239646508,10.568320055420852,19.60535905371381,5.181168809565067,0.0,0.0,0.0,0.26116278296957907,1.0268421555643543,0.03519512024014799,-90.72311790764003,0.5635113068434856,-0.0869565217391305,4.052534473354898,0.7199907801586094,15.6062565849899,-0.028244730779076712,-0.08980663642874194,-0.06352416356877323,0.5738154100742651,0.4844364036420171,1.6060675543524412,Education & Training Services,Consumer Defensive,LOPE
2013Q1,2013,Q1,2013-05-07,2013-03-31,20945000.0,142030000.0,33625000.0,0.46,82033000.0,0.5775751601774273,523894000.0,258464000.0,227998000.0,157674000.0,265430000.0,0.0,191759000.0,1067117040.0,1037516040.0,5.84205054021066,1.446008853710821,0.18732415335926733,0.3796969790763898,0.05608081318951967,5.84205054021066,0.0810364306054228,7.513321410969514,12.737133444736214,4.128687322025504,0.0,0.0,0.0,0.27110446006253175,1.0096274591879448,0.03997946149411904,68.5323383212382,0.5775751601774273,0.0,4.606137608481571,0.7440200565222376,0.0,-0.005407437044581045,0.001721746616289636,0.01136944686738653,0.8835310015692911,0.6414834046389142,1.6915531832390014,Education & Training Services,Consumer Defensive,LOPE
2012Q4,2012,Q4,2013-02-19,2012-12-31,20909000.0,141298000.0,33247000.0,0.46,82479000.0,0.5837237611289615,494923000.0,234059000.0,214174000.0,152727000.0,260864000.0,0.0,170814000.0,1036599490.0,1031276490.0,5.29940906106369,1.4023322660695228,0.2016232828136902,0.4263369492307495,0.06296068498595749,5.29940906106369,0.08933217692974849,7.336264419878555,12.394178224687932,4.428795688266634,0.0,0.0,0.0,0.28549491537067384,0.9170742566802202,0.042246975792193935,-94.43376970028241,0.5837237611289615,0.12195121951219524,22.512584810680675,1.4380010756473125,10.655374317591777,0.08220274490251135,0.13199068810567918,0.06550652180880044,0.948844116812451,0.8865282362938233,1.8135631358978817,Education & Training Services,Consumer Defensive,LOPE
2012Q3,2012,Q3,2012-11-01,2012-09-30,18471000.0,133568000.0,31203000.0,0.41,76214000.0,0.5706007426928605,423089000.0,217228000.0,154347000.0,173869000.0,205861000.0,0.0,149905000.0,1035479100.0,986363100.0,4.896382283331455,0.8877200651064883,0.048519342266048045,0.09449978824092659,0.07780624064326445,4.896382283331455,0.08503047489273943,7.752448939865836,14.014930160792593,4.766784668643084,0.0,0.0,0.0,0.31569717009896264,0.4532262795552974,0.04365748105008639,48.89871080468455,0.5706007426928605,0.17142857142857143,19.62417328173062,1.2942472879034157,0.0,0.15731770279709661,0.18419028080523145,0.22856130403968816,4.340885372419872,1.0402284445712917,1.9837756370944302,Education & Training Services,Consumer Defensive,LOPE
2012Q2,2012,Q2,2012-08-06,2012-06-30,15598000.0,119260000.0,25398000.0,0.35,65854000.0,0.552188495723629,375098000.0,198646000.0,129229000.0,145794000.0,176452000.0,0.0,131434000.0,930720180.0,900939180.0,4.469278016514051,0.8863807838457001,0.05592938378770348,0.10560997956163225,0.07093518687719534,4.469278016514051,0.07852159117223603,7.804126949522052,14.917299974355688,4.685320519919857,0.0,0.0,0.0,0.3179435774117697,0.40552423282165245,0.04158379943374798,1137.7997310513447,0.552188495723629,0.0937499999999999,16.38413513736049,1.044704918594114,0.0,-0.006831857873226054,0.07802888934964407,0.04933068914229053,1.7064527934097788,1.025767594120914,2.7140598893465975,Education & Training Services,Consumer Defensive,LOPE
2012Q1,2012,Q1,2012-05-07,2012-03-31,14469000.0,117131000.0,24204000.0,0.32,66307000.0,0.5660926654771153,349969000.0,181870000.0,130299000.0,136134000.0,168099000.0,0.0,115836000.0,788028960.0000001,752631960.0000001,4.0988483468932415,0.9571378200890299,0.0608711057265072,0.11713311706163744,0.07153619168652435,4.0988483468932415,0.07955682630450321,6.72775746813397,13.615815882230978,4.332924396546984,0.0,0.0,0.0,0.3346896439398918,0.48098931934711386,0.04134366186719395,27.84259477793874,0.5660926654771153,-0.07343252414513182,15.153473608593698,1.0116430643624734,0.0,0.06319148253856267,-0.0557948316366484,0.03826355525051476,1.1478387567610748,1.0358644290345789,1.8402009832478479,Education & Training Services,Consumer Defensive,LOPE
2011Q4,2011,Q4,2012-02-21,2011-12-31,15324000.0,113005000.0,23312000.0,0.34536070857091344,62366000.0,0.5518870846422724,317847000.0,163293000.0,115414000.0,121505000.0,154554000.0,0.0,101367000.0,708161160.0,709082160.0,3.6801739875143675,0.9498703757047036,0.0695617702857035,0.1354007826422443,0.08359421696878455,3.6801739875143675,0.09384358178244015,6.266635635591346,11.553138214565388,4.336751483529606,0.0,0.0,0.0,0.3555326934028007,0.3692440640302868,0.048211875525016754,56.30157099697885,0.5518870846422724,0.1908989950721154,42.69855999119081,1.6633691264286161,6.918478221155707,0.03984927304255036,0.19086105066832454,0.12830937515125115,1.9913021444487489,-0.05716911701355954,0.31391619524374675,Education & Training Services,Consumer Defensive,LOPE
2011Q3,2011,Q3,2011-11-14,2011-09-30,12868000.0,108909000.0,20661000.0,0.29,59976000.0,0.5506982893975705,303060000.0,146672000.0,106784000.0,128592000.0,156388000.0,0.0,86043000.0,715477299.9999999,719459299.9999999,3.310730892510496,0.8304093567251462,0.07582986867287006,0.15668293880222536,0.07569554778014581,3.310730892510496,0.0877331733391513,6.569496552167405,13.900320562635994,4.878076933566052,0.0,0.0,0.0,0.3593644822807365,0.33995116336941644,0.042460238896588134,114.91765178284611,0.5506982893975705,0.0,35.50706574571502,1.5708299794929723,0.0,0.04471424341131182,-0.02941620153869362,-0.0882975906804342,3.438809042726347,0.1952747243258013,9.494597581655267,Education & Training Services,Consumer Defensive,LOPE
2011Q2,2011,Q2,2011-08-04,2011-06-30,13258000.0,103118000.0,22662000.0,0.29,57409000.0,0.5567311235671755,289943000.0,142659000.0,109807000.0,121123000.0,147284000.0,0.0,84536000.0,633250440.0,642437440.0,3.194478033051189,0.9065743087605161,0.0822196086817064,0.1671047743219846,0.07905558037172512,3.194478033051189,0.092934900707281,6.141027172753544,11.9409119022477,4.43890984795912,0.0,0.0,0.0,0.35564921381099046,0.43400510225143035,0.04572622894844849,-57.59440109140518,0.5567311235671755,0.15999999999999992,36.31366892083538,1.414727510272758,0.0,0.027380590203833283,0.1734820322180917,0.1793911007025761,2.5155791959337614,0.25441532549877793,8.225046347501676,Education & Training Services,Consumer Defensive,LOPE
2011Q1,2011,Q1,2011-05-09,2011-03-31,11298000.0,101709000.0,19215000.0,0.25,55879000.0,0.5494007413306591,286464000.0,135313000.0,128286000.0,127030000.0,151151000.0,0.0,71278000.0,661055000.0,655839000.0,2.968041237113402,1.0098874281665748,0.0873652535746202,0.18495636043839098,0.07001920611325906,2.968041237113402,0.08349530348155758,6.499473989519118,14.627699592848293,4.885376866967697,0.0,0.0,0.0,0.3550498491957105,0.510312524600488,0.03943951072386059,75.59233847913093,0.5494007413306591,0.5054154008717474,30.14735599912261,1.33304282271447,0.0,-0.12514090681362725,0.492273147536653,0.7033064444641433,1.9346081456416204,0.2119813351227286,0.0,Education & Training Services,Consumer Defensive,LOPE
2010Q4,2010,Q4,2011-02-22,2010-12-31,7571000.0,100031000.0,11281000.0,0.1660671199824523,63872000.0,0.6385220581619698,284255000.0,136660000.0,142284000.0,122848000.0,147595000.0,0.0,59980000.0,893108100.0,885051100.0,2.9975871901732836,1.158211773899453,0.08998962199433608,0.18717986243231377,0.04685267614086322,2.9975871901732836,0.05540026342748427,8.9283132229009,29.491087703077532,6.535256110054149,0.0,0.0,0.0,0.3519058591757401,1.03838890336025,0.026634535892068743,-45.88984174288357,0.6385220581619698,-0.4069031429198133,20.012506127712573,1.2945521694142226,5.820737976314673,0.013905644802844626,-0.41391856324508436,-0.49042370584515316,7.248000292461798,0.6720944203566271,6.461519584021668,Education & Training Services,Consumer Defensive,LOPE
2010Q3,2010,Q3,2010-11-09,2010-09-30,12918000.0,98946000.0,22138000.0,0.28,62996000.0,0.6366705071453116,281542000.0,127105000.0,153074000.0,128982000.0,154437000.0,0.0,52409000.0,1003209780.0,981296780.0,2.778494294583133,1.1867857530508132,0.1014342442690611,0.2246803823610401,0.08264149296222725,2.778494294583133,0.10163250855591834,10.138962464374508,19.414959359033904,7.892764092679281,0.0,0.0,0.0,0.35144312393887944,1.07819695771503,0.04588302988541674,30.247227063044594,0.6366705071453116,0.03703703703703707,34.49207274953002,1.2619241348590873,0.0,0.028724463967862567,0.04211035818005808,0.07927067082683308,12.988423786887898,0.6482512213196715,0.0,Education & Training Services,Consumer Defensive,LOPE
2010Q2,2010,Q2,2010-08-09,2010-06-30,12396000.0,97522000.0,20512000.0,0.27,61237000.0,0.6279301080781773,237813000.0,113307000.0,132933000.0,98973000.0,124506000.0,0.0,39491000.0,1071313320.0,1055734320.0,2.478064036392267,1.3431238822709224,0.1170709759348732,0.24571297448524804,0.08760890921941686,2.478064036392267,0.10940189043924912,10.985350177395869,21.606028557599227,9.454961476343032,0.0,0.0,0.0,0.4100785070622716,0.8694896587958332,0.052124988961915454,-36.05052057744725,0.6279301080781773,0.08000000000000007,33.07426996763188,1.23044388449915,0.0,0.06638223770134959,0.07979094076655052,0.04669082002347298,12.42962784675272,0.6253117423585666,0.0,Education & Training Services,Consumer Defensive,LOPE
2010Q1,2010,Q1,2010-05-04,2010-03-31,11480000.0,89326000.0,19597000.0,0.25,57425000.0,0.6428699370843876,221969000.0,99136000.0,129391000.0,96953000.0,122833000.0,0.0,27095000.0,1193918360.0,1124069360.0,2.1705127643736044,1.3345744845440575,0.12629691533502427,0.2827832472562944,0.09058623080043703,2.1705127643736044,0.1158005164622337,13.36585495824284,25.999964285714288,12.043237169141381,0.0,0.0,0.0,0.4024255639300984,1.1528575701628625,0.05171893372497961,31.847164768332043,0.6428699370843876,0.029157278053177138,30.590903650508675,1.045228130045871,0.0,0.13737645823842817,0.03470031545741325,0.09701074787281684,11.45086335736509,0.49034607804627495,0.0,Education & Training Services,Consumer Defensive,LOPE
2009Q4,2009,Q4,2010-02-18,2009-12-31,11095000.0,77454000.0,17864000.0,0.24291719577878004,50489000.0,0.6518578769334057,174738000.0,86028000.0,90246000.0,62392000.0,88710000.0,0.0,15615000.0,868262740.0000001,833997740.0000001,1.8835223540745283,1.4464354404410822,0.16199109523973035,0.329032408053192,0.09675775899194952,1.8835223540745283,0.1289696377923467,11.21004389702275,19.5642798557909,10.092792346677825,0.0,0.0,0.0,0.4432579061223088,1.224083215796897,0.06349506117730545,-75.35040701206285,0.6518578769334057,2.0364649472347507,29.736361691391547,0.7734041553923034,4.029092121587229,0.18468722136186588,2.1781724434259524,1.669057223965337,29.736361691391547,0.7734041553923034,4.029092121587229,Education & Training Services,Consumer Defensive,LOPE
2009Q3,2009,Q3,2009-11-04,2009-09-30,3491000.0,66084000.0,6693000.0,0.08,42618000.0,0.6449064826584348,183608000.0,73489000.0,101080000.0,83038000.0,110119000.0,0.0,4520000.0,798480889.9999999,749883889.9999999,1.6410021660004912,1.2172740191237748,0.15749313755391922,0.39348746070840535,0.0347036045507209,1.6410021660004912,0.04750370803793765,12.082817172084013,57.18138713835577,10.865311679298943,0.0,0.0,0.0,0.35991895777961747,1.1260507237650232,0.019013332752385516,24.90660625721326,0.6449064826584348,-0.38461538461538464,8.79773917185837,0.5431781205645363,0.0,0.08296699108073081,-0.3996560619088564,-0.3280120481927711,8.79773917185837,0.5431781205645363,0.0,Education & Training Services,Consumer Defensive,LOPE
2009Q2,2009,Q2,2009-08-03,2009-06-30,5815000.0,59400000.0,9960000.0,0.13,39353000.0,0.6625084175084175,126506000.0,53965000.0,48399000.0,45756000.0,72541000.0,0.0,1029000.0,752515880.0,756255880.0,1.2033403202069304,1.057762916338841,0.22514347145589933,0.5277865283053831,0.0709799841920283,1.2033403202069304,0.10775502640600389,12.668617508417508,32.352359415305244,13.944517372370981,0.0,0.0,0.0,0.4695429465796089,0.8032170644287088,0.045966199231657,-14.552899495252277,0.6625084175084175,-0.13333333333333328,15.297283295425828,0.385146313551845,0.0,-0.03147765308131522,-0.15773464658169178,-0.17378681045209457,15.297283295425828,0.385146313551845,0.0,Education & Training Services,Consumer Defensive,LOPE
2009Q1,2009,Q1,2009-04-28,2009-03-31,6904000.0,58964000.0,12055000.0,0.15,40632000.0,0.6890984329421341,157893000.0,65626000.0,88503000.0,60222000.0,92267000.0,0.0,-4785000.0,784881240.0000001,720512240.0000001,1.4431543299467828,1.4696124339942214,0.024738272120993332,0.05951909304239174,0.07123966714189646,1.4431543299467828,0.10520220644256849,13.311193948850148,28.42125,11.9599128394234,0.0,0.0,0.0,0.37344277453718655,1.3238019328484607,0.04372581431729082,24.470186749805148,0.6890984329421341,0.2992077863286554,18.082129275336822,0.3559906601820438,0.0,0.1870982821082155,2.125396106835672,2.1681997371879107,18.082129275336822,0.3559906601820438,0.0,Education & Training Services,Consumer Defensive,LOPE
2008Q4,2008,Q4,2008-12-31,2008-12-31,2209000.0,51683000.0,3805000.0,0.11545497308315476,34228000.0,0.6622680571948223,116990000.0,53590000.0,53599000.0,32557000.0,63400000.0,0.0,-11689000.0,359317740.0,327106740.0,2.8009198766529035,1.646312620941733,0.025138900760748782,0.054879641724202274,0.030215147869809687,2.8009198766529035,0.04122037693599552,6.952339067004624,40.66520371208692,6.704940100765068,0.0,0.0,0.0,0.4417728010941106,1.4181282059157785,0.018881955722711345,-34.99734489139963,0.6622680571948223,2.8484991027718256,13.608540990179307,1.8248641134795327,5.504456404891,0.297301394784718,0.7643769968051118,0.427231807951988,13.608540990179307,1.8248641134795327,5.504456404891,Education & Training Services,Consumer Defensive,LOPE
2008Q3,2008,Q3,2008-09-30,2008-09-30,1252000.0,39351000.0,2666000.0,0.03,26384000.0,0.6704785138878301,105618000.0,-7457000.0,41924000.0,49239000.0,113075000.0,0.0,-13898000.0,226726050.0,207413050.0,-0.38974546594888415,0.8514389000588964,0.02758999412978848,-0.3907737696124447,0.06345534279434589,-0.38974546594888415,-0.16789593670376826,5.7616337577189904,45.272773562300316,-30.40445889768003,0.0,0.0,0.0,0.37257853774924726,0.6564714961717338,0.011854040031055313,13.05123474556758,0.6704785138878301,-0.25000000000000006,7.224518197181136,1.1508276943972504,0.0,0.14097906936516175,-0.22332506203473945,-0.1571293076193487,7.224518197181136,1.1508276943972504,0.0,Education & Training Services,Consumer Defensive,LOPE
2008Q2,2008,Q2,2008-06-30,2008-06-30,1612000.0,35138000.0,3163000.0,0.04,23124000.0,0.6580909556605384,80548000.0,-8440000.0,21548000.0,26749000.0,88988000.0,0.0,-15150000.0,226204650.0,222024650.0,-0.44213945204044214,0.8055628247784964,0.037567661518597605,-0.3585308056872038,0.08488430376656621,-0.44213945204044214,-0.1909952606635071,6.4376074335477265,35.08136631513648,-26.801498815165875,0.0,0.0,0.0,0.436236778070219,0.5284683539571573,0.020012911555842477,-10.235504524886878,0.6580909556605384,0.0,9.613804110569788,0.9249824688745883,0.0,0.0,0.0,-0.9099834936535944,9.613804110569788,0.9249824688745883,0.0,Education & Training Services,Consumer Defensive,LOPE
2008Q1,2008,Q1,2008-03-31,2008-03-31,1612000.0,35138000.0,35138000.0,0.04,0.0,0.0,,,,,,,,226204650.0,,,0.0,0.0,0.0,0.0,,0.0,6.4376074335477265,35.08136631513648,0.0,,0.0,,0.0,0.0,0.0,0.0,0.0,0.9866666666666668,9.613804110569788,0.9249824688745883,0.0,0.0,3.2309711286089238,1.5008980755523877,9.613804110569788,0.9249824688745883,0.0,Education & Training Services,Consumer Defensive,LOPE
2007Q4,2007,Q4,2007-12-31,2007-12-31,381000.0,24831000.0,-70150000.0,0.020134228187919462,0.0,0.0,88568000.0,-10386000.0,42314000.0,37166000.0,98954000.0,0.0,-18374000.0,224237550.0,210585550.0,-0.5488558896580881,1.1385136953129205,0.10791708066118688,-0.9202772963604853,,-0.5488558896580881,-0.036683997689196994,9.030548507913496,147.13750000000002,-21.59036683997689,,0.0,,0.2803608526781682,0.8159070117849647,0.0043017794237196275,0.0,0.0,0.8471768979742625,1.5475879464888969,0.3722623205242421,0.11732661539504102,0.0,-0.002617801047120419,-3.824983891752577,1.5475879464888969,0.3722623205242421,0.11732661539504102,Education & Training Services,Consumer Defensive,LOPE
2007Q3,2007,Q3,2007-09-30,2007-09-30,382000.0,24832000.0,24832000.0,0.0109,0.0,0.0,,,,,,,,224237550.0,,,0.0,0.0,0.0,0.0,,0.0,9.030184842139175,146.7523232984293,0.0,,0.0,,0.0,0.0,0.0,0.0,0.0,0.0,1.5372460321654424,0.3723175846022302,0.0,0.0,0.0,0.0,1.5372460321654424,0.3723175846022302,0.0,Education & Training Services,Consumer Defensive,LOPE
2007Q2,2007,Q2,2007-06-30,2007-06-30,382000.0,24832000.0,24832000.0,0.0109,0.0,0.0,,,,,,,,224237550.0,,,0.0,0.0,0.0,0.0,,0.0,9.030184842139175,146.7523232984293,0.0,,0.0,,0.0,0.0,0.0,0.0,0.0,0.0,1.5372460321654424,0.3723175846022302,0.0,0.0,0.0,0.0,1.5372460321654424,0.3723175846022302,0.0,Education & Training Services,Consumer Defensive,LOPE
2007Q1,2007,Q1,2007-03-31,2007-03-31,382000.0,24832000.0,24832000.0,0.0109,0.0,0.0,,,,,,,,224237550.0,,,0.0,0.0,0.0,0.0,,0.0,9.030184842139175,146.7523232984293,0.0,,0.0,,0.0,0.0,0.0,0.0,0.0,0.3791791946308726,1.5372460321654424,0.3723175846022302,0.0,0.0,1.563758389261745,1.4865108442232715,1.5372460321654424,0.3723175846022302,0.0,Education & Training Services,Consumer Defensive,LOPE
