Quarters,Year,Quarter,FillingDate,Date,NetIncome,Revenue,OperatingIncome,EPSDiluted,GrossProfit,GrossProfitRatio,TotalAssets,CommonStockEquity,CurrentAssets,CurrentLiability,TotalLiability,Inventory,RetainedEarnings,MarketCap,EnterpriseValue,bookValuePerShare,currentRatio,debtToAssets,debtToEquity,roic,shareholdersEquityPerShare,roe,priceToSalesRatio,peRatio,pbRatio,payoutRatio,inventoryTurnover,dividendYield,assetTurnover,quickRatio,returnOnAssets,priceToFreeCashFlowsRatio,grossProfitMargin,epsdilutedGrowth,fiveYNetIncomeGrowthPerShare,fiveYRevenueGrowthPerShare,fiveYShareholdersEquityGrowthPerShare,grossProfitGrowth,netIncomeGrowth,operatingIncomeGrowth,threeYNetIncomeGrowthPerShare,threeYRevenueGrowthPerShare,threeYShareholdersEquityGrowthPerShare,Industry,Sector,Symbol
2023Q1,2023,Q1,2023-05-04,2023-03-31,29436000.0,622707000.0,43797000.0,0.81,139423000.0,0.2238982379,920541000.0,451930000.0,648612000.0,264908000.0,468611000.0,10937000.0,195162000.0,800484480.0,946065480.0,12.601215703769798,2.4484424781433556,0.1584633384064371,0.3227756510964087,0.05309478832017251,12.601215703769798,0.06513398092624964,1.285491378770433,6.79851610273135,1.7712576726484188,0.0,44.18798573649081,0.0,0.6764576482742214,2.4024038534132606,0.031976848396758,18.53531108898511,0.2238982378550426,-0.22857142857142856,16.89642703535864,1.9561737064125384,0.9157593454015713,0.003461876178549323,-0.24116418756928154,-0.14897792631742576,15.094488705643691,1.9651119044307872,1.8119671985750787,Medical Care Facilities,Healthcare,CCRN
2022Q4,2022,Q4,2023-02-23,2022-12-31,38791000.0,628218000.0,51464000.0,1.05,138942000.0,0.2211684479,947839000.0,457219000.0,675673000.0,271640000.0,490620000.0,11067000.0,165726000.0,968609350.0,1122752350.0,12.54201069812097,2.487384037696952,0.1664280537095435,0.3450140960896201,0.06902644352697095,12.54201069812097,0.08484118114076625,1.541836352985747,6.242487625995721,2.1184800937843793,0.0,44.21035510978585,0.0,0.6627897775888099,2.442806655868061,0.040925726837574734,421.68452329124943,0.22116844789547577,0.12903225806451613,0.36141198905014116,1.8052535802897522,0.8917043918731189,-0.032066599324253715,0.11490817118385882,-0.01362721609966459,34.36315533663977,1.8736919285428693,1.7661799752256693,Medical Care Facilities,Healthcare,CCRN
2022Q3,2022,Q3,2022-11-03,2022-09-30,34793000.0,636098000.0,52175000.0,0.93,143545000.0,0.2256649133,882512000.0,422709000.0,660017000.0,276790000.0,459803000.0,3952000.0,126935000.0,1052555370.0,1161972370.0,11.393466483383197,2.3845406264677194,0.15834005656580308,0.33057493452942804,0.06511316938790514,11.393466483383197,0.08230957940332474,1.6547063031168154,7.562982280918575,2.4900235623088225,0.0,124.63385627530364,0.0,0.7207811338542706,2.3390259763719787,0.039424959660605184,7.643163776577205,0.22566491326808133,-0.33571428571428563,3.986489393059151,1.6824199327134608,0.9515559977766506,-0.15762448284968164,-0.3422127273414754,-0.3381914583254056,11.75252231052982,1.9393247364192097,1.508558841856546,Medical Care Facilities,Healthcare,CCRN
2022Q2,2022,Q2,2022-08-04,2022-06-30,52894000.0,753561000.0,78837000.0,1.4,170405000.0,0.2261329872,938961000.0,410811000.0,718323000.0,268658000.0,528150000.0,6774000.0,92142000.0,780520929.9999999,996779929.9999999,10.963438392356755,2.673745058773608,0.23061447706560761,0.5270988362044833,0.0880734984812112,10.963438392356755,0.1287550722838483,1.0357767055354508,3.6890806613226452,1.8999513888381763,0.0,86.08739297313257,0.0,0.8025477096492826,2.635153243156727,0.0563324781327446,47.62468301909817,0.22613298724323577,-0.1411042944785276,9.37626620393998,2.4253002342163574,0.9450100128681722,-0.025109557536299874,-0.14663698110772308,-0.13014167181569425,1.9786178270595238,2.5532138792885624,1.3954124271490684,Medical Care Facilities,Healthcare,CCRN
2022Q1,2022,Q1,2022-05-05,2022-03-31,61983000.0,788732000.0,90632000.0,1.63,174794000.0,0.2216139322,916434000.0,356073000.0,692306000.0,283245000.0,560361000.0,7689000.0,39248000.0,802396760.0000001,1035143760.0000001,9.616317381441071,2.4441949548977036,0.2552884332095928,0.6570422357213268,0.10680175178974251,9.616317381441071,0.17407385564196107,1.0173249722339148,3.2363581949889486,2.253461396960736,0.0,79.84627389777604,0.0,0.8606533585615549,2.4147857861568607,0.06763498517078152,-25.772363332690954,0.22161393223553755,-0.20873786407766998,28.376152294592718,2.3732961622072413,0.6187567722054246,0.18786272511043153,-0.20097198767612443,0.19070891796731304,34.82003120476167,2.8962977246356503,0.5944125402545386,Medical Care Facilities,Healthcare,CCRN
2021Q4,2021,Q4,2022-02-28,2021-12-31,77573000.0,640679000.0,76116000.0,2.06,147150000.0,0.2296782008,732809000.0,297528000.0,508273000.0,199770000.0,435281000.0,0.0,-22735000.0,1026398240.0,1220847240.0,8.046951912154487,2.544290934574761,0.2667611887954433,0.6570305988007852,0.15858510733972608,8.046951912154487,0.26072504100454413,1.602047577648089,3.3078462867234735,3.4497534349708263,0.0,0.0,0.0,0.874278290796101,2.5028132352205037,0.10585705142813476,-13.990298371157909,0.22967820078385587,2.32258064516129,9.585632263235313,1.5123138579944162,0.7165674414144139,0.7560923216459412,2.310416933384543,1.878058002798049,4.791200331155185,2.0688759856966388,0.3162748838691155,Medical Care Facilities,Healthcare,CCRN
2021Q3,2021,Q3,2021-11-04,2021-09-30,23433000.0,374905000.0,26447000.0,0.62,83794000.0,0.22350728851308999,520420000.0,216799000.0,313273000.0,144662000.0,303621000.0,0.0,-100308000.0,785094120.0,902985120.0,5.865297730162595,2.165551423317803,0.22814841858498905,0.5476639652396921,0.07141777473911767,5.865297730162595,0.10808629191094055,2.094114829090036,8.375945461528614,3.621299544739597,0.0,0.0,0.0,0.7203893009492333,2.1189877092809444,0.045027093501402715,-166.36874761602036,0.22350728851308999,1.0,0.4522088599372906,0.5201232992653407,0.19086655091224095,0.1543463286954126,1.02918254243159,0.6632287277529715,52.16805240614763,0.7986499879413783,-0.11765329255936041,Medical Care Facilities,Healthcare,CCRN
2021Q2,2021,Q2,2021-08-05,2021-06-30,11548000.0,331827000.0,15901000.0,0.31,72590000.0,0.21875856997772936,493638000.0,191597000.0,285390000.0,122060000.0,301507000.0,0.0,-123741000.0,604678750.0,718602750.0,5.2313174061433445,2.3381124037358676,0.26750574307488484,0.689212252801453,0.03606592514402149,5.2313174061433445,0.0602723424688278,1.8222710930695813,13.090551394180812,3.1559927869434286,0.0,0.0,0.0,0.6722071639541526,2.2885384237260364,0.023393660941823765,44.17260208926876,0.21875856997772936,-0.41509433962264153,1.5869072898782501,0.4575294303851242,0.16716723786817902,0.01574197159448681,-0.40621143562320033,-0.24259312184433648,6.304229660233253,0.5789624213016048,-0.21060948772438592,Medical Care Facilities,Healthcare,CCRN
2021Q1,2021,Q1,2021-05-06,2021-03-31,19448000.0,329241000.0,20994000.0,0.53,71465000.0,0.21705984370111864,442353000.0,173140000.0,269734000.0,121660000.0,268679000.0,0.0,-135289000.0,451900690.0,553218690.0,4.785384594123988,2.217113266480355,0.25953480591292477,0.6630818990412383,0.06537931380626621,4.785384594123988,0.11232528589580686,1.3725529019775788,5.80908949506376,2.6100305533094605,0.0,0.0,0.0,0.7442947148544262,2.1677543975012328,0.043964887770626626,-17.30558304292881,0.21705984370111864,3.076923076923077,-0.09699404381627323,0.47924394439694235,-0.046009906050480304,0.31388807177526107,3.2168256721595836,2.707222320324916,10.720351739449386,0.5493098214333761,-0.27247930096211836,Medical Care Facilities,Healthcare,CCRN
2020Q4,2020,Q4,2021-02-25,2020-12-31,4612000.0,215606000.0,5663000.0,0.13,54392000.0,0.25227498307097207,356973000.0,154375000.0,183111000.0,93423000.0,202064000.0,0.0,-154737000.0,320889990.0,394866990.0,4.267213975730437,1.9600205516842748,0.21171629226860295,0.4895676113360324,0.023437926460594824,4.267213975730437,0.029875303643724697,1.4883166052892776,17.39429694275802,2.078639611336032,0.0,0.0,0.0,0.6039840548164707,1.8871262965222697,0.012919744630546287,329.7944398766701,0.25227498307097207,4.25,1.6651637248743296,-0.01825814905891482,-0.03605342592145213,0.13309584817615566,4.457271364317841,15.863517060367455,-0.8368930575534925,-0.02983155576985712,-0.3563785254814841,Medical Care Facilities,Healthcare,CCRN
2020Q3,2020,Q3,2020-11-05,2020-09-30,-1334000.0,193968000.0,-381000.0,-0.04,48003000.0,0.24747896560257363,357838000.0,148410000.0,182441000.0,96666000.0,208918000.0,0.0,-159349000.0,234782240.0,307868240.0,4.102443609022556,1.8873337057496948,0.21387331697583822,0.5156795364193788,-0.0018203123162314335,4.102443609022556,-0.008988612627181456,1.2104173884352059,-43.999670164917546,1.5819839633447883,0.0,0.0,0.0,0.5420553434794516,1.8320609107649017,-0.003727943929934775,-24.39296,0.24747896560257363,0.8974358974358975,-1.2321986611626714,-0.13580464153189192,-0.08588886231884571,-0.053829778846532894,0.9057310437424917,0.9721654003506721,-1.196075767022091,-0.16112375599137022,-0.297303551785137,Medical Care Facilities,Healthcare,CCRN
2020Q2,2020,Q2,2020-08-06,2020-06-30,-14151000.0,216779000.0,-13688000.0,-0.39,50734000.0,0.23403558462766227,352201000.0,148647000.0,174552000.0,98781000.0,203127000.0,0.0,-158015000.0,222517680.0,287024680.0,4.115023669130471,1.7670604670938743,0.20085405776814944,0.47589927815563043,-0.05529819634571674,4.115023669130471,-0.09519869220367717,1.0264724904165072,-3.931129955480178,1.4969537225776504,0.0,0.0,0.0,0.615497968489584,1.6935645518875087,-0.04017876155945043,14.794074862043747,0.23403558462766227,-5.500000000000001,-5.780414100766546,-0.021770471592160688,-0.05079774046519553,0.022801040259661714,-5.774054571565342,-17.153846153846153,-3.8796075093944484,0.022136533683234025,-0.269958752609202,Medical Care Facilities,Healthcare,CCRN
2020Q1,2020,Q1,2020-05-08,2020-03-31,-2089000.0,210064000.0,-754000.0,-0.06,49603000.0,0.2361327976235814,386979000.0,160757000.0,190630000.0,99002000.0,225577000.0,0.0,-143864000.0,241784020.0,301798020.0,4.481281186407605,1.925516656229167,0.18764067300809606,0.45169417194896644,-0.0032708612939451624,4.481281186407605,-0.01299476850152715,1.1510016947216086,-28.935378171373863,1.5040341633645813,0.0,0.0,0.0,0.5428304895097666,1.843700127270156,-0.005398225743515798,14.924939506172839,0.2361327976235814,-1.0,-1.6211145617071328,-0.01459188918467533,0.05333012947144355,-0.06692876356727677,-0.826048951048951,-1.3858751279426818,0.047640730365400424,-0.07265955908115034,-0.24564633415135964,Medical Care Facilities,Healthcare,CCRN
2019Q4,2019,Q4,2020-03-05,2019-12-31,-1144000.0,215096000.0,1954000.0,-0.03,53161000.0,0.2471501097184513,382374000.0,162632000.0,183357000.0,85465000.0,218874000.0,0.0,-141775000.0,416797780.0,491617780.0,4.534054476009925,2.1454045515708184,0.1983712281692793,0.4664026759801269,0.006309947732707255,4.534054476009925,-0.007034285995376064,1.9377291070033846,-91.08343094405593,2.562827610802302,0.0,0.0,0.0,0.5625277869311198,2.054302931024396,-0.0029918352189217887,-66.6983165306449,0.2471501097184513,0.6666666666666666,0.9506786919094183,-0.00347013674688469,0.09142948873538462,0.042249931380621886,0.6342710997442456,15.420168067226891,0.86948365959738,-0.13055341320132194,-0.03280019862401432,Medical Care Facilities,Healthcare,CCRN
2019Q3,2019,Q3,2019-11-06,2019-09-30,-3128000.0,209200000.0,119000.0,-0.09,51006000.0,0.24381453154875718,393991000.0,162893000.0,189688000.0,93488000.0,230344000.0,0.0,-140631000.0,369409500.0,435443500.0,4.541837445977973,2.0290090706828683,0.1916084377561924,0.4634453291424432,0.0004680406373250397,4.541837445977973,-0.019202789561245725,1.7658197896749521,-29.524416560102306,2.267804632488812,0.0,0.0,0.0,0.5309765959120893,1.9727451651548862,-0.007939267648245773,-25.08382562640049,0.24381453154875718,0.9374999999999999,0.6415335021017935,-0.035419964619489507,-0.052096326876929534,-0.011281693417073737,0.9394666563455509,1.007882882882883,-1.1997856592456955,-0.12579026097380913,-0.07784352254085627,Medical Care Facilities,Healthcare,CCRN
2019Q2,2019,Q2,2019-08-01,2019-06-30,-51674000.0,202757000.0,-15096000.0,-1.44,51588000.0,0.2544326459752314,396968000.0,163961000.0,187242000.0,94144000.0,232280000.0,0.0,-137503000.0,337462080.0,388377080.0,4.576847923179991,1.988889360978926,0.19080883093851395,0.461969614725453,-0.17602681119328784,4.576847923179991,-0.3151603125133416,1.6643670995329385,-1.6326493013894803,2.05818505620239,0.0,0.0,0.0,0.510764091815965,1.9099145989123045,-0.1301717014973499,28.358157983193276,0.2544326459752314,-27.799999999999997,-13.125581276249571,0.43742427791566024,-0.09157099840721333,0.06909271770215941,-28.24391624221845,-4.616071428571429,-1.6849633792021135,-0.08948935836214528,0.021147549251636026,Medical Care Facilities,Healthcare,CCRN
2019Q1,2019,Q1,2019-05-02,2019-03-31,-1767000.0,195171000.0,-2688000.0,-0.05,48254000.0,0.2472396001455134,441435000.0,215316000.0,186484000.0,89788000.0,225425000.0,0.0,-85829000.0,260967000.0,323233000.0,6.031260504201681,2.0769367844255355,0.18247760145887842,0.37411060952274794,-0.0026067465800159026,6.031260504201681,-0.00820654294153709,1.3371197565212045,-36.922325976230894,1.2120186145014769,0.0,0.0,0.0,0.4421285126915627,2.0052456898471958,-0.0040028543273641646,22.346891591025862,0.2472396001455134,0.9090909090909091,-0.9683124502998129,0.4396692552083284,0.17027602894904775,-0.04559030044106885,0.9102635721903408,0.888534107402032,-1.0831504432284953,-0.11130338642428594,0.20236162044373207,Medical Care Facilities,Healthcare,CCRN
2018Q4,2018,Q4,2019-03-01,2018-12-31,-19691000.0,200907000.0,-24115000.0,-0.55,50559000.0,0.2516537502426496,427003000.0,217528000.0,194905000.0,85386000.0,208805000.0,0.0,-84062000.0,260816060.0,327976060.0,6.113428137822495,2.2826341554821634,0.1947972262489959,0.38238295759626345,-0.06074082376533992,6.113428137822495,-0.09052167996763635,1.2981929947687239,-3.31136128180387,1.198999944834688,0.0,0.0,0.0,0.47050489106633914,2.182242990654206,-0.046114430109390335,-133.61478483606558,0.2516537502426496,-54.0,0.6728612411902841,0.607598538123947,0.1827967811614105,-0.019452309840580273,-43.65079365079365,-10.117202268431003,-1.8874151095408132,-0.06989125900312271,0.3809989709552022,Medical Care Facilities,Healthcare,CCRN
2018Q3,2018,Q3,2018-11-02,2018-09-30,-441000.0,200717000.0,2645000.0,-0.01,51562000.0,0.25688905274590595,456938000.0,236607000.0,206243000.0,91955000.0,219683000.0,0.0,-64371000.0,298277720.0,360798720.0,6.647384390627634,2.242868794519058,0.19824571386052375,0.3828542688931435,-0.0007528822616638135,6.647384390627634,-0.0018638501819472797,1.486061071060249,-169.09167800453514,1.2606462192580947,0.0,0.0,0.0,0.43926528325505865,2.159230058180632,-0.0009651199943974893,110.39145817912657,0.25688905274590595,-1.25,-1.4213727721179374,0.6223385964030514,-0.02885260920013351,-0.039617053772653614,-1.286549707602339,-0.39083371718102256,-1.078016456370554,-0.09111330127705275,0.4811777289410058,Medical Care Facilities,Healthcare,CCRN
2018Q2,2018,Q2,2018-08-02,2018-06-30,1539000.0,204572000.0,4342000.0,0.04,53689000.0,0.26244549596230177,459201000.0,236267000.0,205700000.0,88442000.0,222330000.0,0.0,-63930000.0,401085000.0,465270000.0,6.627033546505105,2.32581805024762,0.21067898371301455,0.4094689482661565,0.007946014567888017,6.627033546505105,0.0065138169951791825,1.9606055569677179,65.15350877192982,1.6975921309366098,0.0,0.0,0.0,0.4454955455236378,2.2393998326586915,0.0033514735377318428,118.66420118343196,0.26244549596230177,-0.20000000000000004,1.9172973726577227,0.6038470820107236,-0.030094704540173062,-0.0011906312205830372,-0.06272838002436054,0.022128060263653482,-0.4732349883568105,-0.06465966306067296,0.5286413207156091,Medical Care Facilities,Healthcare,CCRN
2018Q1,2018,Q1,2018-05-04,2018-03-31,1642000.0,210288000.0,4248000.0,0.05,53753000.0,0.25561610743361485,459794000.0,235500000.0,203469000.0,87636000.0,223693000.0,0.0,-65275000.0,397771330.0,463089330.0,6.577661089852806,2.3217513350677805,0.21300625932482808,0.4158768577494692,0.007934066153056727,6.577661089852806,0.0069723991507431,1.8915550578254585,60.562017356881846,1.6890502335456474,0.0,0.0,0.0,0.45735264053032443,2.239182527728331,0.0035711644780053674,32.41820130399348,0.25561610743361485,-0.935064935064935,0.2238600628646387,0.6452926366563023,-0.046783735627012796,-0.07804058110217313,-0.9412522361359571,1.6718329906689862,-0.5108357574617642,-0.011612438821474402,0.5460865585513697,Medical Care Facilities,Healthcare,CCRN
2017Q4,2017,Q4,2018-03-02,2017-12-31,27950000.0,219674000.0,-6323000.0,0.77,58303000.0,0.26540692116499903,467687000.0,237089000.0,208887000.0,94588000.0,229968000.0,0.0,-67111000.0,456297600.0,529894600.0,6.630005592841163,2.208387956188946,0.2119665502782844,0.4181299005858559,0.07063425729412735,6.630005592841163,0.11788821919194901,2.077157970447117,4.081373881932021,1.924583595189992,0.0,0.0,0.0,0.4697030278797572,2.1423119211739334,0.05976219138013244,28.998894184938035,0.26540692116499903,3.0526315789473686,3.5334868593971125,2.134176544349966,-0.020286436453476997,-0.03599537037037037,3.1573702216272497,-1.7557069439464563,2.2086822185108135,0.020841696702019866,0.595963095016755,Medical Care Facilities,Healthcare,CCRN
2017Q3,2017,Q3,2017-11-03,2017-09-30,6723000.0,228488000.0,8367000.0,0.19,60480000.0,0.26469661426420643,456656000.0,208702000.0,201982000.0,94219000.0,247308000.0,0.0,-95061000.0,508694040.0,593260040.0,5.838144791316997,2.143750199004447,0.20875889071861534,0.45678048126036164,0.026912557866928432,5.838144791316997,0.032213395175896734,2.2263490424004764,18.916184738955824,2.437418136865004,0.0,0.0,0.0,0.5003503731474019,2.0716203738099535,0.014722241687397077,201.62268727705114,0.26469661426420643,0.4615384615384615,1.3302062448503158,0.5296590039061517,-0.17314265522724515,0.06991225587319558,0.38618556701030926,0.2974104512327493,1.7729724686856931,0.056961262356124795,0.21844935177377145,Medical Care Facilities,Healthcare,CCRN
2017Q2,2017,Q2,2017-08-04,2017-06-30,4850000.0,209313000.0,6449000.0,0.13,56528000.0,0.2700644489353265,382490000.0,200954000.0,200515000.0,89605000.0,180842000.0,0.0,-101784000.0,460254410.0,461662410.0,5.636700232812544,2.237765749679147,0.0924050301968679,0.17588104740388347,0.02385120468153462,5.636700232812544,0.024134876638434666,2.1988811492836087,23.72445412371134,2.290347094359903,0.0,0.0,0.0,0.5472378362833015,2.154299425255287,0.0126800700671913,21.0942027590632,0.2700644489353265,2.625,1.2888809124208251,0.4320363522796454,-0.2596118592345827,0.06106053496011262,3.4129353233830844,0.9812596006144393,2.3322273525776644,0.49110312833197706,0.11879224538751508,Medical Care Facilities,Healthcare,CCRN
2017Q1,2017,Q1,2017-05-05,2017-03-31,-2010000.0,207573000.0,3255000.0,-0.08,53275000.0,0.25665669427141297,368395000.0,195278000.0,186136000.0,79897000.0,172501000.0,0.0,-106634000.0,472041920.0,494809920.0,5.940557313214894,2.329699488090917,0.09817994272452124,0.18521799690697366,0.017870878614125698,5.940557313214894,-0.010293018158727558,2.274100774185467,-58.711681592039795,2.4172816190251845,0.0,0.0,0.0,0.5634522726964264,2.2347772757425184,-0.005456100109936346,1475.131,0.25665669427141297,0.6666666666666666,-2.221277341418937,0.5336813694598802,-0.2675836086464317,-0.075616400326202,0.7450532724505328,-0.6261199172984149,-1.4316195999175907,0.6628780200626492,0.1526764293152604,Medical Care Facilities,Healthcare,CCRN
2016Q4,2016,Q4,2017-03-03,2016-12-31,-7884000.0,222523000.0,8706000.0,-0.24,57633000.0,0.2589979462797104,388378000.0,151243000.0,205611000.0,97092000.0,236576000.0,0.0,-104089000.0,503625430.0,570018430.0,4.6878157641880795,2.117692497837103,0.22406778962763083,0.5753853070885925,0.04110099513099793,4.6878157641880795,-0.05212803237174613,2.26325112460285,-15.969857623033992,3.3299090205827704,0.0,0.0,0.0,0.572954698772845,2.031959378733572,-0.0202998110088625,-139.0462258420762,0.2589979462797104,-2.090909090909091,-15.135935541804455,0.7012689413581595,-0.4214794705960159,-0.009912386187940216,-1.5605004976539172,-0.06678100546682388,0.8555437115512178,0.9637357540303662,-0.09302386949553257,Medical Care Facilities,Healthcare,CCRN
2016Q3,2016,Q3,2016-11-04,2016-09-30,14066000.0,214988000.0,9329000.0,0.22,58210000.0,0.27075929819338757,364736000.0,158696000.0,183410000.0,84706000.0,205493000.0,0.0,-96206000.0,379563380.0,425364380.0,4.925235095124298,2.1652539371473094,0.19879584137567993,0.4568987246055351,0.038205295823424086,4.925235095124298,0.0886348742249332,1.7655096098386887,6.746114389307549,2.391764001613147,0.0,0.0,0.0,0.5894345499210388,2.0846693268481573,0.03856487980347429,22.33514063787219,0.27075929819338757,1.4074074074074074,6.6322500544166685,0.5883508657649562,-0.38753299145656633,0.0613353754147978,1.8160352729593316,1.5482487070992008,13.846916776960974,0.9195938239137761,-0.28044943234367714,Medical Care Facilities,Healthcare,CCRN
2016Q2,2016,Q2,2016-08-05,2016-06-30,-17237000.0,199443000.0,-17016000.0,-0.54,54846000.0,0.2749958634797912,344366000.0,143807000.0,164435000.0,73922000.0,200089000.0,0.0,-110272000.0,446623200.0,516165200.0,4.482063269440548,2.224439273829171,0.23164598131058234,0.5547087415772528,-0.0548299789062198,4.482063269440548,-0.11986203731389988,2.2393525969825965,-6.477681731159715,3.1057125174713334,0.0,0.0,0.0,0.5791599635271775,2.132666865073997,-0.05005430268958027,51.51957549890414,0.2749958634797912,-7.0,-11.63802683213623,0.5361429595078685,-0.43994886504703945,0.07444265956196372,-1.9061612869309221,-4.2944820909970955,-10.416029059735267,0.7374704202988365,-0.34402370697082996,Medical Care Facilities,Healthcare,CCRN
2016Q1,2016,Q1,2016-05-06,2016-03-31,19022000.0,196583000.0,5165000.0,0.09,51046000.0,0.25966640045171757,360040000.0,160297000.0,154756000.0,77692000.0,199255000.0,0.0,-93034000.0,371648280.0,441088280.0,5.016178495431218,1.9919167996704938,0.19807799133429618,0.4448991559417831,0.021410713775574974,5.016178495431218,0.11866722396551402,1.8905412980776568,4.884453264640943,2.3184980380169313,0.0,0.0,0.0,0.5460032218642373,1.9102610307367553,0.05283301855349406,234.92305941845765,0.25966640045171757,1.473684210526316,88.44080508041553,0.5677336353320008,-0.368889051731319,0.011232393668654292,4.119383404394884,-0.08681046676096181,14.88480155464195,0.723223576989411,-0.2730694297674652,Medical Care Facilities,Healthcare,CCRN
2015Q4,2015,Q4,2016-03-11,2015-12-31,-6098000.0,193148000.0,5656000.0,-0.19,50479000.0,0.26134881023878065,366097000.0,140848000.0,158745000.0,86046000.0,224753000.0,0.0,-112056000.0,521480630.0,608901630.0,4.42681585316026,1.8448852939125584,0.24549231487829729,0.6380921276837441,0.027776057355853024,4.42681585316026,-0.04329489946609111,2.699901785159567,-21.37916653000984,3.7024354623423834,0.0,0.0,0.0,0.5275869509993253,1.7687283546010273,-0.016656787681953143,-433.4834829592685,0.26134881023878065,-2.1875,0.007113287359267707,0.6609726550745125,-0.4403159116874971,-0.01955871499048285,-2.2174086644040725,-0.1763506625891947,0.37875551550448766,2.0972288479500554,-0.34585099907806627,Medical Care Facilities,Healthcare,CCRN
2015Q3,2015,Q3,2015-11-06,2015-09-30,5009000.0,195692000.0,6867000.0,0.16,51486000.0,0.2630971117879116,339726000.0,141553000.0,159724000.0,74115000.0,197707000.0,0.0,-105958000.0,429273010.0,476695010.0,4.4879046320662,2.1550833164676515,0.2119531622542873,0.5086857926006514,0.06847071300558544,4.4879046320662,0.03538603915141325,2.1936155284835355,21.425085346376523,3.0325956355569996,0.0,0.0,0.0,0.5760289174216869,2.0693246981042974,0.014744235060018956,35.441959214002644,0.2630971117879116,1.0,4.3898028891209595,0.6672696230411229,-0.4454492442031948,0.06457415793064947,0.9467547609794015,0.5888477556686719,1.2788364171021267,0.48484319805349785,-0.36437737666549164,Medical Care Facilities,Healthcare,CCRN
2015Q2,2015,Q2,2015-08-06,2015-06-30,2573000.0,192617000.0,4322000.0,0.08,48363000.0,0.2510837568854255,331654000.0,136118000.0,141420000.0,73160000.0,195106000.0,0.0,-110967000.0,398126640.0,461206640.0,4.3352442830753555,1.9330235101148168,0.21636705723434663,0.5271822977122791,0.019313780815376685,4.3352442830753555,0.01890271676045784,2.066934071239818,38.68311698406529,2.924864015045769,0.0,0.0,0.0,0.5807769542957419,1.827542372881356,0.007758085233405899,75.4599393479909,0.2510837568854255,0.6,1.1593757228921722,0.6160197190319585,-0.46027225848898207,0.028190573378404235,-0.12304021813224267,0.16182795698924732,1.1740149759399165,0.4963120931443039,-0.4305598449558685,Medical Care Facilities,Healthcare,CCRN
2015Q1,2015,Q1,2015-05-07,2015-03-31,2934000.0,185964000.0,3720000.0,0.05,47037000.0,0.2529360521391237,333498000.0,133137000.0,141296000.0,76439000.0,199921000.0,0.0,-113540000.0,371146840.0,438953840.0,4.254393813510577,1.8484804877091536,0.22570450197602385,0.5653725110224807,0.013320535115974237,4.254393813510577,0.022037450145339012,1.9957994020348024,31.624645535105653,2.7877061973756354,0.0,0.0,0.0,0.5576165374305093,1.7627258336712934,0.008797653958944282,-1189.573205128205,0.2529360521391237,1.076923076923077,1.5614797730434318,0.5183658087752273,-0.467187004187603,-0.012678155370374257,1.1451253895236682,1.4192021636240704,5.939206911736769,0.4433053085053137,-0.47547214848735103,Medical Care Facilities,Healthcare,CCRN
2014Q4,2014,Q4,2015-03-06,2014-12-31,-20217000.0,188134000.0,-8874000.0,-0.65,47641000.0,0.25322908139942807,325133000.0,129878000.0,131183000.0,66996000.0,194801000.0,0.0,-116474000.0,390174720.0,459253720.0,4.154234902763562,1.958072123708878,0.22782676627718504,0.5703352376845963,-0.04375421220097306,4.154234902763562,-0.15566146691510493,2.0739192277844514,-4.824834545184745,3.0041632917045225,0.0,0.0,0.0,0.5786370500687411,1.851677712102215,-0.06218070758735656,-215.68530679933664,0.25322908139942807,-1.7083333333333335,-51.34320966133521,0.5031439716312305,-0.47649697868423685,0.007699304101360069,-1.659431728492502,-6.033465683494044,-38.40717037948872,0.48431324422311844,-0.4873283644005295,Medical Care Facilities,Healthcare,CCRN
2014Q3,2014,Q3,2014-11-06,2014-09-30,-7602000.0,188944000.0,1763000.0,-0.24,47277000.0,0.2502169955118977,336468000.0,149709000.0,131098000.0,65545000.0,186435000.0,0.0,-96257000.0,290266050.0,347892050.0,4.791454632741239,2.0001220535509954,0.19424729840579194,0.4365669398633349,0.008386832771987656,4.791454632741239,-0.050778510310001405,1.5362543928359726,-9.545713299131807,1.9388684047051277,0.0,0.0,0.0,0.5615511727712591,1.8558394995804408,-0.02259353043974464,187.75294307891332,0.2502169955118977,-1.3999999999999997,-8.744975658915346,0.4374024556545237,-0.39345286872614266,0.45754716981132076,-1.3898145237346746,1.944801714898178,-5.253714412895088,0.439540260953718,-0.4041689728899037,Medical Care Facilities,Healthcare,CCRN
2014Q2,2014,Q2,2014-08-08,2014-06-30,-3181000.0,122656000.0,-1866000.0,-0.1,32436000.0,0.2644469084268197,341379000.0,156945000.0,135600000.0,75182000.0,184136000.0,0.0,-88655000.0,203104520.0,258608520.0,5.038201020834002,1.80362320768269,0.1898095664935453,0.41286437924113545,-0.012307450192970458,5.038201020834002,-0.020268246838064292,1.655887359770415,-15.962316881483808,1.2941127146452578,0.0,0.0,0.0,0.35929568016779007,1.6905509297438217,-0.009318089279071061,59.007704822777455,0.2644469084268197,-2.3333333333333335,-2.3718317710787007,-0.18656983562860088,-0.35893529636555327,0.0652216748768473,-3.067774936061381,-0.2515090543259557,-3.0220557237725814,-0.0269577791345412,-0.370457302761046,Medical Care Facilities,Healthcare,CCRN
2014Q1,2014,Q1,2014-05-08,2014-03-31,-782000.0,118091000.0,-1491000.0,-0.03,30450000.0,0.2578519954949996,259859000.0,160270000.0,94537000.0,55482000.0,99589000.0,0.0,-85473000.0,250960860.0,263346860.0,5.153707633931442,1.703921992718359,0.07521001774038998,0.12194421913021776,-0.003499334633555592,5.153707633931442,-0.004879266238222999,2.1251480637813214,-80.23045396419437,1.5658629812191927,0.0,0.0,0.0,0.4544426015646947,1.563660286218954,-0.0030093242874020144,-21.228291321265438,0.2578519954949996,0.9734513274336283,-1.2549004418095677,-0.3337906504915104,-0.33136874050208837,0.06610786042550904,0.9851286475628868,0.7902669517685729,-4.7783851766101435,-0.032250242430381784,-0.35158581080946855,Medical Care Facilities,Healthcare,CCRN
2013Q4,2013,Q4,2014-03-18,2013-12-31,-52584323.0,109178716.0,-7109037.0,-1.13,28561838.0,0.26160628230872396,248244566.0,160666580.0,83934918.0,44905135.0,87577986.0,0.0,-84690996.0,310228300.0,310750006.0,5.168620878237092,1.8691607986480834,0.034547861966090325,0.05337960763215349,-0.30408274290856835,5.168620878237092,-0.32728849397304655,2.841472325063797,-1.4749086909419753,1.9308825768246267,0.0,0.0,0.0,0.439803044873095,1.7142580909733374,-0.21182466890332657,-78.05170818771258,0.26160628230872396,-38.666666666666664,0.677321119567437,-0.4750640472435034,-0.32030513495715546,0.013406116945784842,-58.532082056892776,-8.777939824945296,-7.763486499038502,-0.039010581059334345,-0.34652920744287186,Medical Care Facilities,Healthcare,CCRN
2013Q3,2013,Q3,2013-11-07,2013-09-30,914000.0,108048000.0,914000.0,0.03,28184000.0,0.26084703094920775,275498000.0,212773000.0,117343000.0,37376000.0,62725000.0,0.0,-32107000.0,187753400.0,155555400.0,6.8448769502975715,3.1395280393835616,0.0009255965560548534,0.001198460330963045,0.007705957303430089,6.8448769502975715,0.004295657813726365,1.737685102917222,51.35486870897156,0.8824117721703412,0.0,0.0,0.0,0.3921915948573129,2.5995558647260273,0.003317628440133867,27.16339699074074,0.26084703094920775,1.5999999999999999,-0.8536746424296431,-0.4007626745012785,-0.4728398324180482,0.01242905381133702,1.6273164035689773,1.5614250614250613,-0.002087107262591025,-0.06594148291444255,-0.15420847871803486,Medical Care Facilities,Healthcare,CCRN
2013Q2,2013,Q2,2013-08-07,2013-06-30,-1457000.0,110768000.0,-1628000.0,-0.05,27838000.0,0.25131807020078,274529000.0,211546000.0,115727000.0,38190000.0,62983000.0,0.0,-33021000.0,162235640.0,136677640.0,6.832660443784116,3.030295888976172,0.001300409064251864,0.0016875762245563612,-0.006515816388579328,6.832660443784116,-0.006887390922068959,1.464643579373104,-27.837275223061084,0.7669047866657842,0.0,0.0,0.0,0.4034837849553235,2.5011521340665097,-0.00530727172721279,28.372794683455755,0.25131807020078,-2.25,-1.226520890624212,-0.3582010792141754,-0.46600033173579614,-0.03594680703698573,-2.2582037996545767,-7.180904522613066,-2.2400379764695484,-0.057560757846712,-0.1493498061384401,Medical Care Facilities,Healthcare,CCRN
2013Q1,2013,Q1,2013-05-09,2013-03-31,1158000.0,110316000.0,-199000.0,0.04,28876000.0,0.2617571340512709,281396000.0,213239000.0,115636000.0,38134000.0,68157000.0,0.0,-31564000.0,165325700.0,144901700.0,6.900491877548379,3.032359574133319,0.0017093348874895166,0.002255684935682497,-0.0006789241763658732,6.900491877548379,0.00543052631085308,1.4986556800464121,35.69207685664939,0.7753070498360993,0.0,0.0,0.0,0.39203115893616114,2.497954581213615,0.004115197088800125,-94.63405838580424,0.2617571340512709,1.129032258064516,-0.8004690759373304,-0.37965335251162935,-0.4436893326041042,1.013232141854919,1.12146644615297,-1.010268581191169,0.023797042633284207,-0.08786203422017369,-0.13579421393013869,Medical Care Facilities,Healthcare,CCRN
2012Q4,2012,Q4,2013-03-18,2012-12-31,-9533497.0,60568146.0,19379503.0,-0.31,14343105.0,0.23680937831578996,305923555.0,209122789.0,145368085.0,72586105.0,96800766.0,0.0,-32721673.0,148329600.0,171725565.0,6.7672897870687985,2.0026985192276126,0.11067685520325495,0.16190802141606864,0.04986310037693085,6.7672897870687985,-0.045588034884136895,2.4489704538752104,-3.8896954601233946,0.7092942892990969,0.0,0.0,0.0,0.19798457820614696,1.0912070016706366,-0.03116300410408084,34.16746271180233,0.23680937831578996,0.45614035087719296,-2.3222822755902106,-0.6640245755247407,-0.460107001440457,-0.5485472600799471,0.4583240340909091,1.821374205306434,-25.017863804866042,-0.510406634510217,-0.147208395150433,Medical Care Facilities,Healthcare,CCRN
2012Q3,2012,Q3,2012-11-08,2012-09-30,-17600000.0,129123000.0,-23594000.0,-0.57,31771000.0,0.24605221378065875,301338000.0,218188000.0,106715000.0,68359000.0,83150000.0,0.0,-23188000.0,148638620.0,178312620.0,7.060643324056695,1.561096563729721,0.11450928857296458,0.15814801913945772,-0.06735702336328402,7.060643324056695,-0.08066438117586669,1.151139765959589,-2.111344034090909,0.6812410398372046,0.0,0.0,0.0,0.42849889492861837,1.2515104082856683,-0.05840617512560646,100.56740189445196,0.24605221378065875,-0.21276595744680848,-3.581807154278529,-0.27876046477715327,-0.41826410204184383,-0.0030125207895314904,-0.21345835631549917,-0.16421592815553143,-19.130041597778312,-0.006786015600369447,-0.1061977454841568,Medical Care Facilities,Healthcare,CCRN
2012Q2,2012,Q2,2012-08-09,2012-06-30,-14504000.0,126272000.0,-20266000.0,-0.47,31867000.0,0.25236790420679167,317250000.0,234478000.0,103864000.0,36158000.0,82772000.0,0.0,-5588000.0,134591630.0,164612630.0,7.613169258742167,2.872504010177554,0.11419385342789598,0.154504900246505,-0.052135222420360984,7.613169258742167,-0.06185654944173867,1.0658865781804359,-2.319905370932157,0.5740053651088801,0.0,0.0,0.0,0.39802048857368005,2.3499917030809225,-0.04571788810086683,115.13398631308812,0.25236790420679167,-22.499999999999996,-3.7627678644277345,-0.2508697830571493,-0.36152035581678993,-0.051690274967265804,-23.835616438356166,-532.3157894736842,-7.326454016123344,-0.15301852439501964,-0.031294290483366724,Medical Care Facilities,Healthcare,CCRN
2012Q1,2012,Q1,2012-05-10,2012-03-31,-584000.0,126672000.0,-38000.0,-0.02,33604000.0,0.26528356700770495,334651000.0,249540000.0,105449000.0,53504000.0,85111000.0,0.0,8915000.0,154137660.0,184928660.0,8.11090164467269,1.9708619916267942,0.11874161439828358,0.15924100344634126,-9.911550045569817e-05,8.11090164467269,-0.0023403061633405467,1.216825028419856,-65.98358732876713,0.6176871844193316,0.0,0.0,0.0,0.37851971158012376,1.6157109748803828,-0.001745101613322536,164.1508626198083,0.26528356700770495,-2.156944922336979,-1.127023608199394,-0.24866730349874705,-0.3105185389812833,-0.029176168268349758,-2.098056027180647,-1.0139555347283482,-1.1924146370019708,-0.2776694650414593,0.05229143124755821,Medical Care Facilities,Healthcare,CCRN
2011Q4,2011,Q4,2012-03-12,2011-12-31,531849.0,124729224.0,2722934.0,0.017286907625300656,34613901.0,0.2775123574888913,335909787.0,249300297.0,104806526.0,46349710.0,86609490.0,0.0,9499824.0,170751300.0,202148784.0,8.103110479100305,2.2612121197737807,0.1251690799946832,0.16865410713890966,0.002219706096572632,8.103110479100305,0.00213336689286014,1.3689758865171806,80.26305398712793,0.684922168383939,0.0,0.0,0.0,0.3713176240381469,1.85588995055201,0.0015833090329100772,64.04604378503048,0.2775123574888913,-0.7118848729116557,-0.9260459697092759,-0.258725319175086,-0.3053715419557951,-0.031589374143188874,-0.7022122060470325,-0.34466089049338144,1.0032974820301244,-0.3940784587644388,0.06559229497944581,Medical Care Facilities,Healthcare,CCRN
2011Q3,2011,Q3,2011-11-04,2011-09-30,1786000.0,131169000.0,4155000.0,0.06,35743000.0,0.2724957878767087,345944000.0,251100000.0,110479000.0,44733000.0,94844000.0,0.0,8968000.0,130520499.99999999,162168500.0,8.041633306645316,2.4697426955491473,0.1328336378142127,0.18300677021107128,0.006863049894933095,8.041633306645316,0.0071127041019514135,0.9950559964625787,18.269946808510635,0.519794902429311,0.0,0.0,0.0,0.3791625234141942,2.0208347305121497,0.005162685290104757,53.36079313164349,0.2724957878767087,0.1999999999999999,14.034102560737114,-0.17295336836772154,-0.29571906648624235,0.03276604351469271,0.1354100445009536,0.59684857801691,-0.7153551848122478,-0.2757946031452128,-0.38067129732997534,Medical Care Facilities,Healthcare,CCRN
2011Q2,2011,Q2,2011-08-05,2011-06-30,1573000.0,126042000.0,2602000.0,0.05,34609000.0,0.2745830754827756,345878000.0,249276000.0,108277000.0,41438000.0,96602000.0,0.0,7182000.0,236724800.0,270678800.0,8.00295364068319,2.6129880785752206,0.14445266828187975,0.20043245238209856,0.007007095019557535,8.00295364068319,0.006310274555111603,1.8781422065660653,37.623140495867766,0.9496493846178533,0.0,0.0,0.0,0.36441172899114715,2.1433466866161495,0.004547846350447268,27.367028901734106,0.2745830754827756,6.533816425120774,-0.6344072212993535,-0.17125442710071367,-0.30060403292647714,0.04952086365841824,6.599033816425121,1.4524033930254476,-0.7569127140955115,-0.2740866768010113,-0.37453725025272844,Medical Care Facilities,Healthcare,CCRN
2011Q1,2011,Q1,2011-05-05,2011-03-31,207000.0,122046000.0,1061000.0,0.00663674254568772,32976000.0,0.27019320584042084,343728000.0,247212000.0,104896000.0,37387000.0,96516000.0,0.0,5609000.0,243536490.0,285574490.0,7.948172202038388,2.8056811191055715,0.15097984452823163,0.20992508454282155,0.0018402838072621142,7.948172202038388,0.0008373379933012961,1.9954483555380758,294.1261956521739,0.9851321537789428,0.0,0.0,0.0,0.35506563329143975,2.2798031401289216,0.0006022203602848765,454.35912313432834,0.27019320584042084,1.034381631192871,-0.9532133404990026,-0.21128105101838063,-0.2974171449544436,0.011613678430541015,1.0344778020417855,1.127165239903038,-0.9645630522902812,-0.3181265332538989,-0.3592264057755232,Medical Care Facilities,Healthcare,CCRN
2010Q4,2010,Q4,2011-03-11,2010-12-31,-6003863.0,113676524.0,-8343475.0,-0.1930316368195994,32597424.0,0.2867559884220246,348207767.0,246008876.0,104414503.0,36903382.0,102198891.0,0.0,5401975.0,263442410.00000003,305998742.0,7.909490274250072,2.8294020044016563,0.15368122446275015,0.21752465549251157,-0.018375173828610113,7.909490274250072,-0.024405066587922623,2.3174741866667214,-10.969704421969656,1.0708654674719948,0.0,0.0,0.0,0.3264617701649372,2.315077111360688,-0.01724218575515003,47.047723428208954,0.2867559884220246,-7.434387893986647,-2.2694037679117414,-0.29174131381902285,-0.2927412620546094,0.005193622991766629,-7.554435589519651,-3.8388822728819325,-1.8273457184977275,-0.3735039684681888,-0.36898247960324854,Medical Care Facilities,Healthcare,CCRN
2010Q3,2010,Q3,2010-11-05,2010-09-30,916000.0,115687000.0,2939000.0,0.03,32429000.0,0.2803167166578786,356873000.0,251591000.0,99274000.0,36279000.0,105282000.0,0.0,11406000.0,223522720.0,269827720.0,8.092865414307772,2.7364039802640647,0.15441067270429537,0.2190261177864073,0.0050216393588618435,8.092865414307772,0.0036408297594111077,1.9321334289937504,61.00510917030568,0.8884368677734895,0.0,0.0,0.0,0.3241685417501464,2.076766173268282,0.0025667394283120327,415.46973977695166,0.2803167166578786,-0.25000000000000006,-0.809029180293524,-0.2608769543260458,-0.26566601220712205,-0.0363425650778557,-0.22241086587436332,-0.12451593684837653,-0.8664326188995245,-0.3576758052548673,-0.3332179359908658,Medical Care Facilities,Healthcare,CCRN
2010Q2,2010,Q2,2010-08-05,2010-06-30,1178000.0,117837000.0,3357000.0,0.04,33652000.0,0.28558092958917825,353418000.0,249330000.0,95384000.0,35080000.0,104088000.0,0.0,10490000.0,279058590.0,325108590.0,8.03227988789021,2.719042189281642,0.15944292594038786,0.22600569526330566,0.005729354165792557,8.03227988789021,0.004724662094413027,2.368174597112961,59.22296052631579,1.1192339068704127,0.0,0.0,0.0,0.33342104816393053,2.140193842645382,0.003333163562693468,21.482570438799076,0.28558092958917825,0.0,-0.020019881760245398,-0.22994992806227668,-0.26485284230624107,0.0005649213570005649,0.03788546255506608,0.3854725546842757,-0.777360197968673,-0.30636205131031835,-0.32637157660574495,Medical Care Facilities,Healthcare,CCRN
2010Q1,2010,Q1,2010-05-06,2010-03-31,1135000.0,121361000.0,2423000.0,0.04,33633000.0,0.2771318627895288,354423000.0,247600000.0,107650000.0,35798000.0,106823000.0,0.0,9312000.0,313500990.0,357442990.0,7.984778612660841,3.0071512374993015,0.1615075771041947,0.23118739903069466,0.006813754600942202,7.984778612660841,0.004584006462035542,2.5832103394006314,69.05308149779735,1.2661590872374797,0.0,0.0,0.0,0.34241852249995064,2.4355271244203585,0.0032023881068666536,31.34069679096271,0.2771318627895288,2.1140725267883145,-0.6757839583177899,-0.20239911034720845,-0.266073154798792,-0.07022246240023924,1.8495536117778202,0.06149159940892923,-0.7550650642746448,-0.2858094781595542,-0.3212398491622243,Medical Care Facilities,Healthcare,CCRN
2009Q4,2009,Q4,2010-03-15,2009-12-31,398308.0,124139482.0,2282637.0,0.012844915992131316,36173169.0,0.2913913318890762,356588895.0,246070538.0,106207511.0,34556175.0,110518357.0,0.0,8176838.0,307299190.0,362508467.0,7.935455448418201,3.073474161998543,0.17417613916440106,0.25240436138681505,0.003095909664037103,7.935455448418201,0.0016186740730416089,2.4754347694152616,192.87786712795125,1.2488256111343163,0.0,0.0,0.0,0.3481305327806128,2.469812269442437,0.0011169949641869805,146.9267415502557,0.2913913318890762,-0.5718361335956228,-0.9257370562634334,-0.13538003855335148,-0.26213497729380253,0.023170475759461448,-0.5885247933884298,-0.39291569148936173,-0.9450489742321763,-0.26801168276539533,-0.31974354832871005,Medical Care Facilities,Healthcare,CCRN
2009Q3,2009,Q3,2009-11-06,2009-09-30,968000.0,129635000.0,3760000.0,0.03,35354000.0,0.272719558761137,367762000.0,243417000.0,102859000.0,41347000.0,124345000.0,0.0,7778000.0,286878340.0,344357340.0,7.899558642175634,2.4877016470360607,0.18893197230817757,0.28544431982975715,0.0051220273465187515,7.899558642175634,0.003976714855577055,2.2129697998225786,74.09048037190084,1.178546855807113,0.0,0.0,0.0,0.3524969953393771,1.9909304181681864,0.002632137088660601,15.093299310780239,0.272719558761137,-0.5714285714285715,-0.8040431032606031,-0.183802649004909,-0.2525854988635165,-0.13337418801323692,-0.5776614310645725,-0.16388703580164554,7.257066460103826,-0.17172332686832867,-0.30816187176047377,Medical Care Facilities,Healthcare,CCRN
2009Q2,2009,Q2,2009-08-07,2009-06-30,2292000.0,149046000.0,4497000.0,0.07,40795000.0,0.2737074460233753,392553000.0,241990000.0,124402000.0,44973000.0,150563000.0,0.0,6810000.0,211534170.0,293035170.0,7.85911467636647,2.7661485780357102,0.23700748688712098,0.3844704326625067,0.010615929236877725,7.85911467636647,0.00947146576304806,1.419254257074997,23.07309882198953,0.8741442621595934,0.0,0.0,0.0,0.3796837624473638,2.1105107508949814,0.005838702035139204,8.753017337691894,0.2737074460233753,-0.3,-0.533047014322711,-0.07490873159333253,-0.24599247856193793,-0.09463148316651501,-0.2450592885375494,-0.3721027645908964,-0.46112272194988024,-0.008637166277808143,-0.3131744408118535,Medical Care Facilities,Healthcare,CCRN
2009Q1,2009,Q1,2009-05-08,2009-03-31,3036000.0,175417000.0,7162000.0,0.1,45059000.0,0.2568679204410063,418041000.0,237209000.0,155894000.0,53298000.0,180832000.0,0.0,0.0,201576250.0,299932250.0,7.707847278635256,2.9249502795602087,0.28093655885427504,0.49510347415148664,0.01107884575030108,7.707847278635256,0.012798839841658622,1.149126082420746,16.59883481554677,0.849783313449321,0.0,0.0,0.0,0.41961673615745826,2.319430372621862,0.007262445549599202,8.193823421812121,0.2568679204410063,1.019075025456249,-0.3528648276533387,0.05211214953658086,-0.2496112624298045,-0.1706712972186963,1.0188177992803158,1.0308043526145942,-0.30648209368839624,0.14570978661685624,-0.3186607927430351,Medical Care Facilities,Healthcare,CCRN
2008Q4,2008,Q4,2009-03-17,2008-12-31,-161336613.0,205910671.0,-232499611.0,-5.242456961819659,54331895.0,0.2638614829243114,425849444.0,234023112.0,161380029.0,56281483.0,191826332.0,0.0,1482530.0,270512250.0,393419905.0,7.604325329000813,2.8673734307960577,0.3125059757034695,0.5686639018799134,-0.4352699714426223,7.604325329000813,-0.6894046131648741,1.313735945234232,-0.4191736844010726,1.155921086973666,0.0,0.0,0.0,0.48352927049964634,2.299064596432187,-0.37885833895793464,30.88193440700181,0.2638614829243114,-27.212284809098296,-33.51643221597481,0.2138143431387892,-0.24410664454038475,0.14532431805725368,-27.144322314049585,-21.651946260437022,-35.47514992927482,0.29659456495345377,-0.32002880733990013,Medical Care Facilities,Healthcare,CCRN
2008Q3,2008,Q3,2008-11-10,2008-09-30,6171000.0,178134000.0,11258000.0,0.2,47438000.0,0.26630514107357384,667342000.0,398752000.0,169451000.0,74512000.0,268590000.0,0.0,0.0,500265900.0,632036900.0,12.984435037447085,2.2741437620785914,0.21639279409957712,0.3621499077120616,0.012124887529131847,12.984435037447085,0.015475784447476125,2.808368419279868,20.266808458920757,1.2545790365941738,0.0,0.0,0.0,0.26693059930290614,1.8656994846467683,0.00924713265462087,39.556092353917926,0.26630514107357384,-0.04761904761904753,-0.05370379101334083,0.007822003323891033,0.3121519425867911,0.039395267309377736,-0.03139224611520954,0.014508425700639812,0.30238699761995697,0.15210476151730876,0.17818738755111982,Medical Care Facilities,Healthcare,CCRN
2008Q2,2008,Q2,2008-08-07,2008-06-30,6371000.0,170951000.0,11097000.0,0.21,45640000.0,0.26697708700153844,533226000.0,392392000.0,136055000.0,50080000.0,140834000.0,0.0,0.0,441911470.0,471440470.0,12.795252225519288,2.716753194888179,0.06440233597011398,0.08751707476197272,0.015632665927260307,12.795252225519288,0.01623631470570246,2.5850183385882506,17.34074203421755,1.1261989795918368,0.0,0.0,0.0,0.32059764527611184,2.242711661341853,0.011948029540945116,30.754504140858792,0.26697708700153844,0.1052631578947368,-0.019813911883286475,0.0827183064725995,0.31345286139841577,0.010248577816145384,0.08905982905982907,0.102095540768696,4.364682080552106,0.13076757020483587,0.1710738964346482,Medical Care Facilities,Healthcare,CCRN
2008Q1,2008,Q1,2008-05-12,2008-03-31,5850000.0,179251000.0,10069000.0,0.19,45177000.0,0.2520320667667126,536344000.0,386373000.0,142953000.0,56414000.0,149971000.0,0.0,0.0,385313130.0,423929130.0,12.404025811422517,2.5339986528166767,0.07857084259355936,0.10906818022998502,0.014567641975003879,12.404025811422517,0.01514080952861613,2.149573112562831,16.466373076923077,0.9972568735393,0.0,0.0,0.0,0.3342090151097057,2.1004006097777146,0.010907178974687888,36.595415519042646,0.2520320667667126,-0.185648067308895,-0.1410846578592729,0.1525846400506843,0.296341398910865,-0.03290867684088039,-0.19504743647376288,-0.16196728035286428,0.6635588002602628,0.17276696172637174,0.14012522740915306,Medical Care Facilities,Healthcare,CCRN
2007Q4,2007,Q4,2008-03-13,2007-12-31,7267509.0,181716469.0,12015044.0,0.23331436001155736,46714306.0,0.25707249462347853,535307561.0,390437198.0,149139525.0,50409119.0,144870363.0,0.0,144427143.0,443561760.0,473946697.0,12.534501845966163,2.958582255722422,0.073698704958139,0.10104435284877748,0.018108792389324162,12.534501845966163,0.018613772041259247,2.4409552003786734,15.258383580949126,1.1360642947755197,0.0,0.0,0.0,0.33946180147453586,2.4921727356512617,0.013576324209625725,26.06417122040608,0.25707249462347853,0.06051981823435165,-0.15290046592487702,0.09718390208080449,0.34360828374453295,0.01867299053600244,0.030998581359058024,-0.029479483037156706,0.34890809726474487,0.25994988310665323,0.16549964262332073,Medical Care Facilities,Healthcare,CCRN
2007Q3,2007,Q3,2007-11-06,2007-09-30,7049000.0,185124000.0,12380000.0,0.22,45858000.0,0.24771504505088482,536646000.0,387832000.0,149692000.0,49630000.0,148814000.0,0.0,0.0,583160500.0,627274500.0,12.137197221005195,3.01615958089865,0.08220316558774313,0.11374512675591493,0.01754810377222757,12.137197221005195,0.018175395532086056,3.1501074955165187,20.682384026102994,1.5036420408836815,0.0,0.0,0.0,0.34496483715521964,2.54243401168648,0.013135288439679043,104.77191879266978,0.24771504505088482,0.29411764705882343,0.22365970479703545,0.1969373446547406,0.32708769157784195,0.1022762781530178,0.2907892327412562,0.3306104901117799,0.376054243001584,0.12397973689529218,0.14835747375809163,Medical Care Facilities,Healthcare,CCRN
2007Q2,2007,Q2,2007-08-09,2007-06-30,5461000.0,175339000.0,9304000.0,0.17,41603000.0,0.23727179920040606,508555000.0,382018000.0,141956000.0,45732000.0,126537000.0,0.0,130234000.0,534393840.0,563399840.0,11.9239028653474,3.1040846671914633,0.05703611212159943,0.07592835939667765,0.014087293784440425,11.9239028653474,0.014295137925438068,3.047775109929907,24.46410181285479,1.3988708385468747,0.0,0.0,0.0,0.3447788341477323,2.5722251377591183,0.010738268230574863,62.951329956414185,0.23727179920040606,0.13333333333333347,-0.3124123146592107,0.1368353654600642,0.3289067434790509,0.027513645681543134,0.13723448563098709,0.11826923076923077,0.06927427005916051,0.045926529011091996,0.1439853998320209,Medical Care Facilities,Healthcare,CCRN
2007Q1,2007,Q1,2007-05-08,2007-03-31,4802000.0,176093000.0,8320000.0,0.15,40489000.0,0.22992963945188055,507389000.0,378017000.0,149127000.0,57075000.0,129372000.0,0.0,124650000.0,585802820.0,612161820.0,11.76377046119375,2.612825229960578,0.051950278780186404,0.06972966824243354,0.012611784544532392,11.76377046119375,0.012703132398807462,3.3266672724071937,30.497856101624322,1.5496732157548472,0.0,0.0,0.0,0.3470571888629828,2.12760402978537,0.009464138954529955,-172.95625036905815,0.22992963945188055,-0.3582944512659376,-0.3116342199275776,0.14053606792824117,0.36608930187258437,-0.01869099306707089,-0.3607041254287323,-0.3360170905370225,-0.019723332982091474,0.01149961308767731,0.1452485429892568,Medical Care Facilities,Healthcare,CCRN
