Quarters,Year,Quarter,FillingDate,Date,NetIncome,Revenue,OperatingIncome,EPSDiluted,GrossProfit,GrossProfitRatio,TotalAssets,CommonStockEquity,CurrentAssets,CurrentLiability,TotalLiability,Inventory,RetainedEarnings,MarketCap,EnterpriseValue,bookValuePerShare,currentRatio,debtToAssets,debtToEquity,roic,shareholdersEquityPerShare,roe,priceToSalesRatio,peRatio,pbRatio,payoutRatio,inventoryTurnover,dividendYield,assetTurnover,quickRatio,returnOnAssets,priceToFreeCashFlowsRatio,grossProfitMargin,epsdilutedGrowth,fiveYNetIncomeGrowthPerShare,fiveYRevenueGrowthPerShare,fiveYShareholdersEquityGrowthPerShare,grossProfitGrowth,netIncomeGrowth,operatingIncomeGrowth,threeYNetIncomeGrowthPerShare,threeYRevenueGrowthPerShare,threeYShareholdersEquityGrowthPerShare,Industry,Sector,Symbol
2023Q1,2023,Q1,2023-04-26,2023-03-31,651000000.0,5677000000.0,977000000.0,0.72,2278000000.0,0.4012682755,23619000000.0,8415000000.0,11245000000.0,5266000000.0,15174000000.0,3133000000.0,11075000000.0,28602560000.0,35691560000.0,9.30862831858407,2.135396885681732,0.3796943138998264,1.0657159833630423,0.04190294580128469,9.30862831858407,0.07736185383244207,5.038323057953145,10.984086021505377,3.3989970291146765,0.2227342549923195,1.0849026492180018,0.005069476298625018,0.24035733943011983,1.3433345993163692,0.02756255556966849,-195.90794520547945,0.401268275497622,0.0,12.698177183532126,-0.04270316209799265,-0.02629410893472077,1.1946050096339114,-0.007621951219512195,0.0010245901639344263,1.6217075208186496,0.0946443222806102,0.19662894051490673,Oil & Gas Equipment & Services,Energy,HAL
2022Q4,2022,Q4,2023-02-07,2022-12-31,656000000.0,5582000000.0,976000000.0,0.72,1038000000.0,0.1859548549,23255000000.0,7948000000.0,10952000000.0,5345000000.0,15278000000.0,2923000000.0,10572000000.0,35651100000.0,42248100000.0,8.772626931567329,2.0490177736202058,0.384562459686089,1.1251887267237042,0.04304877437279347,8.772626931567329,0.0825364871665828,6.386796847008241,13.58654725609756,4.485543532964268,0.16463414634146342,1.5545672254533014,0.0030293595429033045,0.24003440120404215,1.3045837231057062,0.02820898731455601,43.85129151291513,0.18595485489072017,0.2,1.767118883816627,-0.09449795972974775,-0.07972803277357868,0.14696132596685083,0.20588235294117646,0.1536643026004728,1.3845893946253318,0.042089743540675593,-0.038646224923101095,Oil & Gas Equipment & Services,Energy,HAL
2022Q3,2022,Q3,2022-10-26,2022-09-30,544000000.0,5357000000.0,846000000.0,0.6,905000000.0,0.1689378383,22563000000.0,7621000000.0,10411000000.0,4968000000.0,14918000000.0,2842000000.0,10024000000.0,22354960000.0,29331960000.0,8.3931718061674,2.0956119162640903,0.39684439126002746,1.1749114289463325,0.0374275650494262,8.3931718061674,0.07138170843721296,4.173037147657271,10.273419117647059,2.9333368324366886,0.20220588235294118,1.5665024630541873,0.0049206082229626,0.237424101404955,1.3266908212560387,0.024110269024509152,44.53179282868526,0.1689378383423558,4.0,0.4313197755114356,-0.054994869670202326,-0.2059405647197599,0.15286624203821655,3.9908256880733943,1.2620320855614973,0.7790786231613529,-0.06879152280033343,-0.24551888125165286,Oil & Gas Equipment & Services,Energy,HAL
2022Q2,2022,Q2,2022-07-22,2022-06-30,109000000.0,5074000000.0,374000000.0,0.12,785000000.0,0.1547102877,22445000000.0,7130000000.0,10262000000.0,4766000000.0,15297000000.0,2654000000.0,9617000000.0,28349440000.0,35661440000.0,7.8871681415929205,2.1531682752832566,0.4249498774782802,1.3377279102384292,0.01071367973692503,7.8871681415929205,0.015287517531556803,5.587197477335436,65.02165137614679,3.976078541374474,1.0,1.6160512434061793,0.003844873126241647,0.22606371129427488,1.3881661770877045,0.00485631543773669,182.8996129032258,0.1547102877414269,-0.5862068965517241,2.7421381163084697,-0.01602766089252537,-0.23136154367564793,0.3418803418803419,-0.5871212121212122,-0.26810176125244617,0.405103244837758,-0.17274619827187396,-0.27499106481360835,Oil & Gas Equipment & Services,Energy,HAL
2022Q1,2022,Q1,2022-04-22,2022-03-31,264000000.0,4284000000.0,511000000.0,0.29,585000000.0,0.1365546218,22073000000.0,7017000000.0,9717000000.0,4444000000.0,15040000000.0,2578000000.0,9780000000.0,34045129999.999996,41473130000.0,7.805339265850946,2.1865436543654364,0.43410501517691297,1.3655408294142797,0.02302064185584898,7.805339265850946,0.03762291577597264,7.947042483660129,32.239706439393935,4.851807040045603,0.4090909090909091,1.434833204034135,0.003172259879753727,0.19408326915235807,1.3906390639063906,0.011960313505187333,-142.44824267782425,0.13655462184873948,-0.6847826086956522,8.956340378197996,-0.03446820114582921,-0.24396948458353587,-0.05032467532467533,-0.6807738814993954,-0.022944550669216062,0.6866108541654471,-0.274864504805855,-0.2905714545457704,Oil & Gas Equipment & Services,Energy,HAL
2021Q4,2021,Q4,2022-02-04,2021-12-31,827000000.0,4277000000.0,523000000.0,0.92,616000000.0,0.1440261866,22321000000.0,6713000000.0,9943000000.0,4306000000.0,15593000000.0,2361000000.0,0.0,20491520000.0,27666520000.0,7.4921875,2.309103576405016,0.45781999014381075,1.522270221957396,0.05743127237885113,7.4921875,0.12319380306867272,4.791096563011457,6.1945344619105205,3.0525130344108447,0.04836759371221282,1.550614146548073,0.001952026984821038,0.1916132789749563,1.55829075708314,0.03705031136597823,55.98775956284153,0.14402618657937807,2.5384615384615383,6.358303871045062,0.026864819074856962,-0.31121881310447447,0.2222222222222222,2.5042372881355934,0.1726457399103139,0.21351085144148021,-0.2979765940869272,-0.3130981214555766,Oil & Gas Equipment & Services,Energy,HAL
2021Q3,2021,Q3,2021-10-22,2021-09-30,236000000.0,3860000000.0,446000000.0,0.26,504000000.0,0.1305699481865285,21025000000.0,5681000000.0,9431000000.0,3946000000.0,15332000000.0,2354000000.0,8927000000.0,19328280000.0,26997280000.0,6.354586129753915,2.3900152052711605,0.48994054696789535,1.8132371061432846,0.01975471961364611,6.354586129753915,0.04154198204541454,5.007326424870467,20.474872881355935,3.4022672064777333,0.17372881355932204,1.4256584536958368,0.0021212441044935193,0.1835909631391201,1.5603142422706537,0.01122473246135553,45.054265734265734,0.1305699481865285,0.0,36.92542878448919,-0.02900223013264638,-0.4342436228209178,0.03917525773195876,0.039647577092511016,0.027649769585253458,-0.4677878063205534,-0.3864874347743507,-0.3806432500784416,Oil & Gas Equipment & Services,Energy,HAL
2021Q2,2021,Q2,2021-07-23,2021-06-30,227000000.0,3707000000.0,434000000.0,0.26,485000000.0,0.1308335581332614,20917000000.0,5420000000.0,9927000000.0,4334000000.0,15488000000.0,2355000000.0,8896000000.0,20576800000.0,28492800000.0,6.089887640449438,2.290493770189202,0.5055218243533968,1.9509225092250924,0.019987765453123765,6.089887640449438,0.041881918819188194,5.5507957917453465,22.661674008810575,3.796457564575646,0.1762114537444934,1.3681528662420381,0.0019439368609307569,0.1772242673423531,1.4113982464236272,0.010852416694554669,94.38899082568807,0.1308335581332614,0.368421052631579,1.0683754097901315,-0.06595959743931558,-0.46195773877270213,0.16028708133971292,0.3352941176470588,0.17297297297297298,-0.5622617032036764,-0.405750315765615,-0.3946694479571396,Oil & Gas Equipment & Services,Energy,HAL
2021Q1,2021,Q1,2021-04-27,2021-03-31,170000000.0,3451000000.0,370000000.0,0.19,418000000.0,0.12112431179368299,20575000000.0,5170000000.0,9520000000.0,4225000000.0,15396000000.0,2349000000.0,8709000000.0,19077940000.0,27241940000.0,5.815523059617548,2.2532544378698223,0.5156743620899149,2.0522243713733075,0.016940648023296537,5.815523059617548,0.03288201160541586,5.528235294117647,28.055794117647057,3.6901237911025144,0.23529411764705882,1.2911877394636015,0.0020966624279141247,0.16772782503037667,1.3481656804733728,0.008262454434993925,192.70646464646464,0.12112431179368299,1.7037037037037037,1.0680232135162209,-0.2066075709092819,-0.6166178420935954,0.06091370558375635,1.7234042553191489,4.854166666666667,2.6374529270797673,-0.4082485116189744,-0.3916816883245243,Oil & Gas Equipment & Services,Energy,HAL
2020Q4,2020,Q4,2021-02-05,2020-12-31,-235000000.0,3237000000.0,-96000000.0,-0.27,394000000.0,0.12171763978992894,20680000000.0,4974000000.0,9475000000.0,4421000000.0,15697000000.0,2349000000.0,8691000000.0,16726499999.999998,24999500000.0,5.620338983050847,2.143180275955666,0.5239845261121857,2.178528347406514,-0.005398656281586301,5.620338983050847,-0.04724567752312023,5.1672845227062085,-17.794148936170213,3.3627864897466826,-0.1702127659574468,1.2103022562792678,0.0023914148207933522,0.15652804642166343,1.2743723139561185,-0.011363636363636364,39.824999999999996,0.12171763978992894,-12.5,-7.117836965294593,-0.3839179823771503,-0.6888494263684177,0.2468354430379747,-12.823529411764707,-1.676056338028169,0.7186728649004442,-0.4624396507447355,-0.4104114477044713,Oil & Gas Equipment & Services,Energy,HAL
2020Q3,2020,Q3,2020-10-23,2020-09-30,-17000000.0,2975000000.0,142000000.0,-0.02,316000000.0,0.10621848739495798,20874000000.0,5200000000.0,9023000000.0,3923000000.0,15671000000.0,2580000000.0,8987000000.0,10628100000.0,19334100000.0,5.895691609977324,2.300025490695896,0.5183960908306985,2.0809615384615383,0.1585659712018807,5.895691609977324,-0.003269230769230769,3.5724705882352943,-156.29558823529413,2.0438653846153847,-2.3529411764705883,1.0306201550387597,0.003763607794431742,0.14252179745137492,1.3408106041294927,-0.0008144102711507138,40.10603773584906,0.10621848739495798,0.9895287958115183,0.6948223733938019,-0.4833521011414239,-0.6736913304938755,0.13261648745519714,0.9898568019093079,1.074306645735217,-1.046047277358432,-0.4597226595757088,-0.44222164653355467,Oil & Gas Equipment & Services,Energy,HAL
2020Q2,2020,Q2,2020-07-24,2020-06-30,-1676000000.0,3196000000.0,-1911000000.0,-1.91,279000000.0,0.08729662077596996,21104000000.0,5189000000.0,9099000000.0,4094000000.0,15908000000.0,2745000000.0,9098000000.0,11383460000.0,20389460000.0,5.916761687571266,2.2225207620908645,0.5125568612585292,2.0846020427828096,-0.09073333124133537,5.916761687571266,-0.32299094237810755,3.5617834793491863,-1.6980101431980907,2.1937675852765466,-0.02386634844868735,1.0626593806921676,0.0035138701238463525,0.15144048521607278,1.2594040058622373,-0.07941622441243366,24.96372807017544,0.08729662077596996,-0.646551724137931,-31.152286836437348,-0.47543606070781086,-0.6786049755938336,-0.4982014388489209,-0.647984267453294,-2.3467600700525395,-60.311125590487045,-0.361136561199405,-0.4233861268925166,Oil & Gas Equipment & Services,Energy,HAL
2020Q1,2020,Q1,2020-04-24,2020-03-31,-1017000000.0,5037000000.0,-571000000.0,-1.16,556000000.0,0.11038316458209252,23622000000.0,6830000000.0,10655000000.0,5053000000.0,16779000000.0,3220000000.0,10814000000.0,6014300000.0,14455300000.0,7.779043280182233,2.1086483277261032,0.41596816526966385,1.4386530014641288,-0.03658367385894463,7.779043280182233,-0.14890190336749634,1.1940242207663292,-1.478441494591937,0.8805710102489018,-0.1553588987217306,1.391614906832298,0.026270721447217465,0.21323342646685292,1.2339204433010094,-0.043053086106172214,501.19166666666666,0.11038316458209252,0.3829787234042553,-0.531208706341643,-0.30831677409974323,-0.5758971978606313,-0.08099173553719008,0.38475499092558985,0.6543583535108959,-30.383079441913438,0.16239637238811577,-0.24651653179331962,Oil & Gas Equipment & Services,Energy,HAL
2019Q4,2019,Q4,2020-02-11,2019-12-31,-1653000000.0,5191000000.0,-1652000000.0,-1.88,605000000.0,0.11654787131573878,25377000000.0,8012000000.0,11212000000.0,4878000000.0,17352000000.0,3139000000.0,11989000000.0,21484660000.0,30565660000.0,9.125284738041003,2.2984829848298483,0.4065098317374,1.2875686470294558,-0.07682606810738646,9.125284738041003,-0.2063155267099351,4.138828742053554,-3.2493436176648514,2.681560159760359,-0.0955837870538415,1.4609748327492833,0.007354084262911305,0.20455530598573513,1.4032390323903239,-0.06513772313512235,25.979032648125756,0.11654787131573878,-6.529411764705881,-2.776120685950058,-0.4269719976207978,-0.5231762447080068,0.027164685908319185,-6.603389830508474,-4.082089552238806,-9.929698368775895,0.2718577694892248,-0.1610828676367874,Oil & Gas Equipment & Services,Energy,HAL
2019Q3,2019,Q3,2019-10-25,2019-09-30,295000000.0,5550000000.0,536000000.0,0.34,589000000.0,0.10612612612612612,26789000000.0,9745000000.0,11220000000.0,4692000000.0,17027000000.0,3380000000.0,13800000000.0,16512600000.000002,26224600000.0,11.124429223744292,2.391304347826087,0.38497144350293033,1.0582863006670087,0.020282224826703155,11.124429223744292,0.030271934325295024,2.9752432432432436,13.993728813559324,1.694468958440226,0.535593220338983,1.4677514792899409,0.00956845075881448,0.2071745865840457,1.4622762148337596,0.01101198253014297,31.392775665399242,0.10612612612612612,2.7777777777777777,-0.7626178085987466,-0.38253042871784537,-0.39103247164578403,-0.028052805280528052,2.933333333333333,0.768976897689769,47.38089802130899,0.4248112105043084,-0.009578806975048627,Oil & Gas Equipment & Services,Energy,HAL
2019Q2,2019,Q2,2019-07-26,2019-06-30,75000000.0,5930000000.0,303000000.0,0.09,606000000.0,0.10219224283305228,26880000000.0,9508000000.0,11220000000.0,4955000000.0,17356000000.0,3347000000.0,13652000000.0,20058300000.0,30165300000.0,10.878718535469108,2.2643794147325935,0.3834449404761905,1.0840344972654608,0.007431577787255756,10.878718535469108,0.007888094236432478,3.382512647554806,66.86099999999999,2.1096234749684473,2.0933333333333333,1.5906782193008664,0.00782718375934152,0.22061011904761904,1.3876892028254288,0.0027901785714285715,466.4720930232558,0.10219224283305228,-0.4705882352941177,-0.9062050981853015,-0.2870422452744759,-0.3679854497317082,0.24948453608247423,-0.506578947368421,-0.16986301369863013,1.0230045595393666,0.521515369399634,-0.03886398803128892,Oil & Gas Equipment & Services,Energy,HAL
2019Q1,2019,Q1,2019-04-26,2019-03-31,152000000.0,5737000000.0,365000000.0,0.17,485000000.0,0.08453895764336761,26989000000.0,9605000000.0,11188000000.0,5047000000.0,17364000000.0,3264000000.0,13734000000.0,26312220000.0,36252220000.0,11.002290950744559,2.2167624331285913,0.38189632813368407,1.0730869338885998,0.013809239346873755,11.002290950744559,0.015825091098386257,4.58640753006798,43.27667763157895,2.7394294638209264,1.0328947368421053,1.6090686274509804,0.005966809338018609,0.21256808329319352,1.387358827025956,0.005631924117232946,-54.703160083160085,0.08453895764336761,-0.7764909638554216,-0.7623451674567132,-0.24070743237049796,-0.31942112807416173,-0.272863568215892,-0.7710843373493976,-0.3996710526315789,1.061935454457381,0.34312199067138816,-0.2746856983681267,Oil & Gas Equipment & Services,Energy,HAL
2018Q4,2018,Q4,2019-02-13,2018-12-31,664000000.0,5936000000.0,608000000.0,0.7605956471935853,667000000.0,0.11236522911051212,25982000000.0,9522000000.0,11151000000.0,4802000000.0,16438000000.0,3028000000.0,13739000000.0,23204340000.0,31653340000.0,10.907216494845361,2.3221574344023326,0.4024709414209838,1.098193656794791,0.044385469371661206,10.907216494845361,0.0697332493173703,3.90908692722372,8.736573795180723,2.4369187145557656,0.23644578313253012,1.7400924702774108,0.006765975675240063,0.22846586098067892,1.5081216159933362,0.02555615426064198,77.09083056478406,0.11236522911051212,0.5211912943871706,-0.18569268036903666,-0.24429755248545965,-0.3181483834678071,-0.15355329949238578,0.5264367816091954,-0.15083798882681565,24.25249549991818,0.14529865982537027,-0.3961597904806862,Oil & Gas Equipment & Services,Energy,HAL
2018Q3,2018,Q3,2018-10-26,2018-09-30,435000000.0,6172000000.0,716000000.0,0.5,788000000.0,0.12767336357744652,25751000000.0,8998000000.0,11436000000.0,4953000000.0,16734000000.0,2887000000.0,13216000000.0,36000850000.0,44402850000.0,10.259977194982897,2.3089036947304664,0.40615898411712165,1.16236941542565,0.029907879066467323,10.259977194982897,0.048344076461435875,5.832930978613091,20.69014367816092,4.000983551900422,0.36091954022988504,1.8649116730169726,0.004361008142863294,0.23968001242670187,1.5309913183928932,0.016892547862218943,97.82839673913044,0.12767336357744652,-0.13793103448275856,-0.3747193787732451,-0.16173860176433685,-0.2859415308465141,-0.07728337236533958,-0.1487279843444227,-0.09252217997465145,8.853477765108323,0.07795990288053273,-0.43214134504723095,Oil & Gas Equipment & Services,Energy,HAL
2018Q2,2018,Q2,2018-07-27,2018-06-30,511000000.0,6147000000.0,789000000.0,0.58,854000000.0,0.13892955913453717,25765000000.0,8823000000.0,11436000000.0,5107000000.0,16922000000.0,2637000000.0,12939000000.0,39517620000.0,48330620000.0,10.060433295324971,2.239279420403368,0.4219289734135455,1.2321205939023008,0.03215163566549246,10.060433295324971,0.057916808341833846,6.428765251342118,19.33347358121331,4.478932335940157,0.30919765166340507,2.0072051573758056,0.003998216491782653,0.23857946827091014,1.542001174858038,0.019833106928003105,101.06808184143223,0.13892955913453717,10.599999999999998,-0.16309305438500823,-0.11392129884810821,-0.39323852134214,0.2614475627769572,10.108695652173912,1.228813559322034,8.193209172684655,0.008915686742517704,-0.4535231643215253,Oil & Gas Equipment & Services,Energy,HAL
2018Q1,2018,Q1,2018-04-27,2018-03-31,46000000.0,5740000000.0,354000000.0,0.05,677000000.0,0.11794425087108014,25191000000.0,8365000000.0,11035000000.0,4969000000.0,16800000000.0,2458000000.0,12586000000.0,41072500000.0,49634500000.0,9.56,2.2207687663513784,0.43245603588583226,1.3023311416616856,0.004570940652772524,9.56,0.0054991034070531975,7.155487804878049,223.22010869565216,4.910041841004183,3.4347826086956523,2.059804719283971,0.0038468561689695055,0.22785915604779486,1.5268665727510566,0.0018260489857488786,578.4859154929577,0.11794425087108014,1.0531914893617023,3.7191111111111117,-0.12426727846286216,-0.4334589433481859,-0.18922155688622755,1.0558252427184467,-0.06596306068601583,1.0694956676294158,-0.20907801418439728,-0.47880187287537684,Oil & Gas Equipment & Services,Energy,HAL
2017Q4,2017,Q4,2018-02-09,2017-12-31,-824000000.0,5940000000.0,379000000.0,-0.94,835000000.0,0.14057239057239057,25085000000.0,8322000000.0,10777000000.0,4862000000.0,16736000000.0,2396000000.0,12668000000.0,42663510000.0,51268510000.0,9.532646048109966,2.216577540106952,0.43619693043651586,1.3148281663061765,-0.06498871589238057,9.532646048109966,-0.09901465993751501,7.182409090909091,-12.94402609223301,5.126593366979091,-0.19053398058252427,2.130634390651085,0.0036799597595228335,0.23679489734901335,1.516454134101193,-0.0328483157265298,74.58655594405595,0.14057239057239057,-3.238095238095238,-2.313519520167387,-0.13105086759153198,-0.43705084232220875,0.21190130624092887,-3.2575342465753425,-0.4022082018927445,-1.890445006375759,-0.3405353301437657,-0.5018903829290299,Oil & Gas Equipment & Services,Energy,HAL
2017Q3,2017,Q3,2017-10-27,2017-09-30,365000000.0,5444000000.0,634000000.0,0.42,689000000.0,0.12656135194709772,25790000000.0,9217000000.0,10144000000.0,4601000000.0,16544000000.0,2444000000.0,13649000000.0,40138160000.0,49178160000.0,10.569954128440367,2.204738100412954,0.4241178751454052,1.1867201909515026,0.0228945430974464,10.569954128440367,0.03960073776716936,7.3729169728141075,27.491890410958902,4.3547965715525665,0.4301369863013699,1.9455810147299508,0.003911489714526027,0.2110895696006204,1.4670723755705282,0.014152772392400155,52.53685863874345,0.12656135194709772,13.000000000000002,-0.35475022097595166,-0.185260205470527,-0.3533150427747455,0.42650103519668736,12.035714285714286,3.3424657534246576,-0.7049425366247989,-0.39154520887085636,-0.421385249440486,Oil & Gas Equipment & Services,Energy,HAL
2017Q2,2017,Q2,2017-07-28,2017-06-30,28000000.0,4957000000.0,146000000.0,0.03,483000000.0,0.09743796651200323,25325000000.0,8917000000.0,10260000000.0,4068000000.0,16372000000.0,2283000000.0,13441000000.0,37114990000.0,46127990000.0,10.261219792865363,2.52212389380531,0.44035538005923003,1.2506448357070763,-0.20369724450645274,10.261219792865363,0.0031400695301110238,7.487389550131128,331.38383928571426,4.162273186049119,5.571428571428571,1.9597021462987299,0.004203153496740805,0.1957354392892399,1.6037364798426745,0.0011056268509378085,1953.4205263157894,0.09743796651200323,1.7500000000000002,-0.9596035930817718,-0.27139422488039944,-0.3479114794630265,0.872093023255814,1.875,-0.28078817733990147,-0.9647817593063398,-0.4005959419517606,-0.40385991314626446,Oil & Gas Equipment & Services,Energy,HAL
2017Q1,2017,Q1,2017-04-28,2017-03-31,-32000000.0,4279000000.0,203000000.0,-0.04,258000000.0,0.06029446132273896,24885000000.0,8951000000.0,9828000000.0,3842000000.0,15896000000.0,2295000000.0,13569000000.0,42665070000.0,51467070000.0,10.324106113033448,2.5580426861009893,0.4383765320474181,1.2187465087699698,0.005738414515644599,10.324106113033448,-0.003575019550888169,9.97080392615097,-333.320859375,4.766514355937884,-4.875,1.7520697167755992,0.003656386828850861,0.17195097448262006,1.5916189484643415,-0.0012859152099658428,-164.0964230769231,0.06029446132273896,0.7647058823529411,-1.0543331696127178,-0.33672351053546234,-0.31167654273837964,-0.1861198738170347,0.785234899328859,2.830188679245283,-1.0503788426662513,-0.42975467749621865,-0.3613722338823026,Oil & Gas Equipment & Services,Energy,HAL
2016Q4,2016,Q4,2017-02-07,2016-12-31,-149000000.0,4021000000.0,53000000.0,-0.17,317000000.0,0.07883611042029345,27000000000.0,9409000000.0,11677000000.0,4023000000.0,17552000000.0,2275000000.0,14141000000.0,46787850000.0,55155850000.0,10.877456647398844,2.9025602783992044,0.45840740740740743,1.3154426612817516,0.002126922925600976,10.877456647398844,-0.01583590179615262,11.635874160656552,-78.50310402684565,4.972669784249123,-1.0402684563758389,1.6281318681318682,0.003312825872528872,0.14892592592592593,1.9714143673875217,-0.005518518518518518,52.80795711060948,0.07883611042029345,-25.480000000000004,-1.175486480623716,-0.3926081278353485,-0.23928682485610445,0.8538011695906432,-25.833333333333332,-0.5859375,-1.1844185758333394,-0.4833586698013767,-0.32000878479923284,Oil & Gas Equipment & Services,Energy,HAL
2016Q3,2016,Q3,2016-10-28,2016-09-30,6000000.0,3833000000.0,128000000.0,0.006944444444444444,171000000.0,0.044612575006522305,26755000000.0,9682000000.0,11760000000.0,3631000000.0,17029000000.0,2475000000.0,14445000000.0,38686560000.0,47712560000.0,11.232018561484919,3.2387771963646377,0.460287796673519,1.2719479446395372,-0.0007833236000713383,11.232018561484919,0.0006197066721751704,10.093023741194887,1611.94,3.995719892584177,26.0,1.4795959595959596,0.004032408154149658,0.1432629415062605,2.106582208757918,0.00022425714819659877,44.82799536500579,0.044612575006522305,1.001861781352398,-0.9906241401215465,-0.375243605316159,-0.16382447996713664,0.6601941747572816,1.0018703241895262,1.0329896907216496,-0.9912253603517743,-0.47035521942397795,-0.2182908570752598,Oil & Gas Equipment & Services,Energy,HAL
2016Q2,2016,Q2,2016-08-01,2016-06-30,-3208000000.0,3835000000.0,-3880000000.0,-3.73,103000000.0,0.026857887874837026,27737000000.0,9734000000.0,12580000000.0,4478000000.0,17960000000.0,2650000000.0,14595000000.0,38949400000.0,48762400000.0,11.31860465116279,2.8092898615453326,0.46583985290406316,1.3274090815697555,-0.13365062378763787,11.31860465116279,-0.32956646805013357,10.156297262059974,-3.035333541147132,4.001376618039861,-0.048316708229426436,1.4083018867924528,0.0039795221492500525,0.13826297004001875,1.7492184010719072,-0.11565778562930382,-10.129882964889466,0.026857887874837026,-0.32740213523131667,-5.623671208735878,-0.31175721478811147,-0.10944495271730671,-0.6227106227106227,-0.33001658374792703,-0.26014939915557,-6.357865087389861,-0.43626422698335504,-0.31735611251707757,Oil & Gas Equipment & Services,Energy,HAL
2016Q1,2016,Q1,2016-05-06,2016-03-31,-2412000000.0,4198000000.0,-3079000000.0,-2.81,273000000.0,0.06503096712720342,33932000000.0,13015000000.0,19105000000.0,7412000000.0,20872000000.0,2893000000.0,17958000000.0,30647760000.0,36447760000.0,15.168997668997669,2.5775769023205615,0.45364257927619944,1.1827122550902804,-0.07956793319654115,15.168997668997669,-0.18532462543219363,7.300562172463078,-3.176592039800995,2.354802919708029,-0.06384742951907131,1.3567231247839613,0.005024837051712752,0.12371802428386185,1.9665407447382623,-0.07108334315690204,-75.67348148148149,0.06503096712720342,-92.66666666666667,-6.028232041930672,-0.15335188602890223,0.2691746493467474,-0.48098859315589354,-85.14285714285714,-36.80232558139535,-144.40093240093242,-0.3468350309474485,-0.10106067283024645,Oil & Gas Equipment & Services,Energy,HAL
2015Q4,2015,Q4,2016-02-05,2015-12-31,-28000000.0,5082000000.0,86000000.0,-0.03,526000000.0,0.10350255804801259,36942000000.0,15462000000.0,21609000000.0,5359000000.0,21447000000.0,2417000000.0,20524000000.0,29138240000.0,34407240000.0,18.063084112149532,4.032282142190708,0.4154079367657409,0.9924977363859785,0.0007804145271581462,18.063084112149532,-0.0018108912171775967,5.733616686343959,-260.16285714285715,1.8845065321433192,-5.5,1.8849813818783616,0.0052851510592266384,0.13756699691408153,2.872550849039,-0.0007579448865789616,64.8958574610245,0.10350255804801259,0.5,-1.0494168533250945,0.051616496413823,0.5915992363351656,-0.03130755064456722,0.48148148148148145,1.0,-1.045520584496319,-0.24180127687396644,0.06671305476760012,Oil & Gas Equipment & Services,Energy,HAL
2015Q3,2015,Q3,2015-10-23,2015-09-30,-54000000.0,5582000000.0,43000000.0,-0.06,543000000.0,0.09727696166248656,30248000000.0,15448000000.0,14919000000.0,5703000000.0,14768000000.0,2692000000.0,20706000000.0,30224250000.0,35866250000.0,18.067836257309942,2.61599158337717,0.26087675218196243,0.5108104609010875,0.0010849746014063252,18.067836257309942,-0.003495598135680994,5.414591544249373,-139.92708333333334,1.9565154065251165,-2.8518518518518516,1.8718424962852898,0.005095246366741937,0.1845411266860619,1.409784324039979,-0.0017852419994710395,-60.56963927855711,0.09727696166248656,-2.0,-1.1056501547987616,0.27354255592536164,0.6709076213569153,-0.20845481049562684,-2.0,-0.8307086614173228,-1.097359678265431,-0.1479972137722547,0.10541614232486986,Oil & Gas Equipment & Services,Energy,HAL
2015Q2,2015,Q2,2015-07-24,2015-06-30,54000000.0,5919000000.0,254000000.0,0.06,686000000.0,0.11589795573576618,30606000000.0,15685000000.0,15224000000.0,5005000000.0,14891000000.0,2831000000.0,20914000000.0,36695640000.0,41773640000.0,18.40962441314554,3.0417582417582416,0.25609357642292363,0.4997131016895123,0.004664711133783956,18.40962441314554,0.0034427797258527256,6.199635073492144,169.88722222222222,2.339537137392413,2.8333333333333335,1.8484634404803957,0.004169432662844959,0.1933934522642619,1.676923076923077,0.0017643599294256027,55.26451807228916,0.11589795573576618,1.0789473684210527,-0.8803697183098591,0.43472712270889985,0.7832908925809748,-0.10326797385620914,1.0839813374805598,1.4635036496350364,-0.9205381542989278,-0.11263516960207474,0.1699101071352461,Oil & Gas Equipment & Services,Energy,HAL
2015Q1,2015,Q1,2015-04-23,2015-03-31,-643000000.0,7050000000.0,-548000000.0,-0.76,765000000.0,0.10851063829787234,30587000000.0,15591000000.0,13825000000.0,5018000000.0,14964000000.0,3467000000.0,21013000000.0,37298000000.0,42845000000.0,18.342352941176472,2.755081705858908,0.2563507372413117,0.5029183503303187,-0.016967431956454622,18.342352941176472,-0.041241742030658717,5.290496453900709,-14.501555209953345,2.3922775960490026,-0.2379471228615863,1.8128064609172194,0.004102096627164995,0.23049007748389838,1.7363491430848943,-0.021022002811652007,345.35185185185185,0.10851063829787234,-1.7169811320754718,-4.323329525985152,0.9957927334720116,0.8586753344266832,-0.4416058394160584,-1.7136514983351832,-1.4218629715165512,-2.1135922694436626,0.11465791907910519,0.22291185818447584,Oil & Gas Equipment & Services,Energy,HAL
2014Q4,2014,Q4,2015-02-24,2014-12-31,901000000.0,8770000000.0,1299000000.0,1.06,1370000000.0,0.15621436716077536,32240000000.0,16267000000.0,15068000000.0,5883000000.0,15942000000.0,3571000000.0,21809000000.0,33430500000.0,38979500000.0,19.13764705882353,2.561278259391467,0.24317617866004962,0.4819573369398168,0.03928373100036531,19.13764705882353,0.055388209258007005,3.8119156214367163,9.275943396226415,2.0551115755824676,0.16870144284128746,2.072248669840381,0.004546746234725774,0.2720223325062035,1.6751657317695055,0.02794665012406948,222.87,0.15621436716077536,-0.24822695035460984,2.9477366255144033,1.533225878522869,0.9843687658381408,-0.0945142101784534,-0.2510390689941812,-0.20501835985312117,0.07988962472406187,0.34812970488308576,0.3383882584705347,Oil & Gas Equipment & Services,Energy,HAL
2014Q3,2014,Q3,2014-10-24,2014-09-30,1203000000.0,8701000000.0,1634000000.0,1.41,1513000000.0,0.17388805884381106,31583000000.0,15491000000.0,14847000000.0,5889000000.0,16065000000.0,3650000000.0,21060000000.0,54704480000.00001,60491480000.00001,18.267688679245282,2.5211411105450843,0.24747490738688535,0.5045510296301078,0.05151784663890262,18.267688679245282,0.07765799496481827,6.287148603608782,11.368345802161265,3.5313717642502103,0.1055694098088113,1.9693150684931506,0.002321564888287029,0.27549631130671565,1.6274409916794024,0.038090111768989646,-770.485633802817,0.17388805884381106,0.5494505494505493,3.8839928705170674,1.579451815275236,0.9274131698069065,0.17926734216679657,0.5542635658914729,0.3685092127303183,0.9108953286002376,0.4416255575661875,0.3599509293498672,Oil & Gas Equipment & Services,Energy,HAL
2014Q2,2014,Q2,2014-07-25,2014-06-30,774000000.0,8051000000.0,1194000000.0,0.91,1283000000.0,0.15935908582784747,30484000000.0,14562000000.0,14165000000.0,5369000000.0,15897000000.0,3529000000.0,19984000000.0,60074460000.00001,65530460000.00001,17.21276595744681,2.63829390948035,0.2563967983204304,0.5367394588655404,0.03852936085328096,17.21276595744681,0.05315203955500618,7.46173891442057,19.40389534883721,4.125426452410383,0.1640826873385013,1.9178237461037122,0.002114043139131005,0.26410576039889777,1.7025516856025331,0.025390368718016008,154.43305912596404,0.15935908582784747,0.2465753424657535,2.135780412538574,1.4458673497694798,0.8620725008778745,0.22775119617224882,0.24437299035369775,0.2309278350515464,0.13402239944721153,0.46877142248272763,0.3543114256159832,Oil & Gas Equipment & Services,Energy,HAL
2014Q1,2014,Q1,2014-04-25,2014-03-31,622000000.0,7348000000.0,970000000.0,0.73,1045000000.0,0.14221556886227546,29256000000.0,13725000000.0,13486000000.0,4932000000.0,15504000000.0,3415000000.0,19337000000.0,49997610000.0,55690610000.0,16.166077738515902,2.734387672343877,0.2671588733934919,0.5694717668488161,0.032841325295003436,16.166077738515902,0.04531876138433515,6.8042474142623846,20.095502411575563,3.642813114754098,0.20418006430868169,1.8456808199121522,0.002540121417803771,0.25116215477167075,1.7106650446066505,0.02126059611703582,160.7640192926045,0.14221556886227546,-0.21505376344086027,0.738534597191841,0.9870577499296811,0.7960083888343775,-0.15589660743134087,-0.21563682219419925,-0.1520979020979021,0.3104123880056887,0.4976462943463343,0.35259932744448313,Oil & Gas Equipment & Services,Energy,HAL
2013Q4,2013,Q4,2014-02-07,2013-12-31,793000000.0,7639000000.0,1144000000.0,0.93,1238000000.0,0.1620630972640398,29223000000.0,13581000000.0,13704000000.0,5026000000.0,15608000000.0,3305000000.0,18842000000.0,43086750000.0,48546750000.0,15.996466431095406,2.726621567847195,0.26746056188618555,0.5755099035417127,0.03968780670187409,15.996466431095406,0.05839039835063692,5.6403652310511845,13.58346469104666,3.1725756571681023,0.1614123581336696,1.9367624810892587,0.0029707508688866066,0.26140368887520105,1.698567449263828,0.027136159874071794,41.46944177093359,0.1620630972640398,0.17721518987341772,0.7902434236356498,0.6437651580030658,0.8574537719990396,0.04208754208754209,0.12322946175637393,0.032490974729241874,0.411095211673432,0.5937687749381397,0.40950258536789763,Oil & Gas Equipment & Services,Energy,HAL
2013Q3,2013,Q3,2013-10-25,2013-09-30,706000000.0,7472000000.0,1108000000.0,0.79,1188000000.0,0.15899357601713063,27948000000.0,12788000000.0,12890000000.0,4762000000.0,15130000000.0,3399000000.0,18177000000.0,42853500000.0,49178500000.0,14.368539325842697,2.7068458630827386,0.2796622298554458,0.6111979981232405,0.037937472412737316,14.368539325842697,0.055208007507037846,5.735211456102784,15.174752124645892,3.3510713168595556,0.1501416430594901,1.8487790526625478,0.002473543584538019,0.2673536567911836,1.7045359092818144,0.025261199370259054,107.40225563909775,0.15899357601713063,0.08219178082191789,34.09020866773676,0.5154467177721646,0.6947408710701768,0.1092436974789916,0.09627329192546584,0.12601626016260162,0.3269580304031725,0.637708491395402,0.32879784415821683,Oil & Gas Equipment & Services,Energy,HAL
2013Q2,2013,Q2,2013-07-26,2013-06-30,644000000.0,7317000000.0,984000000.0,0.73,1071000000.0,0.14637146371463713,27418000000.0,15337000000.0,12621000000.0,4777000000.0,12053000000.0,3341000000.0,17577000000.0,39266250000.0,42674250000.0,16.58054054054054,2.6420347498429977,0.1757969217302502,0.3142726739258003,0.03496191262227875,16.58054054054054,0.04198995892286627,5.366441164411644,15.24310947204969,2.5602301623524815,0.17857142857142858,1.8695001496557917,0.002928723776780314,0.2668684805602159,1.6267531923801548,0.02348821941790065,95.53832116788321,0.14637146371463713,37.5,0.1933173410096486,0.5319868207855727,0.8996031285075451,0.09958932238193019,36.77777777777778,11.040816326530612,0.314108108108108,0.6336231741200968,0.6061124483833773,Oil & Gas Equipment & Services,Energy,HAL
2013Q1,2013,Q1,2013-04-26,2013-03-31,-18000000.0,6974000000.0,-98000000.0,-0.02,974000000.0,0.13966160022942356,27684000000.0,15710000000.0,13152000000.0,4666000000.0,11947000000.0,3257000000.0,17048000000.0,37174830000.0,39965830000.0,16.87432867883996,2.818688384054865,0.17410778789192313,0.3068109484404838,-0.0002869318257434806,16.87432867883996,-0.0011457670273711013,5.330488958990537,-516.3170833333334,2.3663163590070018,-6.444444444444445,1.84218606079214,0.0031203908666159333,0.25191446322785727,1.7657522503214744,-0.0006501950585175553,-110.639375,0.13966160022942356,-1.027832585949178,-1.0289017553668907,0.6231148022166897,1.0859939020995872,-0.07590132827324478,-1.0269058295964126,-1.0998980632008155,-1.0849384209483488,0.8025092739064587,0.7099168575019777,Oil & Gas Equipment & Services,Energy,HAL
2012Q4,2012,Q4,2013-02-11,2012-12-31,669000000.0,7290000000.0,981000000.0,0.7185821697099892,1054000000.0,0.14458161865569272,27410000000.0,15765000000.0,13086000000.0,4752000000.0,11620000000.0,3186000000.0,17182000000.0,32296389999.999996,34632390000.0,16.933404940923737,2.753787878787879,0.17584823057278365,0.30574056454170634,0.03138196625241173,16.933404940923737,0.04243577545195052,4.430231824417009,12.068905082212257,2.048613384078655,0.12406576980568013,1.9573132454488387,0.002569946672058394,0.2659613279824881,1.740530303030303,0.024407150674936155,46.53658501440922,0.14458161865569272,0.1055110303230603,-0.09083734180170924,0.6357605119351553,1.1530530896339095,0.03232125367286973,0.11129568106312292,0.02830188679245283,1.676201084722388,0.9225210145742622,0.7558124967387696,Oil & Gas Equipment & Services,Energy,HAL
2012Q3,2012,Q3,2012-10-23,2012-09-30,602000000.0,7111000000.0,954000000.0,0.65,1021000000.0,0.14358036844325692,26312000000.0,15168000000.0,12766000000.0,4598000000.0,11121000000.0,3539000000.0,16596000000.0,31245760000.0,34033760000.0,16.344827586206897,2.7764245324053936,0.18318637883855274,0.3177742616033755,0.033197797812096606,16.344827586206897,0.039688818565400845,4.39400365630713,12.975813953488373,2.0599789029535867,0.1378737541528239,1.7208250918338515,0.0026563604149811046,0.2702569169960474,1.7185732927359723,0.022879294618425052,-347.1751111111111,0.14358036844325692,-0.17721518987341772,-0.21477019399516206,0.7166979773860522,1.3210340932486797,-0.19479495268138802,-0.18317503392130258,-0.20566194837635304,1.2333344301131874,0.9263571339330333,0.724533218242908,Oil & Gas Equipment & Services,Energy,HAL
2012Q2,2012,Q2,2012-07-27,2012-06-30,737000000.0,7234000000.0,1201000000.0,0.79,1268000000.0,0.175283384019906,25571000000.0,14540000000.0,12534000000.0,4440000000.0,11010000000.0,3297000000.0,16077000000.0,26232360000.0,28880360000.0,15.735930735930737,2.822972972972973,0.1884947792421102,0.3314993122420908,0.041974852901545096,15.735930735930737,0.05068775790921596,3.626259330937241,8.898358208955223,1.8041513067400274,0.11397557666214382,1.8095238095238095,0.003202151846040539,0.2828985960658559,1.7671171171171172,0.02882171209573345,-56.05205128205128,0.175283384019906,0.16176470588235292,-0.5282057267351384,0.8969876620479029,1.4310374387192413,0.1622364802933089,0.17543859649122806,0.1739980449657869,1.7338240639767364,1.0121482219364302,0.702308854459198,Oil & Gas Equipment & Services,Energy,HAL
2012Q1,2012,Q1,2012-04-24,2012-03-31,627000000.0,6868000000.0,1023000000.0,0.68,1091000000.0,0.15885264997087944,24668000000.0,13844000000.0,12018000000.0,4310000000.0,10804000000.0,2916000000.0,15424000000.0,30634369999.999996,32799369999.999996,14.998916576381365,2.788399071925754,0.19539484352197178,0.3481652701531349,0.037122796432247376,14.998916576381365,0.04529037850332274,4.460449912638322,12.214661084529505,2.2128264952325916,0.13237639553429026,1.9811385459533608,0.002709375123431623,0.27841738284417056,1.8540603248259862,0.0254175449975677,-638.2160416666666,0.15885264997087944,-0.3072406181015452,0.22078289132790063,1.1570502003162255,0.88531744092376,-0.2712090848363393,-0.3079470198675497,-0.2846153846153846,0.6120053655264923,0.7083530103065282,0.6663398772620862,Oil & Gas Equipment & Services,Energy,HAL
2011Q4,2011,Q4,2012-02-16,2011-12-31,906000000.0,7064000000.0,1430000000.0,0.9815817984832069,1497000000.0,0.21191959229898075,23677000000.0,13198000000.0,11577000000.0,4121000000.0,10461000000.0,2570000000.0,14880000000.0,31852730000.0,34124730000.0,14.299024918743228,2.8092695947585535,0.20357308780673228,0.365206849522655,0.053164052425499986,14.299024918743228,0.06864676466131232,4.509163363533409,8.789384657836644,2.413451280497045,0.09161147902869757,2.166147859922179,0.0026057421137842818,0.29834860835409893,1.9247755399174957,0.03826498289479242,60.21310018903592,0.21191959229898075,0.32646188984217156,0.4798315259807618,0.2772674977288933,0.9230792732366164,0.06094968107725018,0.32650073206442165,0.07357357357357357,0.88136511375948,0.39816987464501885,0.6603527963899906,Oil & Gas Equipment & Services,Energy,HAL
2011Q3,2011,Q3,2011-10-21,2011-09-30,683000000.0,6548000000.0,1332000000.0,0.74,1411000000.0,0.21548564447159438,21204000000.0,12358000000.0,10306000000.0,3656000000.0,8828000000.0,2412000000.0,14057000000.0,28078400000.0,30527400000.0,13.432608695652174,2.8189277899343543,0.18034333144689682,0.3094351836866807,0.055485035359580964,13.432608695652174,0.05526784269299239,4.288087965791081,10.277598828696926,2.272082861304418,0.12005856515373353,2.1297678275290215,0.0029203943244629324,0.30880965855498965,1.899343544857768,0.032210903603093755,118.47426160337552,0.21548564447159438,-0.07500000000000007,0.2284085248701344,0.23403920574440973,0.915695780971131,0.15089722675367048,-0.07577807848443843,0.14728682170542637,31.96832298136646,0.2847382614071081,0.5843496993929319,Oil & Gas Equipment & Services,Energy,HAL
2011Q2,2011,Q2,2011-07-21,2011-06-30,739000000.0,5935000000.0,1161000000.0,0.8,1226000000.0,0.20657118786857626,19956000000.0,11642000000.0,9540000000.0,3166000000.0,8298000000.0,2235000000.0,13456000000.0,46716000000.0,49553000000.0,12.709606986899564,3.0132659507264687,0.19162156744838646,0.328465899330012,0.05089232124913735,12.709606986899564,0.06347706579625494,7.871272114574558,15.803788903924222,4.012712592338086,0.11231393775372124,2.1069351230425055,0.0017766932100351058,0.2974042894367609,2.0015792798483893,0.037031469232311084,449.1923076923077,0.20657118786857626,0.4285714285714285,0.4005829805155941,0.19886714889294027,0.7794837293339183,0.38687782805429866,0.4461839530332681,0.4262899262899263,0.38280449256263827,0.2548417407688198,0.4561171353481505,Oil & Gas Equipment & Services,Energy,HAL
2011Q1,2011,Q1,2011-04-22,2011-03-31,511000000.0,5282000000.0,814000000.0,0.56,884000000.0,0.1673608481635744,18990000000.0,10924000000.0,9028000000.0,2919000000.0,8050000000.0,2099000000.0,12800000000.0,45553760000.0,49199760000.0,11.951859956236325,3.092840013703323,0.20136914165350184,0.3500549249359209,0.03813669284098817,11.951859956236325,0.046777737092640055,8.62433926542976,22.286575342465756,4.17006224826071,0.16046966731898238,2.0952834683182466,0.0018000709491378978,0.278146392838336,2.0602946214457005,0.026908899420747763,-327.72489208633095,0.1673608481635744,-0.15398347107438007,0.17315349571331204,0.13583287483672615,0.7809523566917923,-0.1434108527131783,-0.15537190082644628,-0.16938775510204082,-0.16425054704595182,0.25218696181350425,0.4774814134514743,Oil & Gas Equipment & Services,Energy,HAL
2010Q4,2010,Q4,2011-02-17,2010-12-31,605000000.0,5160000000.0,980000000.0,0.661925601750547,1032000000.0,0.2,18297000000.0,10373000000.0,8886000000.0,2757000000.0,7910000000.0,1940000000.0,12371000000.0,37318620000.0,40397620000.0,11.349015317286652,3.2230685527747553,0.20899601027490847,0.36864937819338667,0.047561510828398205,11.349015317286652,0.05832449628844114,7.232290697674419,15.4209173553719,3.597668948230984,0.13553719008264462,2.1278350515463917,0.002197294540902102,0.28201344482702084,2.1672107363075805,0.03306552986828442,193.36072538860103,0.2,0.10320933625091178,-0.38492575663107065,-0.0018980378882212806,0.8238216705746283,0.17272727272727273,0.11213235294117647,0.1980440097799511,-0.1625202169156122,0.17935724260565097,0.44300762772957286,Oil & Gas Equipment & Services,Energy,HAL
2010Q3,2010,Q3,2010-10-22,2010-09-30,544000000.0,4665000000.0,818000000.0,0.6,880000000.0,0.18863879957127547,18198000000.0,9840000000.0,9216000000.0,3333000000.0,8345000000.0,1889000000.0,0.0,30093700000.0,32792700000.0,10.813186813186814,2.765076507650765,0.25134630179140566,0.46483739837398375,0.03752474210164154,10.813186813186814,0.055284552845528454,6.450953912111468,13.829825367647059,3.058302845528455,0.15073529411764705,2.003705664372684,0.00272482280344391,0.2563468513023409,1.9435943594359435,0.029893394878558084,-10031.233333333334,0.18863879957127547,0.1320754716981131,0.21237640115395628,0.00853229196930606,1.0465578932008708,0.08776266996291718,0.13333333333333333,0.07349081364829396,-0.2763879861541485,0.14847474317942755,0.5355178950466994,Oil & Gas Equipment & Services,Energy,HAL
2010Q2,2010,Q2,2010-07-23,2010-06-30,480000000.0,4387000000.0,762000000.0,0.53,809000000.0,0.18440847959881468,17540000000.0,9353000000.0,9203000000.0,3315000000.0,8156000000.0,1767000000.0,11386000000.0,22242300000.0,25656300000.0,10.323399558498897,2.7761689291101055,0.26077537058152794,0.48904094942799103,0.038550241770260396,10.323399558498897,0.051320431946968885,5.070047868702986,11.58453125,2.3780925906126376,0.17083333333333334,2.0249009620826257,0.0036866690944731438,0.25011402508551883,1.97526395173454,0.027366020524515394,556.0575,0.18440847959881468,1.3043478260869568,0.3596431950263551,-0.05651436460568694,1.2119999905963559,0.6115537848605578,1.3300970873786409,0.6971046770601337,-0.6866207851794139,0.1732684970935987,0.5948577330900481,Oil & Gas Equipment & Services,Energy,HAL
2010Q1,2010,Q1,2010-04-22,2010-03-31,206000000.0,3761000000.0,449000000.0,0.23,502000000.0,0.13347513959053442,16980000000.0,8931000000.0,8814000000.0,3145000000.0,8020000000.0,1658000000.0,10988000000.0,27267650000.0,30458650000.0,9.868508287292817,2.802543720190779,0.26937573616018845,0.5121486955548091,0.021166223609763037,9.868508287292817,0.023065726122494683,7.2501063546929005,33.091808252427185,3.053146344194379,0.3932038834951456,1.96562123039807,0.0029705530179535092,0.22149587750294464,2.024483306836248,0.012131919905771496,-313.4212643678161,0.13347513959053442,-0.14341563786008224,-0.3751244985998638,-0.1567207964393842,1.2794479723069163,0.039337474120082816,-0.1522633744855967,0.04906542056074766,-0.5909360237008567,0.2047208346383977,0.2404409808660003,Oil & Gas Equipment & Services,Energy,HAL
2009Q4,2009,Q4,2010-02-17,2009-12-31,243000000.0,3686000000.0,428000000.0,0.26850828729281767,483000000.0,0.13103635377102552,16538000000.0,8728000000.0,8638000000.0,2889000000.0,7781000000.0,1598000000.0,10863000000.0,27231450000.0,29723450000.0,9.644198895027625,2.989961924541364,0.2765751602370299,0.5240604949587534,0.023062288864380425,9.644198895027625,0.027841429880843264,7.387805208898535,28.015895061728397,3.1200103116406965,0.3333333333333333,2.004380475594493,0.0029745019086387246,0.22288063852944734,2.200761509172724,0.014693433305115492,90.1703642384106,0.13103635377102552,-0.07410935416269762,2.325346324469967,-0.2122999356979017,1.4576519055996133,-0.07471264367816093,-0.07251908396946564,-0.0970464135021097,-0.5951972325311928,-0.32026501490894765,0.2970506106110905,Oil & Gas Equipment & Services,Energy,HAL
2009Q3,2009,Q3,2009-10-23,2009-09-30,262000000.0,3588000000.0,474000000.0,0.29,522000000.0,0.1454849498327759,16337000000.0,8549000000.0,8699000000.0,2184000000.0,7761000000.0,1716000000.0,10702000000.0,24462240000.0,28875240000.0,9.477827050997783,3.983058608058608,0.27991675338189387,0.5349163644870745,0.02472509892482877,9.477827050997783,0.030646859281787342,6.817792642140469,23.341832061068704,2.861415370218739,0.30916030534351147,1.7867132867132867,0.003311225791260326,0.21962416600355023,2.879120879120879,0.016037216135153333,142.22232558139535,0.1454849498327759,0.0,6.7829066720419275,-0.27328957316495145,3.9449532439988433,-0.0019120458891013384,0.0,-0.004201680672268907,-0.5193768348931815,-0.31030986990931936,0.35168333313002664,Oil & Gas Equipment & Services,Energy,HAL
2009Q2,2009,Q2,2009-07-24,2009-06-30,262000000.0,3494000000.0,476000000.0,0.29,523000000.0,0.14968517458500286,16215000000.0,8301000000.0,8008000000.0,2220000000.0,7891000000.0,1832000000.0,10521000000.0,18588600000.0,21620600000.0,9.243875278396436,3.6072072072072072,0.28368794326241137,0.5541501023973016,0.025625151409114155,9.243875278396436,0.031562462353933264,5.320148826559817,17.737213740458017,2.2393205637874956,0.30916030534351147,1.6217248908296944,0.004357509441270456,0.2154794942954055,2.465315315315315,0.016157878507554735,90.6760975609756,0.14968517458500286,-0.30952380952380953,1.3823055064895169,-0.3148057316794614,3.653886516888528,-0.21706586826347304,-0.30687830687830686,-0.22727272727272727,-0.4934937198286096,-0.2800665139042577,0.2942434546444792,Oil & Gas Equipment & Services,Energy,HAL
2009Q1,2009,Q1,2009-04-24,2009-03-31,378000000.0,3907000000.0,616000000.0,0.42,668000000.0,0.17097517276682878,16224000000.0,8074000000.0,8909000000.0,2331000000.0,8129000000.0,1895000000.0,10340000000.0,13876590000.0,15516590000.0,9.001114827201784,3.821964821964822,0.2839620315581854,0.5705969779539262,0.033049444050153774,9.001114827201784,0.04681694327470894,3.5517251087791144,9.17763888888889,1.7186759970274956,0.21428571428571427,1.7092348284960421,0.005837168929830743,0.24081607495069032,2.7293007293007294,0.02329881656804734,-101.28897810218979,0.17097517276682878,-0.195,6.653305891432982,-0.3128081684339108,2.175150537750791,-0.4542483660130719,-0.19230769230769232,-0.470335339638865,-0.11574099457207085,-0.1439222659451316,0.3412604166261098,Oil & Gas Equipment & Services,Energy,HAL
2008Q4,2008,Q4,2009-02-18,2008-12-31,468000000.0,4910000000.0,1163000000.0,0.5217391304347826,1224000000.0,0.24928716904276985,14385000000.0,7725000000.0,7411000000.0,2781000000.0,6641000000.0,1828000000.0,9411000000.0,16307460000.0,17795460000.0,8.612040133779264,2.664868752247393,0.1815780326729232,0.33812297734627833,0.07730453524105883,8.612040133779264,0.060582524271844664,3.321274949083503,8.71125,2.1109980582524273,0.17094017094017094,2.016411378555799,0.004905730260874471,0.3413277719847063,1.7687882056814095,0.03253388946819604,-113.24625,0.24928716904276985,27.08695652173913,1.4804187135576878,-0.12643576848809515,1.9484487619377768,0.0851063829787234,23.285714285714285,0.1065651760228354,-0.5151897735342855,-0.03225607765602961,0.3839813397661591,Oil & Gas Equipment & Services,Energy,HAL
2008Q3,2008,Q3,2008-10-21,2008-09-30,-21000000.0,4853000000.0,1051000000.0,-0.02,1128000000.0,0.23243354626004534,13846000000.0,7427000000.0,7367000000.0,2531000000.0,6359000000.0,1824000000.0,9025000000.0,28373640000.0,30171640000.0,8.478310502283104,2.910707230343738,0.2001300014444605,0.37309815537902247,-0.005707906527675107,8.478310502283104,-0.002827521206409048,5.846618586441377,-337.7814285714286,3.82033660966743,-3.857142857142857,2.0422149122807016,0.002854762378038207,0.3504983388704319,1.9087317265902806,-0.0015166835187057635,146.2558762886598,0.23243354626004534,-1.0363636363636364,-1.3595890410958904,0.161947992760994,1.0620995630378252,0.13366834170854272,-1.0414201183431953,0.10748155953635406,-1.0486177835122301,0.08989770411242969,0.6046475085675148,Oil & Gas Equipment & Services,Energy,HAL
2008Q2,2008,Q2,2008-07-25,2008-06-30,507000000.0,4487000000.0,949000000.0,0.55,995000000.0,0.2217517272119456,14048000000.0,7585000000.0,7945000000.0,2606000000.0,6363000000.0,1736000000.0,9127000000.0,46117830000.0,47032830000.0,8.728423475258918,3.048733691481197,0.1989607061503417,0.3684904416611734,0.0627119302912446,8.728423475258918,0.06684245220830587,10.278098952529529,22.740547337278105,6.080135794330917,0.15384615384615385,2.011520737327189,0.0016913198214226473,0.31940489749430523,2.0955487336914813,0.036090546697038726,3074.522,0.2217517272119456,-0.14062499999999994,18.477560414269277,0.24530052619782172,1.128764140636342,0.12684031710079274,-0.13184931506849315,0.1204250295159386,0.49726990911439395,0.006079149975471567,0.8702436669031888,Oil & Gas Equipment & Services,Energy,HAL
2008Q1,2008,Q1,2008-04-25,2008-03-31,584000000.0,4029000000.0,847000000.0,0.64,883000000.0,0.21916108215438074,13328000000.0,7062000000.0,7696000000.0,2482000000.0,6166000000.0,1655000000.0,8699000000.0,34335090000.0,35137090000.0,8.0893470790378,3.1007252215954875,0.20978391356542617,0.3959218351741716,0.061223234666564735,8.0893470790378,0.08269612007929765,8.52198808637379,14.698240582191781,4.861949872557349,0.136986301369863,1.900906344410876,0.0023299778739476144,0.3022959183673469,2.1333601933924253,0.043817527010804325,258.1585714285714,0.21916108215438074,-0.19026086956521734,12.503609579370785,0.3018928822312087,0.9712389850097729,-0.10355329949238579,-0.1536231884057971,-0.06615214994487321,0.8364261168384878,-0.06351751408183126,0.8684937236505016,Oil & Gas Equipment & Services,Energy,HAL
2007Q4,2007,Q4,2008-02-22,2007-12-31,690000000.0,4179000000.0,907000000.0,0.7903780068728522,985000000.0,0.2357023211294568,13135000000.0,6866000000.0,7573000000.0,2411000000.0,6175000000.0,1459000000.0,8202000000.0,33095429999.999996,34034429999.999996,7.864833906071019,3.1410203235172127,0.21210506280928818,0.40576755024759686,0.07166145584132978,7.864833906071019,0.100495193708127,7.919461593682699,11.991097826086955,4.820190795222837,0.1144927536231884,2.189170664838931,0.002387036518335009,0.31815759421393225,2.209871422646205,0.0525314046440807,74.70751693002256,0.2357023211294568,0.0004784897124710958,2.113714464229928,0.24105892834415166,0.9186834824254201,0.013374485596707819,-0.05089408528198074,-0.0032967032967032967,4.90127469402265,-0.07421048756658451,1.004212506074049,Oil & Gas Equipment & Services,Energy,HAL
2007Q3,2007,Q3,2007-10-26,2007-09-30,727000000.0,3928000000.0,910000000.0,0.79,972000000.0,0.24745417515274948,12469000000.0,6197000000.0,7221000000.0,2191000000.0,6182000000.0,1560000000.0,7591000000.0,34179200000.000004,36250200000.0,7.0420454545454545,3.2957553628480145,0.22503809447429626,0.4527997418105535,0.0839303565478174,7.0420454545454545,0.11731482975633371,8.701425661914461,11.753507565337001,5.515442956269163,0.10729023383768914,1.8948717948717948,0.0022820896919764065,0.31502125270671266,2.2820629849383844,0.058304595396583524,95.74005602240898,0.24745417515274948,-0.5123456790123457,6.5934235976789175,0.2932869946954455,0.39165765615902853,0.04967602591792657,-0.5248366013071896,0.019036954087346025,17.447623966942153,-0.1845369229310835,2.6741106719367584,Oil & Gas Equipment & Services,Energy,HAL
2007Q2,2007,Q2,2007-07-27,2007-06-30,1530000000.0,3735000000.0,893000000.0,1.62,926000000.0,0.24792503346720215,11989000000.0,5858000000.0,7272000000.0,2166000000.0,6060000000.0,1500000000.0,6942000000.0,31222500000.0,32669500000.0,6.47292817679558,3.3573407202216066,0.23313036950537994,0.47712529873677023,0.07012090693111563,6.47292817679558,0.2611812905428474,8.359437751004016,5.10171568627451,5.329890747695459,0.05359477124183006,1.8726666666666667,0.0026263111538153572,0.31153557427642004,2.3873499538319485,0.12761698223371423,1007.1774193548387,0.24792503346720215,2.0,3.933102576050057,0.10225349466727021,0.2987946922320903,0.08177570093457943,1.7717391304347827,0.13324873096446702,3.2152791007811006,-0.2732095963166103,2.2588359599765764,Oil & Gas Equipment & Services,Energy,HAL
2007Q1,2007,Q1,2007-05-04,2007-03-31,552000000.0,3422000000.0,788000000.0,0.54,856000000.0,0.25014611338398596,17638000000.0,7892000000.0,11715000000.0,5079000000.0,9681000000.0,1430000000.0,5494000000.0,31486080000.0,32096080000.0,7.955645161290323,2.306556408741878,0.1585213743054768,0.35428281804358847,0.049402151111789167,7.955645161290323,0.06994424733907754,9.201075394506137,14.26,3.989619868220983,0.1358695652173913,1.7944055944055943,0.0023820050003048967,0.194012926635673,1.130734396534751,0.03129606531352761,100.91692307692308,0.25014611338398596,-0.18589665653495438,20.853372434017597,-0.008828861688318593,0.42814822758255533,-0.19245283018867926,-0.16109422492401215,-0.24448705656759348,8.46501240694789,-0.4557538651896555,1.8063602672512786,Oil & Gas Equipment & Services,Energy,HAL
