Quarters,Year,Quarter,FillingDate,Date,NetIncome,Revenue,OperatingIncome,EPSDiluted,GrossProfit,GrossProfitRatio,TotalAssets,CommonStockEquity,CurrentAssets,CurrentLiability,TotalLiability,Inventory,RetainedEarnings,MarketCap,EnterpriseValue,bookValuePerShare,currentRatio,debtToAssets,debtToEquity,roic,shareholdersEquityPerShare,roe,priceToSalesRatio,peRatio,pbRatio,payoutRatio,inventoryTurnover,dividendYield,assetTurnover,quickRatio,returnOnAssets,priceToFreeCashFlowsRatio,grossProfitMargin,epsdilutedGrowth,fiveYNetIncomeGrowthPerShare,fiveYRevenueGrowthPerShare,fiveYShareholdersEquityGrowthPerShare,grossProfitGrowth,netIncomeGrowth,operatingIncomeGrowth,threeYNetIncomeGrowthPerShare,threeYRevenueGrowthPerShare,threeYShareholdersEquityGrowthPerShare,Industry,Sector,Symbol
2023Q1,2023,Q1,2023-05-04,2023-03-31,113600000.0,2642800000.0,174100000.0,2.12,2642800000.0,1.0,32915200000.0,4396400000.0,10415600000.0,0.0,0.0,0.0,3775900000.0,1044171901.76,-481428098.24,82.18735617703393,0.0,0.0,0.0,0.03058209482438539,82.18735617703393,0.025839323082522063,0.39510061365218707,2.297913516197183,0.23750611904285324,0.0,0.0,0.0,0.08029117246743146,0.0,0.0034512930196383433,4.0222338280431424,1.0,-0.46464646464646464,0.0,0.0,0.0,-0.48538603836043226,-0.4767388300322432,-0.46644192460925527,0.0,0.0,0.0,,,AIZN
2022Q4,2022,Q4,2023-02-17,2022-12-31,217100000.0,5135500000.0,326300000.0,3.96,5135500000.0,1.0,33123800000.0,4228700000.0,10226800000.0,0.0,28895100000.0,0.0,3699300000.0,1097761210.89,-438938789.1099999,77.77415721473798,0.0,0.0,0.0,0.06170213442380339,77.77415721473798,0.051339655213186085,0.21375936342907217,1.2641193124021188,0.25959779858821863,0.691847075080608,0.0,0.13682392719836284,0.15503957879228833,0.0,0.006554199699309862,1.7149839257772224,1.0,27.28571428571428,0.0,0.0,0.0,1.0156605699034462,28.73972602739726,8.376436781609195,0.0,0.0,0.0,,,AIZN
2022Q3,2022,Q3,2022-11-03,2022-09-30,7300000.0,2547800000.0,34800000.0,0.14,2547800000.0,1.0,33245700000.0,4098900000.0,9856600000.0,0.0,29146800000.0,0.0,3678900000.0,1143105697.44,-286694302.55999994,76.30492280402468,0.0,0.0,0.0,0.007291482793805513,76.30492280402468,0.0017809656249237601,0.44866382661119397,39.147455391780824,0.2788810894239918,0.0,0.0,0.0,0.07663547466288874,0.0,0.0002195772686392526,6.149035489187735,1.0,-0.8526315789473684,0.0,0.0,0.0,0.015181097342311831,-0.8601532567049809,-0.6416065911431514,0.0,0.0,0.0,,,AIZN
2022Q2,2022,Q2,2022-08-04,2022-06-30,52200000.0,2509700000.0,97100000.0,0.95,2509700000.0,1.0,31728700000.0,4459700000.0,8790000000.0,0.0,27269000000.0,0.0,3774200000.0,1215012892.25,-7574987107.75,81.66853671506793,0.0,0.0,0.0,0.016259489730683977,81.66853671506793,0.011704823194385273,0.48412674512889986,5.819027261733717,0.2724427410476041,0.0,0.0,0.0,0.07909873395380208,0.0,0.0016451981959550816,-2.9249227064275396,1.0,0.0,0.0,0.0,0.0,0.0,0.0,0.0,0.0,0.0,0.0,,,AIZN
2021Q4,2021,Q4,2022-02-22,2021-12-31,460000000.0,7550000000.0,706000000.0,0.0,7550000000.0,1.0,33910000000.0,5489000000.0,11197000000.0,2202000000.0,28421000000.0,0.0,4066000000.0,0.0,162000000.0,0.0,5.084922797456858,0.06493659687407845,0.4011659683002368,0.07132766624380198,0.0,0.08380397157952268,0.0,0.0,0.0,0.34130434782608693,0.0,,0.22264818637570039,5.084922797456858,0.013565319964612209,0.0,1.0,0.0,0.0,0.0,0.0,1.863102009859689,-0.47845804988662133,2.68668407310705,0.0,0.0,0.0,,,AIZN
2021Q3,2021,Q3,2021-11-04,2021-09-30,882000000.0,2637000000.0,191500000.0,0.0,2637000000.0,1.0,33624000000.0,5744000000.0,1702000000.0,2201000000.0,27880000000.0,0.0,4219000000.0,0.0,174000000.0,0.0,0.773284870513403,0.06545919581251487,0.3831824512534819,0.019434001429988235,0.0,0.1535515320334262,0.0,0.0,0.0,0.0,0.0,,0.07842612419700214,1.6942298955020445,0.026231263383297645,0.0,1.0,0.0,0.0,0.0,0.0,0.0,0.0,0.0,0.0,0.0,0.0,,,AIZN
2020Q4,2020,Q4,2021-02-19,2020-12-31,442000000.0,10094000000.0,515000000.0,0.0,10094000000.0,1.0,18098000000.0,5951000000.0,17908000000.0,4808000000.0,2557000000.0,0.0,3548000000.0,0.0,-13404000000.0,0.0,3.7246256239600664,0.24886727815228202,0.7568475886405646,0.042372070779531326,0.0,0.0742732313896824,0.0,0.0,0.0,0.34841628959276016,0.0,,0.5577411868714776,3.7246256239600664,0.024422588131285224,0.0,1.0,0.0,0.0,0.0,0.0,3.0343725019984014,15.733333333333333,129.75,0.0,0.0,0.0,,,AIZN
2020Q3,2020,Q3,2020-11-05,2020-09-30,-30000000.0,2502000000.0,-4000000.0,0.0,2502000000.0,1.0,7153000000.0,5936000000.0,3779000000.0,2502000000.0,37642000000.0,0.0,6126000000.0,0.0,-2203000000.0,0.0,1.5103916866506795,0.0,0.0,-0.005053908355795148,0.0,-0.005053908355795148,0.0,0.0,0.0,,0.0,,0.34978330770306165,1.5103916866506795,-0.004194044456871243,0.0,1.0,0.0,0.0,0.0,0.0,0.0,0.0,0.0,0.0,0.0,0.0,,,AIZN
