Quarters,Year,Quarter,FillingDate,Date,NetIncome,Revenue,OperatingIncome,EPSDiluted,GrossProfit,GrossProfitRatio,TotalAssets,CommonStockEquity,CurrentAssets,CurrentLiability,TotalLiability,Inventory,RetainedEarnings,MarketCap,EnterpriseValue,bookValuePerShare,currentRatio,debtToAssets,debtToEquity,roic,shareholdersEquityPerShare,roe,priceToSalesRatio,peRatio,pbRatio,payoutRatio,inventoryTurnover,dividendYield,assetTurnover,quickRatio,returnOnAssets,priceToFreeCashFlowsRatio,grossProfitMargin,epsdilutedGrowth,fiveYNetIncomeGrowthPerShare,fiveYRevenueGrowthPerShare,fiveYShareholdersEquityGrowthPerShare,grossProfitGrowth,netIncomeGrowth,operatingIncomeGrowth,threeYNetIncomeGrowthPerShare,threeYRevenueGrowthPerShare,threeYShareholdersEquityGrowthPerShare,Industry,Sector,Symbol
2023Q1,2023,Q1,2023-04-28,2023-03-31,73160000.0,454606000.0,97997000.0,1.44,113595000.0,0.2498757166,2038196000.0,853793000.0,649857000.0,461158000.0,1266266000.0,173349000.0,807276000.0,2492662830.0,3112872830.0,16.95143645640995,1.4091851382823242,0.30540487764670327,0.7290701610343491,0.042432306080171955,16.95143645640995,0.08568821716739303,5.483127873367268,8.517847286768726,2.9195165924293125,0.0,1.9671933498318421,0.0,0.22304331869947738,0.9650618659982045,0.03589448708563848,-51.81174038661401,0.24987571655455493,7.260869565217391,1.1907395084227819,0.8341080946293157,0.6034910160571825,16.111746707463084,7.365613851909858,6.048269111889553,1.151174318841001,0.7752455639891102,0.3801462698993637,Specialty Business Services,Industrials,CBZ
2022Q4,2022,Q4,2023-02-24,2022-12-31,-11493000.0,295043000.0,-19412000.0,-0.23,-7517000.0,-0.0254776422,1879124000.0,824778000.0,568426000.0,512407000.0,1165672000.0,199800000.0,734116000.0,2350933000.0,2820702000.0,16.436388999601434,1.1093252043785506,0.25249318299377793,0.5752651016394714,-0.008983598834841358,16.436388999601434,-0.013934658780908318,7.968102954484601,-51.13836683198468,2.8503827696665045,0.0,1.5143143143143143,0.0,0.1570109263678182,0.6619640246913099,-0.006116147736924226,37.04473543222716,-0.025477642241978286,-1.4339622641509433,-3.579590564950293,0.6448449143975805,0.6901759381652727,-1.1313127784085946,-1.4183836912995995,-1.4694331592184176,-9.835384134894086,0.5788263140759505,0.3599879114390545,Specialty Business Services,Industrials,CBZ
2022Q3,2022,Q3,2022-10-28,2022-09-30,27470000.0,363262000.0,41352000.0,0.53,57245000.0,0.1575859848,1899618000.0,774125000.0,583081000.0,458604000.0,1125493000.0,165006000.0,745614000.0,2201330460.0,2686586460.0,15.044114503371746,1.2714258924911253,0.25652315360246114,0.6294797351848862,0.020973965779519887,15.044114503371746,0.035485225254319394,6.059897429403571,20.03395030942847,2.8436369578556437,0.0,1.854581045537738,0.0,0.1912289734041265,0.8744145275662664,0.014460802119162905,75.48885360584342,0.15758598477132207,-0.11666666666666659,1.992686951880516,0.8400313194824948,0.5354193087877024,-0.2073086296665559,-0.12110062390017597,-0.0890024673951357,0.6270153262407007,0.597674323286693,0.24397224098421735,Specialty Business Services,Industrials,CBZ
2022Q2,2022,Q2,2022-07-29,2022-06-30,31255000.0,361952000.0,45392000.0,0.6,72216000.0,0.1995181682,1972597000.0,764523000.0,654042000.0,531348000.0,1208074000.0,227459000.0,718144000.0,2074363560.0,2560091560.0,14.727572190865134,1.2309108155107387,0.2482052847084326,0.6404110798497887,0.02184808689999971,14.727572190865134,0.04088170009273756,5.731045995049067,16.592253719404894,2.713278161677281,0.0,1.273794398111308,0.0,0.1834900894607464,0.7798316734042473,0.015844594714480454,27.08364638142863,0.19951816815489345,-0.4545454545454546,1.954491308019462,0.7832511925357397,0.5186765871358823,-0.28797215621703165,-0.46233507078839176,-0.46669173109006745,0.962810400476433,0.6014793528732583,0.2563706586188926,Specialty Business Services,Industrials,CBZ
2022Q1,2022,Q1,2022-05-02,2022-03-31,58131000.0,391722000.0,85114000.0,1.1,101423000.0,0.2589157617,1942444000.0,707088000.0,611559000.0,458375000.0,1182596000.0,232459000.0,686889000.0,2187434430.0,2705449430.0,13.566799056006447,1.3341892555222252,0.2669693437751616,0.7333924490303895,0.044187566020603496,13.566799056006447,0.08221183219061842,5.584150060502091,9.407349047840222,3.0935816051184575,0.0,1.2488180711437287,0.0,0.20166450101006772,0.7991622579765476,0.029926731478487924,-42.29132938924656,0.25891576168813596,7.111111111111112,1.3896607924835664,0.6588558918833016,0.4253209310552702,29.378007834359263,7.047123686674295,7.768508946322068,0.6159780578918128,0.5111834339747281,0.1812609089739192,Specialty Business Services,Industrials,CBZ
2021Q4,2021,Q4,2022-02-25,2021-12-31,-9613000.0,242828000.0,-12575000.0,-0.18,-3574000.0,-0.0147182368,1627934000.0,704548000.0,451674000.0,423289000.0,923386000.0,0.0,628762000.0,2035726559.9999998,2364974560.0,13.539106037895385,1.0670582037331469,0.20347569373205548,0.47015249493292155,-0.007341243697328716,13.539106037895385,-0.013644208769310252,8.38340949149192,-52.942020181004885,2.8894079040746687,0.0,0.0,0.0,0.14916329531786915,0.5768281245201269,-0.005905030547921476,42.70008515993707,-0.014718236776648491,-1.4390243902439024,-13.5533078148655,0.41056977125199523,0.5243238248160356,-1.0805118154580884,-1.4431791987460236,-1.401039673427733,-9.306740642965195,0.27283098857245824,0.2380718513352302,Specialty Business Services,Industrials,CBZ
2021Q3,2021,Q3,2021-10-29,2021-09-30,21691000.0,282719000.0,31356000.0,0.41,44391000.0,0.15701456216242984,1712768000.0,720647000.0,535104000.0,441831000.0,992121000.0,0.0,638382000.0,1695424500.0000002,2059015500.0000002,13.74624701955174,1.2111056037263117,0.21388769523951873,0.5083487477225327,0.018431530645037546,13.74624701955174,0.03009934128637183,5.996853766460691,19.540644737448712,2.352642139632858,0.0,0.0,0.0,0.16506555470443166,0.6713856655599086,0.012664295456243929,147.95571166768482,0.15701456216242984,1.5624999999999998,1.006934486331303,0.4210717069100965,0.5246129295689361,0.06417509708970609,1.520158010921343,13.20077821011673,0.6687163852997149,0.3177075892200721,0.2513591772747282,Specialty Business Services,Industrials,CBZ
2021Q2,2021,Q2,2021-07-30,2021-06-30,8607000.0,278648000.0,-2570000.0,0.16,41714000.0,0.14970141540581666,1656628000.0,712332000.0,509171000.0,423764000.0,944296000.0,0.0,616691000.0,1732680980.0000002,2067642980.0000002,13.472254794416916,1.201543783804193,0.205018266019891,0.47679873991341115,-0.0016040448803656072,13.472254794416916,0.012082849008608346,6.218171241135771,50.327668757987695,2.432406490232083,0.0,0.0,0.0,0.16820191376700142,0.7012700465353358,0.0051954934964276835,21.93017225885659,0.14970141540581666,-0.8260869565217391,0.041920746110214166,0.391799394939476,0.5224518416860652,-0.4565588400057322,-0.8285765500209126,-1.04126790416854,-0.3115434817379175,0.25563829080558614,0.26820760462298754,Specialty Business Services,Industrials,CBZ
2021Q1,2021,Q1,2021-04-30,2021-03-31,50209000.0,300730000.0,62276000.0,0.92,76759000.0,0.2552422438732418,1551843000.0,727783000.0,471475000.0,333674000.0,824060000.0,0.0,608084000.0,1742933559.9999998,2068225559.9999998,13.637578233332084,1.4129809334859773,0.21398427547116558,0.45627611527062323,0.03839301224939771,13.637578233332084,0.06898897061349331,5.795675722408804,8.678392120934493,2.3948533560140866,0.0,0.0,0.0,0.1937889335454682,0.8313143966865864,0.03235443276156157,-109.1174832529894,0.2552422438732418,530.0396779758482,1.2290117871987536,0.29603540329073386,0.5774253688331021,121.31191222570533,535.1382978723404,5.540390784485273,0.4189923280021448,0.1451119595707849,0.2900224847703687,Specialty Business Services,Industrials,CBZ
2020Q4,2020,Q4,2021-02-26,2020-12-31,-94000.0,211110000.0,-13716000.0,-0.001739,-638000.0,-0.0030221211690587843,1513754000.0,702620000.0,436431000.0,378274000.0,811134000.0,0.0,557875000.0,1439574390.0,1714617390.0,12.987670751769903,1.153743053976747,0.18476912364888878,0.39807435028891863,-0.0005166494253343234,12.987670751769903,-0.00013378497623181806,6.819072474065653,-3828.6552925531914,2.0488662292562125,0.0,0.0,0.0,0.1394612334632972,0.5837752528590386,-6.209727604353151e-05,22.865267713909052,-0.0030221211690587843,-1.0048305555555554,0.9517258660703793,0.25685398674499693,0.6070857136596584,-1.018971720836183,-1.0046819743985655,-1.615343203230148,-1.0195698116710612,0.09166620615175142,0.33553961262334864,Specialty Business Services,Industrials,CBZ
2020Q3,2020,Q3,2020-11-02,2020-09-30,20077000.0,238389000.0,22290000.0,0.36,33629000.0,0.14106775060929824,1425116000.0,718004000.0,425891000.0,298056000.0,707112000.0,0.0,557969000.0,1244196610.0,1515675610.0,13.197875117181038,1.4288959121775773,0.19478554728176514,0.38661623055024763,0.014169978700288029,13.197875117181038,0.027962239764680978,5.219186329906162,15.4928103053245,1.732854705544816,0.0,0.0,0.0,0.16727690938842874,0.8555405695573987,0.014087975996339947,56.316326890870414,0.14106775060929824,-0.07692307692307698,0.8875420473135673,0.22181589192629808,0.5453312255521396,0.20417517098148744,-0.06479411216694615,0.32939702988012165,1.0688217021396509,0.142123509330123,0.34699003290268876,Specialty Business Services,Industrials,CBZ
2020Q2,2020,Q2,2020-08-03,2020-06-30,21468000.0,236943000.0,16767000.0,0.39,27927000.0,0.11786379002544915,1427608000.0,695220000.0,472174000.0,333299000.0,732388000.0,0.0,537892000.0,1310080350.0,1582791350.0,12.720153691336566,1.41666791679543,0.19776507276507277,0.40610310405339317,0.011239416140399161,12.720153691336566,0.030879433848278244,5.529094972208505,15.256199343208497,1.8844111935790107,0.0,0.0,0.0,0.16597203153806928,0.8305395455731941,0.015037741452835792,18.321520872666248,0.11786379002544915,-0.4090909090909091,2.1410143544949407,0.24493560785109755,0.506316657573242,-0.6402457876024115,-0.41739036039947897,-0.7502643768897362,0.9274552176542806,0.10875329058254263,0.31167577014390013,Specialty Business Services,Industrials,CBZ
2020Q1,2020,Q1,2020-05-08,2020-03-31,36848000.0,277455000.0,67139000.0,0.66,77628000.0,0.27978591122884794,1616558000.0,670260000.0,675573000.0,309429000.0,946298000.0,0.0,516424000.0,1141625320.0,1464882320.0,12.28234776712906,2.183289219821025,0.334166172819039,0.8059544057529914,0.03593659401835535,12.28234776712906,0.054975681078984276,4.1146323547962735,7.745503962223188,1.7032574224927644,0.0,0.0,0.0,0.17163318606570255,1.5516386634736887,0.022794109459728634,-53.627645621946634,0.27978591122884794,32.25147971021355,0.6960373780872501,0.14458778850802567,0.4135770202116393,30.919407894736842,32.95836947094536,9.331968230330107,0.44669355574782943,0.12216679623622002,0.2903771392735731,Specialty Business Services,Industrials,CBZ
2019Q4,2019,Q4,2020-02-26,2019-12-31,-1153000.0,203138000.0,-8058000.0,-0.021119,2432000.0,0.011972156858884109,1400774000.0,659238000.0,456020000.0,365926000.0,741536000.0,0.0,479576000.0,1470587120.0,1735401120.0,12.085687572185455,1.246208249755415,0.18945311663408945,0.40255719482190044,-0.001960832523039475,12.085687572185455,-0.0017489889842515146,7.239350195433646,-318.86104076322636,2.2307377912074244,0.0,0.0,0.0,0.14501839697195978,0.6083142493290993,-0.000823116362810846,32.55167718086637,0.011972156858884109,-1.065996875,0.21053353676991732,0.2632314452378921,0.49579067109690406,-0.9206369925597181,-1.0647534538919465,-1.4246864129861916,-0.6652590664450124,0.12573639931298708,0.36068817645726065,Specialty Business Services,Industrials,CBZ
2019Q3,2019,Q3,2019-11-01,2019-09-30,17806000.0,239790000.0,18974000.0,0.32,30644000.0,0.12779515409316486,1397063000.0,656296000.0,447899000.0,310081000.0,740767000.0,0.0,480729000.0,1275298000.0,1600628000.0,12.093609493624236,1.4444580609582658,0.2348161822337289,0.49985524824164707,0.012300783201815874,12.093609493624236,0.027131050623499152,5.318395262521373,17.9054532180164,1.943175030778795,0.0,0.0,0.0,0.17163864478552507,0.8503971542919431,0.012745309266654403,48.17717502172189,0.12779515409316486,0.06666666666666674,1.1050235259459604,0.18574658638465524,0.477804725812276,-0.17954484605087015,0.07316779170684667,-0.29159199522102747,0.591529207955076,0.16435841793881203,0.3413168971074115,Specialty Business Services,Industrials,CBZ
2019Q2,2019,Q2,2019-08-02,2019-06-30,16592000.0,235498000.0,26784000.0,0.3,37350000.0,0.1586000730367137,1376923000.0,634060000.0,458015000.0,324736000.0,742863000.0,0.0,462923000.0,1075309200.0,1396393200.0,11.722314660750602,1.410422620220733,0.23509811369263206,0.5105384348484371,0.018050597566764838,11.722314660750602,0.02616787054852853,4.566107567792508,16.202223963355834,1.6959107970854492,0.0,0.0,0.0,0.17103207659397077,0.8450218023255814,0.012050056539109304,25.083608201730854,0.1586000730367137,-0.5522388059701493,1.4782590844853032,0.18757366061125694,0.44918365865052096,-0.3147040475578878,-0.5571806026315087,-0.3745271122320303,0.9633910495897396,0.14982863910155989,0.324697299480946,Specialty Business Services,Industrials,CBZ
2019Q1,2019,Q1,2019-05-06,2019-03-31,37469000.0,269998000.0,42822000.0,0.67,54502000.0,0.2018607545241076,1377319000.0,623487000.0,457861000.0,311122000.0,753832000.0,0.0,446331000.0,1107997670.0,1453438670.0,11.485014828596166,1.471644563868836,0.25236274240027184,0.5574839571635014,0.027617861120857682,11.485014828596166,0.060095880106561965,4.103725472040534,7.392762483653153,1.7770982714956365,0.0,0.0,0.0,0.19603156567215002,0.856824653994253,0.027204300528780916,-36.68259129283231,0.2018607545241076,38.38159301130524,0.9234956525677971,0.14708197842543708,0.39382539865249877,2.168905168905169,39.5087358684481,4.143165986067739,0.6352031132236217,0.14385102973526656,0.3284436167539013,Specialty Business Services,Industrials,CBZ
2018Q4,2018,Q4,2019-02-28,2018-12-31,-973000.0,199023000.0,8326000.0,-0.017923259712269973,17199000.0,0.08641714776684102,1183031000.0,593663000.0,423538000.0,321314000.0,589368000.0,0.0,408963000.0,1069453900.0,1202787900.0,10.935638366459742,1.3181436227490866,0.1132463984460255,0.22567348815742264,0.004587597958853848,10.935638366459742,-0.001638976995366058,5.373519141003803,-274.782605344296,1.801449475544206,0.0,0.0,0.0,0.16823143265053916,0.6471146604256273,-0.0008224636547985641,28.78590385443583,0.08641714776684102,-1.074680248801125,0.7812063593978739,0.1835342197534096,0.40714796732442926,-0.3292644879494579,-1.0716178418960696,-0.4580485582243051,0.5020418180464091,0.1807900494124125,0.3531685953842738,Specialty Business Services,Industrials,CBZ
2018Q3,2018,Q3,2018-11-01,2018-09-30,13586000.0,224249000.0,15363000.0,0.24,25642000.0,0.114346106337152,1189856000.0,601915000.0,423837000.0,281797000.0,587941000.0,0.0,409467000.0,1270672860.0,1435664860.0,10.985053108004527,1.5040507883334457,0.1416011685447651,0.27991493815571966,0.016049366536390615,10.985053108004527,0.022571293288919533,5.666347943580574,23.382026718680997,2.111050331026806,0.0,0.0,0.0,0.1884673439475029,0.8459955215988815,0.011418188419438991,71.15028053082479,0.114346106337152,0.04347826086956513,-0.811552859173538,0.14884593702048407,0.43108220958772414,-0.06888412796397836,0.03662444681825118,-0.12441582126980508,0.26817524031184176,0.1411425953121171,0.2862332331095598,Specialty Business Services,Industrials,CBZ
2018Q2,2018,Q2,2018-08-02,2018-06-30,13106000.0,232641000.0,17546000.0,0.23,27539000.0,0.11837552280122593,1210124000.0,588826000.0,446272000.0,305412000.0,621298000.0,0.0,395881000.0,1274867000.0,1454724000.0,10.623067347417416,1.4612130499129046,0.15021435819800286,0.30871259081630226,0.018262366285825254,10.623067347417416,0.022257848668367226,5.479975584699171,24.318384709293454,2.165099706874357,0.0,0.0,0.0,0.19224558805543895,0.8105771875368355,0.0108302950771987,21.69838649283453,0.11837552280122593,-0.640625,0.3175963514719262,0.24011043623603395,0.6678607737795005,-0.5510433648516465,-0.6344313966137625,-0.6580526972248207,0.8907815386982019,0.20526381208272995,0.25798034270888387,Specialty Business Services,Industrials,CBZ
2018Q1,2018,Q1,2018-05-02,2018-03-31,35851000.0,266090000.0,51312000.0,0.64,61340000.0,0.2305235070840693,1214353000.0,571616000.0,463562000.0,288341000.0,642737000.0,0.0,382775000.0,986795750.0,1204069750.0,10.571581809102847,1.6076867320290906,0.17916454276474797,0.3806209063427196,0.04754992248680326,10.571581809102847,0.06271867827352628,3.708503701755045,6.881228905748794,1.7263263274645915,0.0,0.0,0.0,0.21912079930629727,0.9073666249336723,0.02952271703532663,-42.64274447949527,0.2305235070840693,7.000000000000001,0.7901563754151971,0.035803992444207386,0.6549954326187525,10.871492161796013,6.3965339385186715,24.877152163797113,0.6654066069965695,0.10785422085803645,0.21668474105811789,Specialty Business Services,Industrials,CBZ
2017Q4,2017,Q4,2018-03-01,2017-12-31,4847000.0,195142000.0,-2149000.0,0.08,5167000.0,0.026478154369638518,1176231000.0,530879000.0,448173000.0,334246000.0,645352000.0,0.0,345302000.0,843430950.0,1024703950.0,9.724661574252167,1.3408477588363061,0.15447390861148874,0.3422568984646219,-0.010495404273896804,9.724661574252167,0.00913014076654002,4.322139518914431,43.50273107076542,1.5887442336200903,0.0,0.0,0.0,0.16590448644866526,0.567058394116908,0.004120789198720319,23.905417776770026,0.026478154369638518,-0.5555555555555556,2.7079468508361573,0.041505383547909974,0.6589752472198487,-0.7753478260869565,-0.4981362600952578,-1.143066373743426,4.316096944585862,0.21252953944307182,0.20357720447927818,Specialty Business Services,Industrials,CBZ
2017Q3,2017,Q3,2017-11-02,2017-09-30,9658000.0,207723000.0,15021000.0,0.18,23000000.0,0.11072437813819365,1128688000.0,530486000.0,403855000.0,262462000.0,598202000.0,0.0,340455000.0,879807500.0,1086995500.0,9.79804957334417,1.53871798584176,0.18469763123201452,0.3929717278118555,0.012503731326446013,9.79804957334417,0.018205946999543813,4.235484274731252,22.77406036446469,1.6584933438394227,0.0,0.0,0.0,0.1840393447967906,0.8180079401970571,0.008556837673475752,61.473413918390165,0.11072437813819365,-0.05263157894736847,0.6818499760384861,0.04445135837875887,0.6898159706218964,0.004542278127183787,-0.12184033460629205,0.09931206088992975,0.14442492445098798,0.029567733403807986,0.19729382454962113,Specialty Business Services,Industrials,CBZ
2017Q2,2017,Q2,2017-08-03,2017-06-30,10998000.0,211016000.0,13664000.0,0.19,22896000.0,0.10850362057853433,1150666000.0,523362000.0,428595000.0,290248000.0,627304000.0,0.0,330797000.0,809520000.0,1020775000.0,9.697635635932404,1.476651001901822,0.18460265620084368,0.4058682135883003,0.013452913810470975,9.697635635932404,0.021014135531429487,3.8362967737043636,18.401527550463722,1.5467687757231134,0.0,0.0,0.0,0.18338596951678418,0.7561740304842756,0.0095579429652045,31.785770378514215,0.10850362057853433,-0.5777777777777778,0.7379231745173611,0.03391325898708541,0.7066519182668834,-0.5297886759903888,-0.5578515719224894,-0.6577582968065122,0.6464264737890756,0.06652091721336396,0.19888055370118435,Specialty Business Services,Industrials,CBZ
2017Q1,2017,Q1,2017-05-05,2017-03-31,24874000.0,241459000.0,39925000.0,0.45,48693000.0,0.2016615657316563,1111187000.0,507265000.0,432634000.0,277769000.0,603922000.0,0.0,319799000.0,722120150.0,933633150.0,9.518417052896252,1.5575316179991288,0.19253015019074196,0.42174603018146334,0.03365349885385696,9.518417052896252,0.04903551398184381,2.990653278610447,7.257780714802605,1.4235560308714381,0.0,0.0,0.0,0.21729825852894247,0.8038442014767667,0.022385071099643893,-48.067639619250485,0.2016615657316563,36.45261167572678,0.24065627940885423,0.024491295047072478,0.6945813958719546,5.724623670763707,37.25947521865889,23.08241150442478,0.300739744643582,0.044967975632583104,0.15515840782902257,Specialty Business Services,Industrials,CBZ
2016Q4,2016,Q4,2017-03-09,2016-12-31,-686000.0,178785000.0,-1808000.0,-0.012693,7241000.0,0.04050116061190816,1118588000.0,480021000.0,441592000.0,339447000.0,638567000.0,0.0,294925000.0,740402800.0,929738800.0,8.882040559544075,1.3009159014514784,0.17238697357740293,0.4017115917845261,-0.0009909898502779178,8.882040559544075,-0.0014291041433603946,4.141302681992337,-269.82609329446063,1.5424383516554483,0.0,0.0,0.0,0.15983096546717826,0.5268804850241716,-0.0006132731622366769,21.247246534852355,0.04050116061190816,-1.063465,0.4564177137985401,0.008806951949853425,0.7047581787823006,-0.7185228377065112,-1.0632025059885757,-1.1060659392232781,0.8450490200095384,0.06796491860234495,0.14290038681132286,Specialty Business Services,Industrials,CBZ
2016Q3,2016,Q3,2016-11-01,2016-09-30,10854000.0,199794000.0,17046000.0,0.2,25725000.0,0.12875762034895943,1052945000.0,474686000.0,383332000.0,251383000.0,578259000.0,0.0,295611000.0,589131120.0,808689120.0,9.016220939067011,1.5248922958195263,0.20900616841335493,0.46361594822682783,0.014773268132639928,9.016220939067011,0.022865641708413563,2.9486927535361422,13.569447208402432,1.2410964721942503,0.0,0.0,0.0,0.1897478025917783,0.7754422534538931,0.010308230724301839,50.65180294041785,0.12875762034895943,0.25000000000000006,1.1806030074355618,0.0693310926070366,0.7335316225271602,0.11755506320865372,0.3352195842046992,0.16172561848292782,-0.843310863507635,0.06528263330789787,0.17459180731762436,Specialty Business Services,Industrials,CBZ
2016Q2,2016,Q2,2016-08-02,2016-06-30,8129000.0,197015000.0,14673000.0,0.16,23019000.0,0.11683881937923508,1122554000.0,460425000.0,458074000.0,329792000.0,662129000.0,0.0,284757000.0,541642710.0,768831710.0,8.849051526974304,1.3889785076654375,0.209950701703437,0.5118770700982788,0.01291075308049789,8.849051526974304,0.0176554270510941,2.7492460472552853,16.657728810431788,1.1763972633979476,0.0,0.0,0.0,0.17550603356275066,0.6114369056860082,0.00724152245682613,14.08144313011829,0.11683881937923508,-0.6097560975609756,0.20821256195092494,0.04761341990964771,0.7402636924093434,-0.5008998070293359,-0.6265619257625873,-0.5910079161556472,-0.12938887147062172,0.1187892121718425,0.38933374366511025,Specialty Business Services,Industrials,CBZ
2016Q1,2016,Q1,2016-05-03,2016-03-31,21768000.0,224238000.0,35876000.0,0.41,46121000.0,0.2056787877166225,1016910000.0,445864000.0,392770000.0,250877000.0,571046000.0,0.0,276628000.0,520361480.0,753525480.0,8.64546653222679,1.5655879175851115,0.23082180330609395,0.5264497694364201,0.031396293855645865,8.64546653222679,0.04882206233290869,2.3205767086756035,5.976220599044469,1.167085658407048,0.0,0.0,0.0,0.22050918960379975,0.7924560641270423,0.021406024131929078,-28.841673872076267,0.2056787877166225,11.249999999999998,0.18110631993838913,0.03791116677262257,0.7323166769787793,11.726545253863135,12.42077649527807,9.067461209804362,0.13961629867854505,-0.08481547918567649,0.35345948052667836,Specialty Business Services,Industrials,CBZ
2015Q4,2015,Q4,2016-03-08,2015-12-31,-1906000.0,164412000.0,-4447000.0,-0.04,3624000.0,0.022042186701700606,998200000.0,427948000.0,372480000.0,271053000.0,570252000.0,0.0,254860000.0,522126439.99999994,727826440.0,8.081504702194357,1.3741961904129452,0.2069224604287718,0.4826520979184387,-0.0018082421063580973,8.081504702194357,-0.004453812145400843,3.17571977714522,-68.48458027282267,1.2200698215671064,0.0,0.0,0.0,0.16470847525545984,0.5734081526491129,-0.0019094369865758365,25.586907772223853,0.022042186701700606,-1.2105263157894737,-0.04603358259898453,-0.05690165456446299,0.7629619604995361,-0.8702331077451928,-1.1868627450980391,-1.2236471534902433,-2.503161541188068,-0.09537922245931287,0.3786614741153356,Specialty Business Services,Industrials,CBZ
2015Q3,2015,Q3,2015-11-03,2015-09-30,10200000.0,187102000.0,19884000.0,0.19,27927000.0,0.14926083099058268,952007000.0,445557000.0,336232000.0,219332000.0,506450000.0,0.0,256766000.0,512309400.0,710592400.0,8.540483036227718,1.532981963416191,0.21021168961992925,0.449152409231591,0.018032332598142634,8.540483036227718,0.02289269386408473,2.738128935019401,12.55660294117647,1.1498178684208753,0.0,0.0,0.0,0.19653426918079384,0.8097085696569584,0.01071420693335238,24.85732168850073,0.14926083099058268,0.4615384615384615,1.4107136056727434,0.2107111515698443,1.2495742041699767,0.273751425313569,0.5349887133182845,0.2987589810581319,0.8433749516327725,-0.02367250365727011,0.4729303544967933,Specialty Business Services,Industrials,CBZ
2015Q2,2015,Q2,2015-08-04,2015-06-30,6645000.0,185042000.0,15310000.0,0.13,21925000.0,0.11848661384982868,974539000.0,448724000.0,352070000.0,229885000.0,525815000.0,0.0,246565000.0,512247977.48,711814977.48,8.444541609085984,1.5315048828762208,0.20708971113521368,0.4497575346983892,0.013823611059464825,8.444541609085984,0.014808657437533986,2.768279512110764,19.271932937547028,1.1415658121250478,0.0,0.0,0.0,0.18987644414435953,0.7807294951823738,0.006818608593396468,19.493415689169648,0.11848661384982868,-0.6486486486486487,0.4186358154060254,0.18443508487999857,0.7880722155856842,-0.49013999348867493,-0.6533284641068448,-0.5379786945106678,0.06646093030810246,-0.07918552505892892,0.4861244201247454,Specialty Business Services,Industrials,CBZ
2015Q1,2015,Q1,2015-05-05,2015-03-31,19168000.0,213866000.0,33137000.0,0.37,43002000.0,0.2010698287712867,991033000.0,418333000.0,366421000.0,233574000.0,572700000.0,0.0,239920000.0,449202180.0,693336180.0,8.688842271424418,1.5687576528209475,0.24647211545932377,0.5838936923455715,0.02948944515362269,8.688842271424418,0.04581995682865086,2.100390805457623,5.858751304257095,1.073790927323448,0.0,0.0,0.0,0.215801088359318,0.8102271656948119,0.019341434644456843,-16.4554978386695,0.2010698287712867,13.333333333333334,0.5320388722540512,0.2996163980582164,0.8408340943389311,10.92181868588855,15.466415094339622,11.614029468289559,0.05826054750223466,0.004422837529520067,0.5468906629113766,Specialty Business Services,Industrials,CBZ
2014Q4,2014,Q4,2015-03-12,2014-12-31,-1325000.0,145891000.0,-3122000.0,-0.03,3607000.0,0.02472393773433591,991244000.0,399845000.0,379326000.0,295168000.0,591399000.0,0.0,220753000.0,423608720.0,627358720.0,8.079798735021319,1.2851189830875975,0.20653744184075767,0.5120209081018895,-0.0022087942145486076,8.079798735021319,-0.0033137840913353925,2.9035973432219944,-79.92617358490567,1.0594323300278858,0.0,0.0,0.0,0.14717970550137,0.48794923568950566,-0.0013367041818159806,21.196333249937453,0.02472393773433591,-1.2,-2.2514327854854637,0.19748437216094678,0.8364644642722447,-0.8543979332337626,-1.1723465140478668,-1.196549987408713,-0.1466039060763433,-0.10099553809312316,0.550781364271266,Specialty Business Services,Industrials,CBZ
2014Q3,2014,Q3,2014-11-07,2014-09-30,7688000.0,183799000.0,15884000.0,0.15,24773000.0,0.13478310545759226,924478000.0,403633000.0,334471000.0,226545000.0,520845000.0,0.0,222078000.0,388170483.22,591747483.22,8.183496291755988,1.4763998322629057,0.22063694322633962,0.5053452022010093,0.016688657530024752,8.183496291755988,0.019047005571893278,2.111929244555194,12.6226093658949,0.9616916436961299,0.0,0.0,0.0,0.19881381709461987,0.7953695733739433,0.00831604429743055,23.88153582010582,0.13478310545759226,0.25,0.9483887433330536,0.32776775962577276,0.9647062554259838,0.33345892991710624,0.25888324873096447,0.5463395638629284,0.6486720145936602,0.05004279458815661,0.5734252410700956,Specialty Business Services,Industrials,CBZ
2014Q2,2014,Q2,2014-08-08,2014-06-30,6107000.0,180885000.0,10272000.0,0.12,18578000.0,0.10270613925975067,910878000.0,399101000.0,328433000.0,225802000.0,511777000.0,0.0,214390000.0,445533761.60999995,649915761.6099999,8.088908945927816,1.454517674777017,0.2287133952077007,0.5219981909341245,0.009862782608715481,8.088908945927816,0.015301891000022551,2.4630774337838957,18.23865079457999,1.1163433857845506,0.0,0.0,0.0,0.1985831252923004,0.8107545548755104,0.006704520254084521,17.36973729473684,0.10270613925975067,-0.6363636363636364,0.11636633105742923,0.18852279661006857,0.879234349522603,-0.56513190234311,-0.6467696223031986,-0.6835684800690037,-0.042798331705095595,0.014316798083272627,0.5907732604893655,Specialty Business Services,Industrials,CBZ
2014Q1,2014,Q1,2014-05-09,2014-03-31,17289000.0,208908000.0,32462000.0,0.33,42721000.0,0.20449671625787427,932431000.0,397016000.0,360244000.0,226809000.0,535415000.0,0.0,208282000.0,441347120.0,655086120.0,8.239923622929725,1.5883143966950166,0.2339540405670768,0.5494640014508232,0.030598066996615037,8.239923622929725,0.04354736333044512,2.1126386734830644,6.381906414483197,1.1116607894895925,0.0,0.0,0.0,0.22404660505710342,0.8326785974101557,0.018541854571544704,-19.350540161346895,0.20449671625787427,5.028391183177097,0.2097408155107465,0.20704468328736159,0.9839034906924979,12.874959402403377,5.380288826957183,7.845634753268663,0.00408271203164315,0.034987715974972966,0.651056892745383,Specialty Business Services,Industrials,CBZ
2013Q4,2013,Q4,2014-03-14,2013-12-31,-3947000.0,149249000.0,-4742000.0,-0.08191855879789132,3079000.0,0.020629953969540836,897458000.0,374446000.0,350475000.0,267414000.0,523012000.0,0.0,190994000.0,439419839.99999994,614006840.0,7.771491428334233,1.3106082703224213,0.19539410200811624,0.4683131880164296,-0.0043142096713580285,7.771491428334233,-0.010540905764783172,2.944206259338421,-27.832520901950847,1.1735199200952873,0.0,0.0,0.0,0.16630193279239808,0.5380346578713157,-0.004397977398385217,-31.3066286691365,0.020629953969540836,-1.0669582727844744,-2.405317117692905,0.16496268101726533,1.0225867648609095,-0.8280272564789991,-1.0632937780628609,-1.5292410714285714,-1.3806952506476553,-0.05908834461954806,0.6953332664375353,Specialty Business Services,Industrials,CBZ
2013Q3,2013,Q3,2013-11-08,2013-09-30,62360000.0,168839000.0,8960000.0,1.223427,17904000.0,0.10604185052031817,858784000.0,363810000.0,314228000.0,250657000.0,494974000.0,0.0,194941000.0,352622475.36,518716475.36,7.67604616590767,1.2536174932277973,0.1975432704847785,0.46630658860394164,0.011345521344449105,7.67604616590767,0.1714081526071301,2.088513171482892,1.4136564919820398,0.9692489908468707,0.0,0.0,0.0,0.19660240526139286,0.6593392564340912,0.07261430115139546,-73.26459076667359,0.10604185052031817,5.796816666666667,15.220262285123113,0.29559187576661317,1.0703964408722406,-0.1426929706952691,5.817535804088772,-0.3230071779372875,15.223155696548309,0.2025929858435841,1.0218804219381545,Specialty Business Services,Industrials,CBZ
2013Q2,2013,Q2,2013-08-09,2013-06-30,9147000.0,172511000.0,13235000.0,0.18,20884000.0,0.12105894696570074,980229000.0,324652000.0,434381000.0,246553000.0,655577000.0,0.0,132580000.0,345587190.36,677085190.36,6.369277049033734,1.7618159178756698,0.3393951821462128,1.024743417567118,0.011369719307069658,6.369277049033734,0.028174784076488053,2.0032762569343405,9.445369803214168,1.0644850189125588,0.0,0.0,0.0,0.175990508340398,0.6594484755813151,0.00933149294705625,13.826252864972995,0.12105894696570074,-0.5135135135135135,0.5228629337088286,0.19078211249098484,0.7592062822939353,-0.5245099155301565,-0.5002458613342075,-0.6100126705365825,1.0357755293639601,0.15115291659015417,0.3486495599111014,Specialty Business Services,Industrials,CBZ
2013Q1,2013,Q1,2013-05-10,2013-03-31,18303000.0,234781000.0,33937000.0,0.37,43921000.0,0.1870722077169788,998676000.0,315660000.0,378881000.0,259011000.0,683016000.0,0.0,123434000.0,314292120.0,665817120.0,6.387680352914988,1.462798877267761,0.35219530658591974,1.1142653487930052,0.02962614093859825,6.387680352914988,0.057983273141988215,1.3386607945276663,4.2929044418947715,0.9956666033073561,0.0,0.0,0.0,0.23509226215509335,0.7467713726444051,0.018327265299256216,-22.6565830449827,0.1870722077169788,17.5,0.39625299691139043,0.5229340334125897,0.8051947822226372,5.748770743700061,14.176616915422885,16.927628103539355,0.4252764144337388,0.39001734168606783,0.35330570058295846,Specialty Business Services,Industrials,CBZ
2012Q4,2012,Q4,2013-03-15,2012-12-31,1206000.0,172861000.0,1893000.0,0.02,6508000.0,0.037648746680859185,970156000.0,295232000.0,350197000.0,269867000.0,674924000.0,0.0,105131000.0,297657150.0,634291150.0,5.86184850590688,1.2976651461645923,0.34791621141342216,1.1432805386949925,0.0031434383108771063,5.86184850590688,0.004084923043572513,1.7219450888285963,61.70338930348259,1.0082143873292868,0.0,0.0,0.0,0.17817856097369908,0.5775882193821401,0.0012430990479881587,19.27456776533057,0.037648746680859185,-0.8120495061600774,-0.7516725738176881,0.3892886772259097,0.6375930611809224,-0.6092230094872103,-0.7727529677784059,-0.79034223059032,0.11918336568581267,0.3941216216476681,0.33234463247022117,Specialty Business Services,Industrials,CBZ
2012Q3,2012,Q3,2012-11-09,2012-09-30,5307000.0,183800000.0,9029000.0,0.106411,16654000.0,0.09060935799782373,831480000.0,290124000.0,293778000.0,204651000.0,541356000.0,0.0,103925000.0,302218031.92,570344031.9200001,5.798293863762118,1.4355072782444258,0.32301438398999377,0.9257420964828832,0.009550100698150791,5.798293863762118,0.018292178516772138,1.6442765610446137,14.236764269832296,1.0416857340999022,0.0,0.0,0.0,0.22105161880021168,0.8164484903567537,0.006382594891037667,27.45689396929227,0.09060935799782373,-0.09160676785439886,0.48027651695712215,0.5699338927957035,0.6825444528610382,-0.24006388318503308,-0.09251025991792065,-0.36758422637809063,0.32579283060801423,0.3088468235481213,0.39206322319809883,Specialty Business Services,Industrials,CBZ
2012Q2,2012,Q2,2012-08-09,2012-06-30,5848000.0,188606000.0,14277000.0,0.117142,21915000.0,0.11619460674633893,822838000.0,283388000.0,293648000.0,200331000.0,539450000.0,0.0,98618000.0,296242246.08000004,564668246.08,5.6822574844555405,1.4658140777014042,0.3299495161866613,0.9580328030826993,0.013953228315897508,5.6822574844555405,0.020636018462320212,1.570693647497959,12.664254705882355,1.0453591756884555,0.0,0.0,0.0,0.22921401296488494,0.8343791025852214,0.007107109783456768,8.467935229819346,0.11619460674633893,-0.6886210672932771,-0.2229402975190245,0.5696607343378817,0.6571618646186206,-0.4631571211601587,-0.6886877828054299,-0.5284695158200674,0.05759282622499491,0.22600654566651238,0.32011542211715743,Specialty Business Services,Industrials,CBZ
2012Q1,2012,Q1,2012-05-10,2012-03-31,18785000.0,220827000.0,30278000.0,0.376204,40822000.0,0.18485964125763607,857736000.0,280472000.0,327762000.0,211857000.0,577264000.0,0.0,92770000.0,315576237.68,717848237.6800001,5.616972472424972,1.5470907262917912,0.4727107175168117,1.4456380672580507,0.022311178783927566,5.616972472424972,0.06697638266921475,1.4290654570319752,4.199843461272292,1.1251612912518896,0.0,0.0,0.0,0.2574533422871373,0.863898761900716,0.021900678064112968,-27.5540240705492,0.18485964125763607,17.110613332415095,0.7497834547880124,0.6015261262987319,0.7091482140884555,11.772841051314142,17.110634648370496,8.379478430416768,0.2683270826647758,0.2311700892831036,0.35238283813187365,Specialty Business Services,Industrials,CBZ
2011Q4,2011,Q4,2012-03-15,2011-12-31,-1166000.0,163743000.0,-4103000.0,-0.023351314579877908,3196000.0,0.019518391625901566,812357000.0,260158000.0,292329000.0,226182000.0,552199000.0,0.0,73985000.0,305090318.39000005,582241318.3900001,5.210146911210872,1.2924503276122767,0.3431545490467861,1.0715180774759954,-0.002986811659835383,5.210146911210872,-0.004481891773460743,1.8632266319170898,-65.41387615566038,1.1727116536489364,0.0,0.0,0.0,0.20156532165045662,0.6303949916438973,-0.0014353295410761526,15.131947147604407,0.019518391625901566,-1.2507954610174947,-1.5106195169701448,0.6244964524246799,0.5960161543525847,-0.8616450216450217,-1.247191011235955,-1.2749078726968175,-1.4005930106839117,0.23327785598886117,0.3559783579218077,Specialty Business Services,Industrials,CBZ
2011Q3,2011,Q3,2011-11-09,2011-09-30,4717000.0,177061000.0,14925000.0,0.093109,23100000.0,0.13046351257476238,780072000.0,259494000.0,275706000.0,177620000.0,520578000.0,0.0,75151000.0,328791028.03,607645028.03,5.20107093629078,1.5522238486656907,0.358155401039904,1.0766607320400472,0.020768992303869565,5.20107093629078,0.01817768426244923,1.856936468392249,17.425854782170873,1.267046744934372,0.0,0.0,0.0,0.2269803300208186,0.8942968134219119,0.006046877724107518,27.77889726512335,0.13046351257476238,-0.27904077555634715,0.5664903120028857,0.6908436490944908,0.5706005133950497,-0.0034082574744380687,-0.2799572584338269,-0.08598199522322249,0.16552113450697384,0.2906867991129939,0.40284184363645825,Specialty Business Services,Industrials,CBZ
2011Q2,2011,Q2,2011-08-09,2011-06-30,6551000.0,183110000.0,16329000.0,0.129146,23179000.0,0.12658511277374257,781778000.0,257607000.0,295998000.0,195092000.0,524171000.0,0.0,70434000.0,372866880.96000004,640437880.96,5.084891195266537,1.5172226436758043,0.34252946488645114,1.0394981502831833,0.017829746798593924,5.084891195266537,0.025430209582814133,2.036299934247174,14.229387916348651,1.4474252677916362,0.0,0.0,0.0,0.23422250306352954,0.7989768929530683,0.008379616719836065,14.18122241509147,0.12658511277374257,-0.638619014573213,0.8108574979971237,0.7316263291227264,0.6432897881099074,-0.4271556730840521,-0.6341245462161408,-0.469872086228167,0.0973411956344609,0.27168491371274234,0.4044564974373486,Specialty Business Services,Industrials,CBZ
2011Q1,2011,Q1,2011-05-10,2011-03-31,17905000.0,209891000.0,30802000.0,0.357368,40463000.0,0.19278101490773783,806395000.0,250046000.0,315769000.0,245260000.0,556349000.0,0.0,63883000.0,361238498.67,650911498.6700001,4.990696358880978,1.2874867487564217,0.3595061973350529,1.1594026699087367,0.0326038950793943,4.990696358880978,0.07160682434432064,1.721076647736206,5.043821539653728,1.4446881720563416,0.0,0.0,0.0,0.2602831118744536,0.6927464731305554,0.02220375870386101,-84.38180300630694,0.19278101490773783,11.385733255299304,1.225714033859282,0.8330320083878152,0.36032742575029436,4.204244372990353,11.385730858468678,43.64057971014493,0.34720528160579756,0.34285640064402656,0.4103991635395716,Specialty Business Services,Industrials,CBZ
2010Q4,2010,Q4,2011-03-15,2010-12-31,-1724000.0,164944000.0,690000.0,-0.03440951074086691,7775000.0,0.047137210204675525,756299000.0,229672000.0,253445000.0,229323000.0,526627000.0,0.0,45978000.0,312639144.48,481048144.48,4.58404939145962,1.1051878791050178,0.22363245224441655,0.7364110557664844,0.001055113448498519,4.58404939145962,-0.0075063568915671045,1.8954259899117278,-45.33630285382831,1.36124187746003,0.0,0.0,0.0,0.21809363756926825,0.622881263545305,-0.0022795217235511353,23.93867875038285,0.047137210204675525,-1.4301188842608363,-1.4976845351580959,0.9111122646320826,0.34732649640644253,-0.5758319694489907,-1.3567880794701987,-0.9395955528320056,-1.3568491899963904,0.33260694338316915,0.2806212013156647,Specialty Business Services,Industrials,CBZ
2010Q3,2010,Q3,2010-11-09,2010-09-30,4832000.0,176486000.0,11423000.0,0.08,18330000.0,0.10386092947882551,732672000.0,226191000.0,260938000.0,215340000.0,506481000.0,0.0,47702000.0,353303470.0,626689470.0,3.796488695681364,1.2117488622643262,0.37411693090496156,1.211829825236194,0.013836609455137042,3.796488695681364,0.021362476844790465,2.0018781659735048,18.279359995860926,1.5619696185966727,0.0,0.0,0.0,0.2408799571977638,0.7317126404755271,0.006595038434661076,23.414637815627277,0.10386092947882551,-0.0787549372977579,1.9409285208543336,0.6151365825007757,0.12245349519980657,-0.15385680653649078,-0.10881593507930652,-0.23973377703826956,0.1319074345571135,0.26600768894330407,0.10166216914086071,Specialty Business Services,Industrials,CBZ
2010Q2,2010,Q2,2010-08-09,2010-06-30,5422000.0,180840000.0,15025000.0,0.086839,21663000.0,0.11979097544790976,714324000.0,290489000.0,250770000.0,255923000.0,423835000.0,0.0,42871000.0,391197240.0,602015240.0,4.722707246094068,0.9798650375308198,0.29570055045049587,0.7271394097538978,0.021638154419087438,4.722707246094068,0.01866507853997914,2.1632229595222294,18.037497233493177,1.3466852101112263,0.0,0.0,0.0,0.25316243049372555,0.6158492984217909,0.007590393154926896,12.508305035971222,0.11979097544790976,-0.6660038461538461,0.9923793815447295,0.5828325743058201,0.4089087905627688,-0.4290796963946869,-0.6607857857857858,-0.48118093922651933,-0.41584457109197087,0.22030016112819753,0.3773206102319053,Specialty Business Services,Industrials,CBZ
2010Q1,2010,Q1,2010-05-10,2010-03-31,15984000.0,210235000.0,28960000.0,0.26,37944000.0,0.18048374438128761,741687000.0,290326000.0,274652000.0,161698000.0,451361000.0,0.0,37448000.0,404114130.0,636247130.0,4.720057227397617,1.698549147175599,0.3202065022037598,0.8180218099653493,0.032650483008269525,4.720057227397617,0.05505535157030373,1.922201964468333,6.320603885135135,1.39193227613097,0.0,0.0,0.0,0.28345515021835355,1.0883931774047917,0.021550869841321204,-45.93249943168902,0.18048374438128761,11.152234042553191,1.4187797334543903,0.6662745597974707,0.4025560523402531,2.20472972972973,11.145896656534955,4.786213786213787,0.20866828538750692,0.2377570939841089,0.4362323155767793,Specialty Business Services,Industrials,CBZ
2009Q4,2009,Q4,2010-03-16,2009-12-31,1316000.0,151428000.0,5005000.0,0.02139524297257312,11840000.0,0.07818897429801622,711969000.0,270618000.0,267798000.0,189681000.0,441351000.0,0.0,21464000.0,473619300.0,681620300.0,4.399648831878261,1.4118335521217202,0.30515092651505893,0.8028216896141425,0.007944362851602119,4.399648831878261,0.004862943337102484,3.1276864252317935,89.97327127659574,1.7501396802873426,0.0,0.0,0.0,0.21268903561812383,0.7488994680542596,0.0018483950846174483,32.125028827240044,0.07818897429801622,-0.732559462842836,-0.06441517768086426,0.48522520053482193,0.3518241732304887,-0.2230971128608924,-0.7421124828532236,-0.2584086531337976,-0.5321535926920267,0.21958130981386373,0.3477375453745596,Specialty Business Services,Industrials,CBZ
2009Q3,2009,Q3,2009-11-09,2009-09-30,5103000.0,179023000.0,6749000.0,0.08,15240000.0,0.08512872647648626,681812000.0,265691000.0,246929000.0,161867000.0,416121000.0,0.0,20149000.0,475854750.0,684918750.0,4.16525181265922,1.525505507608098,0.3118938945046435,0.8003771298237427,0.009403593890218376,4.16525181265922,0.01920652186186209,2.6580648855175033,23.3125,1.7910081636186395,0.0,0.0,0.0,0.26256944729632214,0.9513242353290047,0.007484467859175257,40.22100836784718,0.08512872647648626,-0.27237007258108525,16.37325842696629,0.7850877795487817,0.2928782957879528,-0.21447348074841502,-0.24911712772218952,-0.42385180126344546,0.32552025224351205,0.3371752534548836,0.2578076160691087,Specialty Business Services,Industrials,CBZ
2009Q2,2009,Q2,2009-08-10,2009-06-30,6796000.0,189072000.0,11714000.0,0.109946,19401000.0,0.1026117034780401,669467000.0,263836000.0,253653000.0,159292000.0,405631000.0,0.0,15047000.0,436420400.0,637279400.0,4.304364140631373,1.592377520528338,0.31515070944497636,0.7996747979805637,0.014768903511428873,4.304364140631373,0.025758425688685395,2.3082233223322333,16.05431135962331,1.6541351445594992,0.0,0.0,0.0,0.2824216877008127,1.0124802249956055,0.01015135921561481,11.478705944239874,0.1026117034780401,-0.6208758620689655,2.6252702567294244,0.889453520301965,0.3236053138125665,-0.5370573637491648,-0.6262031791430615,-0.6574753647767478,0.5526765452388176,0.4778157210296252,0.39104601553529356,Specialty Business Services,Industrials,CBZ
2009Q1,2009,Q1,2009-05-11,2009-03-31,18181000.0,220177000.0,34199000.0,0.29,41908000.0,0.19033777370025026,759402000.0,254582000.0,345597000.0,229437000.0,504820000.0,0.0,8026000.0,427226150.0,662471150.0,4.153389346602496,1.5062827704337138,0.3223760274531803,0.9616272949383695,0.040958734278270625,4.153389346602496,0.07141510397435796,1.9403759248241188,5.874623920576426,1.6781475123928637,0.0,0.0,0.0,0.2899347117863793,0.7876889952361651,0.02394120637027556,-22.2444106008539,0.19033777370025026,3.9749650153932268,1.1882283793070858,1.0739518649541469,0.22382981243745523,1.4114160768743886,4.088441085922194,2.108717389328243,0.8473386651675421,0.5717443090038974,0.13210041880193957,Specialty Business Services,Industrials,CBZ
2008Q4,2008,Q4,2009-03-16,2008-12-31,3573000.0,162982000.0,11001000.0,0.05829186719960845,17379000.0,0.10663140714925574,702623000.0,235517000.0,281662000.0,206831000.0,467106000.0,0.0,-4812000.0,530201750.0,746593750.0,3.8423525573048374,1.361797796268451,0.3217429546143522,0.9598627699911259,0.015277550032088718,3.8423525573048374,0.01517087938450303,3.2531307138211583,37.09779946823398,2.2512249646522333,0.0,0.0,0.0,0.23196223294711388,0.7054068297305529,0.005085230628658612,39.36459648080778,0.10663140714925574,-0.27135166000489436,1.1597060962415209,0.8521766660305703,0.18154851186106077,-0.10592653565181603,-0.2799274486094317,0.4522772277227723,-0.15689121390850383,0.5435582906077719,0.1293297621611074,Specialty Business Services,Industrials,CBZ
2008Q3,2008,Q3,2008-11-10,2008-09-30,4962000.0,168195000.0,7575000.0,0.08,19438000.0,0.11556823924611315,591936000.0,226793000.0,241617000.0,168133000.0,365143000.0,0.0,-8385000.0,516894949.99999994,671249950.0,3.7075248075068252,1.4370587570554263,0.273434965942264,0.7136728205897007,0.012571754976855724,3.7075248075068252,0.0218789821555339,3.073188560896578,26.042671805723497,2.2791486068794007,0.0,0.0,0.0,0.2841438939344794,0.848851801847347,0.008382662990593578,294.69495438996574,0.11556823924611315,-0.3333333333333333,30.38884617292013,0.9842277637861819,0.16182512647620526,-0.06776653397918565,-0.31896788361240735,-0.41998468606431855,1.9414531311247072,0.4992004516433876,0.09615081521509658,Specialty Business Services,Industrials,CBZ
2008Q2,2008,Q2,2008-08-11,2008-06-30,7286000.0,175734000.0,13060000.0,0.12,20851000.0,0.11865091558833236,599582000.0,223858000.0,239729000.0,176996000.0,375724000.0,0.0,-13347000.0,491548500.0,645672500.0,3.6205401908458676,1.3544317385703633,0.2764359170221921,0.7404068650662473,0.021359485868555968,3.6205401908458676,0.032547418452769164,2.797116664959541,16.86619887455394,2.195804929910926,0.0,0.0,0.0,0.2930941889516363,0.8263181088838166,0.012151799086697066,16.576687013118402,0.11865091558833236,-0.5384615384615385,2.4527222954183414,1.144689201745247,0.11659984270295883,-0.4656603966992978,-0.5658184851915857,-0.5889203651243311,1.663428927434631,0.5301559498357357,0.0801031348465136,Specialty Business Services,Industrials,CBZ
2008Q1,2008,Q1,2008-05-12,2008-03-31,16781000.0,197352000.0,31770000.0,0.26,39022000.0,0.19772791762941344,620899000.0,223849000.0,262594000.0,182182000.0,397050000.0,0.0,-20633000.0,513679319.99999994,680451320.0,3.538499233334914,1.4413827930311447,0.28645238597581896,0.794544536718949,0.047431572397114465,3.538499233334914,0.07496571349436451,2.602858445822692,7.652692330612001,2.2947581628687193,0.0,0.0,0.0,0.31784879666419175,0.8661613112162563,0.027026939969302576,-37.90431818181818,0.19772791762941344,1.6963704918032787,1.5220837442662207,1.0276693736826628,0.1032842130463852,6.514346235316773,1.750983606557377,3.652218480011715,1.4690580528233952,0.5208475766601488,0.051458335527750865,Specialty Business Services,Industrials,CBZ
2007Q4,2007,Q4,2008-03-17,2007-12-31,6100000.0,156283000.0,6829000.0,0.09642591802216216,5193000.0,0.033228182207917685,577992000.0,226446000.0,249093000.0,183970000.0,351546000.0,0.0,-37414000.0,620590410.0,749048410.0,3.5795513823682836,1.3539870631081155,0.24325942227574085,0.6209074128048188,0.011550695752550619,3.5795513823682836,0.026937989631082022,3.9709399614801355,25.434033196721312,2.740566890119499,0.0,0.0,0.0,0.2703895555647829,0.7074359949991846,0.010553779291062852,67.47014677103718,0.033228182207917685,0.37751311460231646,6.299914027152216,0.9433434748277469,0.15646614306720283,-0.693284507707755,0.31295738269479123,0.013505491243692491,3.216574006444872,0.4903918811287447,0.09984325406722629,Specialty Business Services,Industrials,CBZ
2007Q3,2007,Q3,2007-11-09,2007-09-30,4646000.0,151718000.0,6738000.0,0.07,16931000.0,0.11159519635112511,524956000.0,223455000.0,247124000.0,156841000.0,301501000.0,0.0,-43514000.0,527165460.00000006,617631460.0,3.4461460164708058,1.5756339222524722,0.21335121419699937,0.5012194849074758,0.012086178936956201,3.4461460164708058,0.02079165827571547,3.4746401877166853,28.366630434782614,2.3591571457340406,0.0,0.0,0.0,0.2890108885316103,0.91790411945856,0.008850265546064813,65.6413223757938,0.11159519635112511,-0.5333333333333333,2.115694753012749,0.9169355494176588,0.10788324036912092,-0.19830484397935508,-0.5273652085452696,-0.3649387370405278,14.560161363715913,0.488219650992037,0.06967059596973754,Specialty Business Services,Industrials,CBZ
2007Q2,2007,Q2,2007-08-09,2007-06-30,9830000.0,156946000.0,10610000.0,0.15,21119000.0,0.1345622061091076,518578000.0,223366000.0,240928000.0,153467000.0,295212000.0,0.0,-48160000.0,478793700.0,583110700.0,3.4289091523134076,1.5699010210664182,0.21211852411787618,0.4924652811976756,0.018310265626128724,3.4289091523134076,0.044008488310665006,3.050690683419775,12.1768489318413,2.1435388555106862,0.0,0.0,0.0,0.3026468535109472,0.8560602605120319,0.018955682655261118,23.144665732102286,0.1345622061091076,-0.2857142857142857,11.620035033973453,0.8022632468173468,0.07852999568120973,-0.43142903295283225,-0.3108524957936063,-0.5831205060704884,3.934060799192907,0.47578539294989003,0.05440019159644092,Specialty Business Services,Industrials,CBZ
2007Q1,2007,Q1,2007-05-10,2007-03-31,14264000.0,183203000.0,25451000.0,0.21,37144000.0,0.20274777159762666,544577000.0,218034000.0,268034000.0,166026000.0,326543000.0,0.0,-57990000.0,471042400.0,592506400.0,3.2864162546726154,1.614409791237517,0.23724835973608874,0.5925681315758092,0.04327206659459478,3.2864162546726154,0.06542098938697634,2.5711500357526895,8.255790802019067,2.1604080097599456,0.0,0.0,0.0,0.3364133997579773,0.8570404635418549,0.026192806526900696,-30.37023855577047,0.20274777159762666,3.5920369149637446,1.166216120300688,0.8174179200803398,-0.17994736390540195,1.9870526739043024,3.7013843111404086,6.255131128848347,0.5861330205954354,0.5943464554309581,-0.031630831374518414,Specialty Business Services,Industrials,CBZ
