Quarters,Year,Quarter,FillingDate,Date,NetIncome,Revenue,OperatingIncome,EPSDiluted,GrossProfit,GrossProfitRatio,TotalAssets,CommonStockEquity,CurrentAssets,CurrentLiability,TotalLiability,Inventory,RetainedEarnings,MarketCap,EnterpriseValue,bookValuePerShare,currentRatio,debtToAssets,debtToEquity,roic,shareholdersEquityPerShare,roe,priceToSalesRatio,peRatio,pbRatio,payoutRatio,inventoryTurnover,dividendYield,assetTurnover,quickRatio,returnOnAssets,priceToFreeCashFlowsRatio,grossProfitMargin,epsdilutedGrowth,fiveYNetIncomeGrowthPerShare,fiveYRevenueGrowthPerShare,fiveYShareholdersEquityGrowthPerShare,grossProfitGrowth,netIncomeGrowth,operatingIncomeGrowth,threeYNetIncomeGrowthPerShare,threeYRevenueGrowthPerShare,threeYShareholdersEquityGrowthPerShare,Industry,Sector,Symbol
2023Q1,2023,Q1,2023-04-27,2023-03-31,197813000.0,1900503000.0,314689000.0,0.77,753562000.0,0.396506609,17227094000.0,7233995000.0,1134258000.0,1383184000.0,9988130000.0,0.0,3781519000.0,35792855043.939995,42815543043.939995,28.10705330477203,0.8200340663281241,0.41542398271002645,0.9892940208004014,0.01691352669251896,28.10705330477203,0.027344917987916773,18.833358876013346,45.2357214186378,4.947868369267604,0.3325767265043248,0.0,0.0018380204630012718,0.11032057989583154,0.6857655959004731,0.011482667941557641,134.27087257453894,0.3965066090398173,0.02666666666666669,0.6238957047065754,0.7087233045080695,0.1816889418015302,0.03040081823638882,0.017807894953486458,0.008705881598728095,0.41745261454226174,0.44031722025080666,0.10954061895828346,Waste Management,Industrials,WCN
2022Q4,2022,Q4,2023-02-16,2022-12-31,194352000.0,1869302000.0,311973000.0,0.75,731329000.0,0.3912310584,17134603000.0,7108698000.0,1117645000.0,1512643000.0,10020959000.0,55188000.0,3649494000.0,34097062388.08,41115965388.08,27.63666254162203,0.73886898627105,0.41422261140220173,0.9984303736070937,0.016738607618577334,27.63666254162203,0.027340027667513797,18.240531700110523,43.85993247828682,4.796527069806595,0.33600374578085124,20.619935493223164,0.0019152089777337911,0.10909514506989161,0.6032480896021071,0.011342661396940448,149.55442271001925,0.39123105843785544,-0.18478260869565222,-0.36733637945231645,0.6568836217270442,0.1631245787771864,-0.036760493072668814,-0.17964476261227796,-0.04527677128727415,0.4960990260836986,0.40796795609348435,0.051755875786268044,Waste Management,Industrials,WCN
2022Q3,2022,Q3,2022-11-03,2022-09-30,236912000.0,1879868000.0,326768000.0,0.92,759239000.0,0.4038788894,16130668000.0,6938373000.0,1230314000.0,1378667000.0,9187298000.0,0.0,3520446000.0,34755031961.299995,40982649961.299995,26.976880485507976,0.8923938848177261,0.39848300144792514,0.926412719523727,0.01998163079423183,26.976880485507976,0.03414518072176287,18.48801722317737,36.67504385731833,5.009104001946854,0.24860707773350443,0.0,0.0016946610800296024,0.11653999697966631,0.7333975499522365,0.014687054497681063,124.31424939837036,0.40387888936882804,0.05747126436781615,0.9692553627938767,0.5959849862754606,0.1867534840139455,0.042133408734968285,0.05729357265903228,-0.008562152977942291,0.5275293190007116,0.3653794401465317,0.04814973569273459,Waste Management,Industrials,WCN
2022Q2,2022,Q2,2022-08-03,2022-06-30,224074000.0,1816435000.0,329590000.0,0.87,728543000.0,0.4010839914,15416241000.0,6864878000.0,1257735000.0,1337553000.0,8546579000.0,0.0,3342431000.0,31879962638.64,37476312638.64,26.69295088346761,0.9403253553317139,0.3771449862518366,0.8469426550624789,0.020350150695102296,26.69295088346761,0.03264063833326681,17.550841422148327,35.568565115363675,4.643922679855344,0.2651847157635424,0.0,0.0018638980438445993,0.11782606408397482,0.7593605636561691,0.014534931050961125,101.63503364557131,0.4010839914447806,0.2608695652173914,0.8558160645939336,0.5824514447938433,0.21211825575036408,0.10933752780793529,0.2423157101037878,0.20349813773460892,0.5444161636967091,0.3605973556560062,0.0507964929201068,Waste Management,Industrials,WCN
2022Q1,2022,Q1,2022-05-04,2022-03-31,180368000.0,1646255000.0,273860000.0,0.69,656737000.0,0.3989278696,15414362000.0,6754408000.0,1412779000.0,1257634000.0,8655303000.0,0.0,3177778000.0,36174886540.1,41798651540.1,26.08413979554645,1.1233625999297092,0.39023230413298976,0.8905565076909775,0.016655491619923024,26.08413979554645,0.026703746649595347,21.974048091030856,50.14038873317329,5.3557449505715375,0.3292768118513262,0.0,0.001641774326898437,0.10680007385320262,0.8898884731169799,0.011701295194702187,125.35522868989081,0.39892786961922666,0.07812499999999989,11.319099636358754,0.5325467729948441,0.21538788440036233,0.020643278307384834,0.0837599442401519,0.09276927189947767,0.46161856921287236,0.3464637489580284,0.04764936499072549,Waste Management,Industrials,WCN
2021Q4,2021,Q4,2022-02-17,2021-12-31,166428000.0,1624319000.0,250611000.0,0.64,643454000.0,0.3961377045,14699924000.0,6988938000.0,1032777000.0,1232746000.0,7706379000.0,44257000.0,3056845000.0,35504849523.62,40571573523.62,26.824014016068897,0.8377857239041944,0.3547069358998047,0.7460597017744327,0.015895849865682144,26.824014016068897,0.023813060009975764,21.858298476850916,53.33364806946548,5.080149448116438,0.35720551830220876,22.162934677000248,0.0016743909859539294,0.1104984624410303,0.7449709834791596,0.011321691186974844,217.24406652034781,0.39613770447799973,0.4545454545454546,0.9634605981628828,0.564160557019688,0.24963380580483335,-0.01169766691753575,0.45503186718073807,-0.12110723003114215,0.2711251038630038,0.3025963930226916,0.0955872778680596,Waste Management,Industrials,WCN
2021Q3,2021,Q3,2021-10-28,2021-09-30,114381000.0,1597168000.0,285144000.0,0.44,651070000.0,0.40764027328371216,14274832000.0,6878666000.0,1160288000.0,1145298000.0,7391676000.0,0.0,2949984000.0,32811158969.820004,37516006969.82001,26.400481926797116,1.0130882966703862,0.35337207471163234,0.7333292530848278,0.020315896142526532,26.400481926797116,0.0166283695123444,20.543336060965412,71.71461818357069,4.769988682372426,0.467070579904005,0.0,0.0016282265447904439,0.11188699103429028,0.9006651543964976,0.008012773810577946,153.75786203903561,0.40764027328371216,-0.35294117647058826,0.3028944257122648,0.48601935089027193,0.2367881009516447,0.028969244871511205,-0.35395121069546504,0.06880369431908481,-0.23276346422625305,0.2614345644953835,0.07083003921517275,Waste Management,Industrials,WCN
2021Q2,2021,Q2,2021-08-05,2021-06-30,177047000.0,1533931000.0,266788000.0,0.68,632740000.0,0.412495738074268,14106207000.0,6864383000.0,1506443000.0,1092282000.0,7237607000.0,0.0,2889027000.0,31165426299.15,35384566299.15,26.305215716313157,1.3791703973882203,0.35066371846095834,0.7206088296646618,0.01751993215565032,26.305215716313157,0.02579212144776887,20.31735866812132,44.007278150928855,4.54016425061801,0.3017334380136348,0.0,0.0017141109987466139,0.10874156319980276,1.260623172404196,0.012550999712396111,113.95745365945965,0.412495738074268,0.11475409836065584,4.190632496500928,0.6989496429898944,-0.0033521326248918916,0.11002733227840329,0.10441085653332002,0.11920863188629537,0.2900437141785425,0.2500612645735597,0.09389679246248303,Waste Management,Industrials,WCN
2021Q1,2021,Q1,2021-04-29,2021-03-31,160309000.0,1395942000.0,238372000.0,0.61,570022000.0,0.4083421804057762,14042929000.0,6937710000.0,1503991000.0,1106886000.0,7101056000.0,0.0,2765401000.0,28366074646.260002,32523549646.260002,26.409502729654967,1.358758715893055,0.34899692222327694,0.7064202741250355,0.015847597667715093,26.409502729654967,0.02310690415136983,20.320381968778072,44.236559778708624,4.088679787171848,0.33628180576262096,0.0,0.0019004744460512717,0.09940533061158395,1.2216452281445425,0.01141563843269449,93.43147019713244,0.4083421804057762,0.21999999999999997,1.5062815200840094,0.9014591648480139,1.4202968075584372,0.03377221617700399,0.22687024069184555,0.20912632390536867,0.2893421406726488,0.2296387080416706,0.11031978328415246,Waste Management,Industrials,WCN
2020Q4,2020,Q4,2021-02-18,2020-12-31,130665000.0,1398251000.0,197144000.0,0.5,551400000.0,0.39434979842674883,13992364000.0,6859273000.0,1408272000.0,1028654000.0,7128926000.0,0.0,2659001000.0,26976113601.449997,31253659601.449997,26.080689086814306,1.3690434295691263,0.34982223161147036,0.7136091536231318,0.013755120565322475,26.080689086814306,0.0190493948848515,19.292754735344367,51.61312057829181,3.932794860541343,0.41297975739486475,0.0,0.00200036227594695,0.09992957587438406,1.2128062497205085,0.009338307665523854,587.8429636402266,0.39434979842674883,-0.16666666666666663,0.755381924778669,0.83844141178471,1.4165660889359941,-0.01663902412926007,-0.17326272232029308,-0.1453751750267688,-0.5840045662955411,0.21211301765107543,0.0976394296031104,Waste Management,Industrials,WCN
2020Q3,2020,Q3,2020-10-29,2020-09-30,158049000.0,1389552000.0,230679000.0,0.6,560730000.0,0.4035329372344468,13849447000.0,6661934000.0,1591416000.0,1135466000.0,7183258000.0,0.0,2582298000.0,27299225304.6,31172408304.6,25.33070962579582,1.401553194899715,0.3416944373302414,0.7103461247139344,0.01643617827990602,25.33070962579582,0.02372419180376149,19.64606240327818,43.181584990414365,4.097792818812074,0.3100873779650615,0.0,0.0017952524092960925,0.10033267032250458,1.3503196044619565,0.011411935797869763,118.66855022299887,0.4035329372344468,1.697674418604651,1.4323532828974723,0.7829481921652494,1.40962246704277,0.07817763694257718,1.6960303339909808,1.9927783539983732,0.2847531059149845,0.1536901803742943,0.11433595582364525,Waste Management,Industrials,WCN
2020Q2,2020,Q2,2020-08-07,2020-06-30,-227072000.0,1305782000.0,-232357000.0,-0.86,520072000.0,0.39828394019828733,13594005000.0,6492068000.0,1504926000.0,1039318000.0,7097624000.0,0.0,2473258000.0,24666233052.25,28624357052.25,24.685206550598867,1.4479937805368521,0.3493212633068768,0.7314579884252599,-0.01738356152145954,24.685206550598867,-0.03497683634860263,18.890008479401615,-27.156841279693225,3.799441572739226,-0.21532377395715896,0.0,0.00198222403463183,0.09605572456387945,1.4017538424235894,-0.016703833785554734,104.42103747899195,0.39828394019828733,-2.592592592592592,-3.801549727528413,0.7392617496194986,1.026331496306747,-0.03148720622742002,-2.587527528227357,-2.070952190004747,-2.8390646203479775,0.11242605142544683,0.12094723575433906,Waste Management,Industrials,WCN
2020Q1,2020,Q1,2020-05-07,2020-03-31,143035000.0,1352404000.0,216963000.0,0.54,536980000.0,0.3970559093288692,14279411000.0,6682378000.0,1962221000.0,990170000.0,7592325000.0,0.0,2749224000.0,20443753210.0,24455373210.0,25.332153527791487,1.9817011220295504,0.3646438217934899,0.7791985128647317,0.01496263639918651,25.332153527791487,0.021404805295360423,15.11660214699158,35.73208167581362,3.059353004274825,0.3357080434858601,0.0,0.0023487859350851555,0.09471006892371121,1.8377329145500267,0.010016869743436897,88.19375427622354,0.3970559093288692,0.08000000000000007,0.9462374701633067,0.8843195294522904,1.1009823976094681,-0.01976962815574743,0.07333673515330702,0.11730626622172785,8.589890379261426,0.23587606654590168,0.1803491594805981,Waste Management,Industrials,WCN
2019Q4,2019,Q4,2020-02-13,2019-12-31,133262000.0,1361960000.0,194184000.0,0.5,547810000.0,0.4022217979970043,13737695000.0,6933504000.0,1130598000.0,1007228000.0,6799341000.0,0.0,2654207000.0,23956321780.370003,28029713780.370003,26.276689465567767,1.1224846807277002,0.3202960904285617,0.6346185132365972,0.013866134101850659,26.276689465567767,0.019220007661349875,17.589592778326825,44.94214738704582,3.4551536683861435,0.365588089627951,0.0,0.0020336594426578762,0.09914035797126082,0.9824448883470277,0.009700462850572822,155.32149730849278,0.4022217979970043,-0.16666666666666663,0.5499961890461437,0.8291913693329112,1.1991653696304476,-0.051158230939505944,-0.16244838444085502,-0.17927303465765004,0.5524135394891958,0.29502948743698,0.2241359343586201,Waste Management,Industrials,WCN
2019Q3,2019,Q3,2019-10-29,2019-09-30,159109000.0,1412444000.0,236600000.0,0.6,577346000.0,0.40875673655026323,13270235000.0,6790966000.0,1105290000.0,991794000.0,6473895000.0,0.0,2569663000.0,24274538652.0,28061258652.0,25.737620844486152,1.1144350540535635,0.30824608607157294,0.6023440553229099,0.01683099632910301,25.737620844486152,0.023429509144943444,17.186195454120657,38.14136637776618,3.574533969394045,0.26480588778761727,0.0,0.0017356869518312607,0.10643699979691391,0.9885661740240412,0.01198991577767839,109.85793391653806,0.40875673655026323,0.07142857142857129,0.8719040321647252,0.8267882766568578,1.1927415169655158,0.04247950597667112,0.06893609588304848,0.06512285377294787,0.7896961067578857,0.2977000246563341,0.2057349292156396,Waste Management,Industrials,WCN
2019Q2,2019,Q2,2019-07-30,2019-06-30,148848000.0,1369639000.0,222134000.0,0.56,553820000.0,0.40435472412803664,13145772000.0,6702396000.0,990594000.0,942918000.0,6437967000.0,0.0,2452687000.0,25226408801.7,29149112801.7,25.40258847770736,1.0505621909858545,0.3143149751874595,0.6164829711643418,0.015883277323555874,25.40258847770736,0.022208177493541117,18.418290368264923,42.36941175175347,3.763789665919471,0.2830471353326884,0.0,0.0016701148519071333,0.10418855583376921,0.9259978068082272,0.011322880086464301,101.01715814939693,0.40435472412803664,0.16666666666666682,0.6776158585176618,0.8436075433557375,1.2136252487460584,0.08390889857460754,0.18488799732530925,0.2016336687222763,3.316008001435684,0.5003352892283762,-0.037550731187733624,Waste Management,Industrials,WCN
2019Q1,2019,Q1,2019-04-25,2019-03-31,125622000.0,1244637000.0,184860000.0,0.48,510947000.0,0.4105188902467145,12931928000.0,6563139000.0,1242857000.0,844127000.0,6363254000.0,0.0,2345970000.0,23104839587.7,26808998587.7,24.897776553109793,1.4723578324114737,0.3250591095156113,0.640492453382444,0.013778287414084971,24.897776553109793,0.019140536258640872,18.563516581702135,45.980878324855524,3.5203946751242055,0.3350050150451354,0.0,0.001821436579997018,0.09624527757964628,1.3017602801474186,0.0097140967688654,92.59194974512492,0.4105188902467145,-0.040000000000000036,0.8078774950743216,0.8225915287902541,1.2246516475492866,-0.011660138304560181,-0.051751989009495916,-0.07560756075607561,0.9572330079797448,0.6895350948806134,1.2817547806051486,Waste Management,Industrials,WCN
2018Q4,2018,Q4,2019-02-14,2018-12-31,132478000.0,1261732000.0,199980000.0,0.5,516975000.0,0.4097343968449718,12627329000.0,6454608000.0,1092903000.0,860709000.0,6167141000.0,0.0,2264510000.0,19574448869.25,23428912869.25,24.483685196004334,1.2697706193382432,0.33053458890633164,0.6466340016310828,0.01502159331086698,24.483685196004334,0.020524561677486845,15.513951353575878,36.939055671979496,3.0326317057906538,0.3178112592279473,0.0,0.0021509162419454204,0.09992073541443325,1.0791684529846906,0.010491371532332767,97.47746063069569,0.4097343968449718,-0.12280701754385957,0.8905081434291814,0.8316016694751132,1.2283034290410826,-0.05140113176803893,-0.12174910337238055,-0.14123391262898882,0.7755056292113298,0.6549989194254773,1.2685920291408732,Waste Management,Industrials,WCN
2018Q3,2018,Q3,2018-10-30,2018-09-30,150843000.0,1281110000.0,232869000.0,0.57,544988000.0,0.4254029708612063,12192066000.0,6499564000.0,1023058000.0,815249000.0,5686987000.0,0.0,2174135000.0,20916312006.920002,24439972006.920002,24.65422238821991,1.2549024899141243,0.30905746409181184,0.5797387332442607,0.016855958768306104,24.65422238821991,0.02320817211739126,16.32671043619986,34.6656987843652,3.218110015828754,0.24437991819308819,0.0,0.0017624043850466642,0.10507735112326327,1.066468036146012,0.012372226331451946,104.02968256857373,0.4254029708612063,0.09615384615384602,0.7485602632771162,0.7899796482037765,1.2843345441514946,0.058340097796662174,0.08768982275998327,0.10527889580801944,1.411653890001133,0.6398736795083373,1.3452705846671338,Waste Management,Industrials,WCN
2018Q2,2018,Q2,2018-07-25,2018-06-30,138682000.0,1239968000.0,210688000.0,0.52,514946000.0,0.4152897494128881,12024544000.0,6341049000.0,918375000.0,797670000.0,5677903000.0,0.0,2060156000.0,19850671428.16,23517448428.16,24.047255552415688,1.1513219752529242,0.31706632700583076,0.6012535149941279,0.01588052518599814,24.047255552415688,0.02187051385346494,16.00901912642907,35.784513181523195,3.130502765104007,0.26513895098138185,0.0,0.0018523302918529183,0.10311975239975836,0.9401017964822546,0.011533244004928587,80.30596723206628,0.4152897494128881,0.10638297872340435,1.21792032651724,0.7816239889367592,1.2889083426319068,0.07207158441731483,0.11061992968631125,0.11648216547345885,0.7064970851932996,0.6472345766751427,0.9739640916399408,Waste Management,Industrials,WCN
2018Q1,2018,Q1,2018-05-02,2018-03-31,124869000.0,1140131000.0,188707000.0,0.47,480328000.0,0.4212919392596114,11963218000.0,6275278000.0,969649000.0,742137000.0,5682480000.0,0.0,1961297000.0,18927018065.62,22608819065.62,23.785492366478227,1.3065633434258095,0.3259439057283751,0.6213809173075678,0.014781295772228946,23.785492366478227,0.01989856066934405,16.600739797111032,37.8937487799614,3.016124236347776,0.29482097237905325,0.0,0.001945050185526627,0.09530303635694008,1.0413468133242245,0.01043774342321606,87.61250961954534,0.4212919392596114,-0.6050420168067226,1.107846145962875,0.7777246547944033,1.304989787945579,0.007395103208459696,-0.6036974149832585,0.07823945512930394,0.698815621352709,0.5883308078989297,0.9727063759352589,Waste Management,Industrials,WCN
2017Q4,2017,Q4,2018-02-15,2017-12-31,315085000.0,1157175000.0,175014000.0,1.19,476802000.0,0.41203966556484545,12014681000.0,6268670000.0,1176868000.0,802599000.0,5740611000.0,0.0,1856946000.0,18715749756.399998,22212388756.399998,23.760707189832534,1.4663212887132926,0.3271376077317409,0.6269996665959446,0.03703807519714415,23.760707189832534,0.05026345301315909,16.173655459545873,14.849762569148007,2.985601372603758,0.11671136360029834,0.0,0.0019648691865750577,0.09631341855851187,1.2313409311499266,0.026224999232189353,136.6282659629297,0.41203966556484545,1.5319148936170213,5.120798652274071,0.8025753810515225,1.333423991955589,-0.06757327576091803,1.5569477468411954,-0.2000091420213009,2.665372424698477,0.5543896987158344,0.9885961843968474,Waste Management,Industrials,WCN
2017Q3,2017,Q3,2017-10-26,2017-09-30,123227000.0,1206478000.0,218770000.0,0.47,511356000.0,0.4238419598202371,11910275000.0,5988499000.0,1192943000.0,819789000.0,5916419000.0,0.0,1578635000.0,18430476757.44,21897502757.44,22.731663187761892,1.4551829800107101,0.33267745706963103,0.6616482694578391,0.014447258722231241,22.731663187761892,0.02057727654292002,15.276264264611537,37.39131188262312,3.0776454596452294,0.25755719119998055,0.0,0.0017220390127557622,0.10129724124757825,1.322032864554172,0.010346276639288346,83.13213182367242,0.4238419598202371,0.0,0.7479571208652306,0.9855583090970207,1.271684104530481,0.044289101413403746,-0.0034693019343986545,0.05731960755884201,0.4520149826737139,0.5628337208038678,0.9366460452058666,Waste Management,Industrials,WCN
2017Q2,2017,Q2,2017-07-26,2017-06-30,123656000.0,1175569000.0,206910000.0,0.47,489669000.0,0.41653786379191693,11655363000.0,5800247000.0,1049196000.0,725399000.0,5847377000.0,0.0,1487171000.0,16967412313.960001,20573676313.96,22.021738190011245,1.4463708938115438,0.34370486787927584,0.6906611046046832,0.014804949417821785,22.021738190011245,0.02131909210073295,14.433361473431164,34.30365755393996,2.925291339137799,0.2568092126544608,0.0,0.0018715876889413851,0.10086077971145128,1.3060563910344514,0.01060936497644904,110.88579905474556,0.41653786379191693,7.81255507846924,1.0499468333784816,1.012507546203184,1.2428481971255088,0.09328936381132699,7.313567298641925,6.836312679896985,0.39611737272870556,0.5851402939469461,0.9190121400999767,Waste Management,Industrials,WCN
2017Q1,2017,Q1,2017-05-01,2017-03-31,14874000.0,1091266000.0,26404000.0,0.053333,447886000.0,0.4104278883425306,11469432000.0,5645724000.0,877343000.0,725122000.0,5816200000.0,0.0,1395271000.0,15471541089.8685,19191716089.8685,21.461576283867284,1.209924674744388,0.34776299297123,0.7064893714251707,-0.0222387312811455,21.461576283867284,0.0026345602441777173,14.177607558439922,260.0433825781313,2.7403998300073646,2.1317063331988706,0.0,0.0020493756773049096,0.0951456009329843,1.0410413695902208,0.0012968384136197852,78.82704150295763,0.4104278883425306,-0.8367358808817541,-0.6879078887843442,0.9040895598141776,1.070234049835076,0.03996526374937888,-0.8262220768296102,-0.8102574789626106,-0.785501587318623,0.601291044369532,0.9176222799279095,Waste Management,Industrials,WCN
2016Q4,2016,Q4,2017-02-27,2016-12-31,85592000.0,1048622000.0,139157000.0,0.326667,430674000.0,0.4107047153311679,11193102000.0,5647515000.0,832569000.0,692177000.0,5538225000.0,0.0,1413488000.0,13784535768.09,17259518768.09,21.465499645948476,1.202826733624492,0.32425014977974825,0.6426481381634224,0.01137711714208025,21.465499645948476,0.01515569237089233,13.145381050645513,40.262336924274464,2.4408143702300924,0.3685624824749977,0.0,0.002288506521418461,0.09368466400109639,0.9239255277190661,0.007646852498976602,118.12751318076646,0.4107047153311679,-0.019998019998020013,0.48085475374188363,0.8134329639495333,1.6588498715986686,-0.03998555544657744,-0.03413566245754201,-0.12295639897646629,0.22389640129204216,0.5253151074583657,0.9536130318712446,Waste Management,Industrials,WCN
2016Q3,2016,Q3,2016-10-31,2016-09-30,88617000.0,1084922000.0,158666000.0,0.333333,448612000.0,0.41349700715811827,11187693000.0,5614115000.0,784633000.0,689250000.0,5566327000.0,0.0,1359442000.0,13097671410.0,16660294410.0,21.346002525803172,1.138386652158143,0.32910788667511703,0.6558394332855668,0.01154809382651607,21.346002525803172,0.01578467843996783,12.072454434512343,36.95022233318663,2.332989511258676,0.2868072717424422,0.0,0.0019404976048334078,0.09697459520921785,0.8960841494377947,0.007920935978489935,70.28985719498975,0.41349700715811827,1.5000037500093748,0.22539576087293992,0.720561728583554,1.577155898838322,0.44073582827248,2.223725853977955,1.4988739270808724,0.029676152198566317,0.5194567935032615,0.9778117590330507,Waste Management,Industrials,WCN
2016Q2,2016,Q2,2016-06-30,2016-06-30,27489000.0,727639000.0,63495000.0,0.133333,311377000.0,0.4279278598315923,11093552000.0,5550734000.0,734068000.0,684642000.0,5535831000.0,0.0,1296241000.0,10101659247.655499,13823258247.655499,26.393690868564985,1.0721924743150435,0.34048815023357715,0.6804907242897966,0.0043896438644084644,26.393690868564985,0.004952318017761255,13.882789745540713,91.87001389333462,1.819878100383751,0.6473134708428826,0.0,0.0017614927967531495,0.06559116502992009,0.8156919966931623,0.002477925915883389,256.2702127874448,0.4279278598315923,-0.44444583333333326,-0.49890201772380616,0.5098031747188139,2.2199580061922504,0.3687623083415389,-0.3869809553543553,-0.30209169148924475,-0.4487735015528132,0.3108917888145567,1.5122508924240694,Waste Management,Industrials,WCN
2016Q1,2016,Q1,2016-03-31,2016-03-31,44842000.0,514680000.0,90979000.0,0.24,227488000.0,0.4419989119452864,5055371000.0,2009576000.0,321153000.0,367529000.0,3039040000.0,0.0,1286546000.0,7930249751.1,10000833751.1,10.91167936394401,0.8738167600379834,0.4114133265392392,1.0349680728671122,0.013530822430107685,10.91167936394401,0.022314159802863887,15.408117181743997,44.2121769273226,3.946230324755073,0.39674858391686363,0.0,0.0022434350188696417,0.10180855173636119,0.6693594246984592,0.00887016996378703,73.3324987849197,0.4419989119452864,-0.14285714285714296,0.13468760526086648,0.43563381227569836,0.3490968149561596,-0.027820750604706023,-0.13866425923435968,-0.10568170647793178,0.08436934967835091,0.1496218736571929,0.057422277231230445,Waste Management,Industrials,WCN
2015Q4,2015,Q4,2015-12-31,2015-12-31,52061000.0,531937000.0,101730000.0,0.28,233998000.0,0.43989795784087216,5121798000.0,1985200000.0,362427000.0,378274000.0,3130014000.0,0.0,1259495000.0,6906462437.7887,9057099437.7887,10.792458441845282,0.9581070863976906,0.42204143935391436,1.0888630868426354,0.014980276488697158,10.792458441845282,0.026224561757001812,12.983609784220125,33.165240956708,3.478975638620139,0.3408309483106356,0.0,0.0025691879395323613,0.10385747348880217,0.7036328164240736,0.010164594542775799,159.80892791699333,0.43989795784087216,1.2020573765121065,0.33334098439107407,0.46573697127797314,0.34518851236627196,-0.05274705701377982,1.2025648907236712,1.2711700857252528,0.4505243867607133,0.18846598573344314,0.05987508112391784,Waste Management,Industrials,WCN
2015Q3,2015,Q3,2015-09-30,2015-09-30,-257009000.0,547938000.0,-375152000.0,-1.3857450038861776,247028000.0,0.450832028441174,4814723000.0,1943778000.0,360924000.0,414100000.0,2864689000.0,0.0,1225178000.0,5988458002.6551,7927906002.6551,10.51231467678136,0.8715865732914755,0.40770798236990996,1.009889503842517,-0.06277635481047304,10.51231467678136,-0.13222137507472562,10.929079572241932,-5.825144258231326,3.080834335327954,-0.06242193853133548,0.0,0.0026789868097742394,0.11380467785997242,0.67502777106979,-0.0533798102196118,76.87168497156813,0.450832028441174,-5.5187287966627565,-6.880202297894474,0.48595186611193786,0.3315357279492025,0.0562394441475147,-5.48063110181311,-4.4097287864465935,-6.194116545127195,0.2847928693788481,0.05054601398121155,Waste Management,Industrials,WCN
2015Q2,2015,Q2,2015-06-30,2015-06-30,57360000.0,531312000.0,110024000.0,0.306667,233875000.0,0.4401839220646249,5284471000.0,2267339000.0,342416000.0,387260000.0,3011080000.0,0.0,1498230000.0,5846604946.1208,7777829946.1208,12.18221529675222,0.8842018282290968,0.3684094396581985,0.8586492800591354,0.01587538188371716,12.18221529675222,0.025298378407463552,11.004089774220796,25.482064793064854,2.5786196709538363,0.2797594142259414,0.0,0.002744669795185516,0.10054213562719902,0.7017585084955844,0.01085444503338177,60.78689303737497,0.4401839220646249,0.09523928571428569,0.7676897974407935,0.5061869537893975,0.5746219191432843,0.039550709628095315,0.10682309354739117,0.08009620576252884,0.3456783071941749,0.2871931574281454,0.24072220728283752,Waste Management,Industrials,WCN
2015Q1,2015,Q1,2015-03-31,2015-03-31,51824000.0,506100000.0,101865000.0,0.28,224977000.0,0.4445307251531318,5279574000.0,2242813000.0,336475000.0,357108000.0,3030991000.0,0.0,1456917000.0,5969771975.698999,7954279975.698999,12.05728975007826,0.9422219608633803,0.3788642795801328,0.8918451961888931,0.014547550301732099,12.05728975007826,0.023106696813332186,11.79563717782849,28.798297968600455,2.661734159601804,0.31174745291756717,0.0,0.0027063010221773666,0.09586000688691929,0.7453347446710799,0.009815943483318918,49.392065326595784,0.4445307251531318,-0.14285801749181876,0.7665658354119854,0.5467972631996969,0.5754964997234633,-0.04543352355898763,-0.14709851551956815,-0.10607097725358046,0.5378026477618232,0.2488427141750562,0.16307448526523266,Waste Management,Industrials,WCN
2014Q4,2014,Q4,2014-12-31,2014-12-31,60762000.0,526213000.0,113952000.0,0.326667,235685000.0,0.4478889727163715,5250031000.0,2228185000.0,366144000.0,360311000.0,3016290000.0,0.0,1421249000.0,5468921406.2691,7446579406.2691,11.948482741879188,1.0161887924598472,0.37942842623214984,0.8940061081104127,0.016571500280242794,11.948482741879188,0.027269728500999693,10.39298042098751,22.50140468660141,2.4544287867789705,0.26556071228728484,0.0,0.0029504903803340603,0.10023045578207063,0.761347835619784,0.011573645946090604,143.31555047875,0.4478889727163715,0.020834374999999933,1.4493145977107467,0.5920171806656906,0.5431163815575822,-0.05233974797146786,0.01128420211703615,-0.017748316969942505,0.48316427225576897,0.28387286381158944,0.4800131526423935,Waste Management,Industrials,WCN
2014Q3,2014,Q3,2014-09-30,2014-09-30,60084000.0,546551000.0,116011000.0,0.32,248702000.0,0.45503896251219006,5093864000.0,2189232000.0,360519000.0,386076000.0,2899234000.0,0.0,1376623000.0,6033103961.311299,7924266961.311299,11.737644699729064,0.9338031890094178,0.37387923980695204,0.8699352101558903,0.01711677267438082,11.737644699729064,0.027445241070841283,11.038501368236998,25.102789267156396,2.7558084119505377,0.23756740563211504,0.0,0.0023659463008652575,0.1072959545052636,0.714038168650732,0.01179536791716465,86.45768850132987,0.45503896251219006,-0.03999903999903995,0.6733058499798101,0.6449948941414911,0.5698418698342013,0.046095994414136275,-0.041171964764458065,-0.02278547120859867,0.17158037206414267,0.2222396137179858,0.41711499564422233,Waste Management,Industrials,WCN
2014Q2,2014,Q2,2014-06-30,2014-06-30,62664000.0,524693000.0,118716000.0,0.333333,237743000.0,0.45310877027137775,5069236000.0,2138423000.0,348686000.0,373678000.0,2925616000.0,0.0,1330813000.0,6031400482.1286,7957764482.1286,11.475559601652106,0.9331188884547659,0.38423304813585324,0.9108431774256076,0.01766710220735886,11.475559601652106,0.029303837454049082,11.49510376949683,24.062462028152527,2.8204899040688396,0.22746712626069193,0.0,0.002363298547698077,0.10350534084426134,0.7393049630965698,0.012361626091190073,69.6169128908965,0.45310877027137775,0.2820499999999999,0.9902901477749054,0.6750229663753133,0.5575941004144714,0.0873271773481699,0.2784657757829236,0.1802085715137838,0.2891764762633591,0.22868394142960136,0.39998684529887624,Waste Management,Industrials,WCN
2014Q1,2014,Q1,2014-03-31,2014-03-31,49015000.0,481710000.0,100589000.0,0.26,218649000.0,0.45390172510431587,5044221000.0,2081047000.0,309517000.0,340467000.0,2958212000.0,0.0,1282403000.0,5437017209.24,7442628209.24,11.19176414902423,0.9090954483107027,0.40074869836194726,0.971369219436178,0.014513773520777843,11.19176414902423,0.02355304805705974,11.286909570571504,27.731394518208713,2.612635471106611,0.2905641130266245,0.0,0.0026194509695125247,0.09549740187830787,0.7177141984392026,0.009717060374634656,49.71441694545787,0.45390172510431587,0.0,1.1579007882917858,0.7744246292265836,0.5719754931531538,0.013925600289363124,-0.008315461497997006,0.014892092863701028,0.22842838677559849,0.3308268314222885,0.3837259017233158,Waste Management,Industrials,WCN
2013Q4,2013,Q4,2013-12-31,2013-12-31,49426000.0,485877000.0,99113000.0,0.26,215646000.0,0.4438283763174631,5064252000.0,2043082000.0,328505000.0,345018000.0,3016045000.0,0.0,1247630000.0,5408511917.2367,7480351917.2367,10.987590324061264,0.9521387289938495,0.4117944762622397,1.0207279981909683,0.014595140326784948,10.987590324061264,0.02419188265571328,11.1314425610529,27.356613509269916,2.6472319354958342,0.2874600412738235,0.0,0.002626970267869745,0.0959425004916817,0.7176205299433652,0.009759782886001723,182.38111337840837,0.4438283763174631,-0.20408244481383175,0.7122201976849122,0.8111975674323731,0.575531860088305,-0.06038648395459794,-0.18581359338450895,-0.14276941705587268,0.2522318042758588,0.324410838914655,0.3695100483506595,Waste Management,Industrials,WCN
2013Q3,2013,Q3,2013-09-30,2013-09-30,60706000.0,503646000.0,115620000.0,0.326667,229505000.0,0.45568712945203577,4994647000.0,2002219000.0,329480000.0,369369000.0,2987294000.0,0.0,1212412000.0,5616163479.913199,7642194479.913199,10.792737189629817,0.8920077212760139,0.40950081156886564,1.0215226206523862,0.01765543876765006,10.792737189629817,0.03031936066933737,11.151013767434268,23.12853539976773,2.8049696261563795,0.2034560010542615,0.0,0.0021991881191091842,0.10083715625949141,0.6988215036995524,0.012154212299688046,73.36595009684127,0.45568712945203577,0.4000034285763264,0.7421035982536661,0.4984812716655502,0.3102914115880236,0.03896838798172904,0.3807173561989674,0.24223735952038164,0.3843435658232376,0.36134137429916424,0.3670552691976898,Waste Management,Industrials,WCN
2013Q2,2013,Q2,2013-06-30,2013-06-30,43967000.0,489381000.0,93074000.0,0.233333,220897000.0,0.4513804173026742,5004528000.0,1947984000.0,332741000.0,443381000.0,3051618000.0,0.0,1164057000.0,5144694696.4551,7216662696.4551,10.505993230277143,0.7504629201521942,0.4172581310365333,1.071969790306286,0.01400504326277894,10.505993230277143,0.02257051392619241,10.51265720666536,29.253159736024177,2.641035396828259,0.28075602156162577,0.0,0.002399364924123779,0.09778764351003731,0.5791159296406476,0.008785443902002346,71.52462423299504,0.4513804173026742,0.029408780281205492,0.35179913734551055,0.4781959733383356,0.9561581418260617,0.11604161088066933,0.05801809606314371,0.07088697893295594,0.36008379146580677,0.3925739912716052,0.35796050388107203,Waste Management,Industrials,WCN
2013Q1,2013,Q1,2013-03-31,2013-03-31,41556000.0,449892000.0,86913000.0,0.226667,197929000.0,0.4399478096965494,4989803000.0,1909774000.0,303090000.0,402147000.0,3075130000.0,0.0,1132434000.0,4399753111.4134,6529375111.4134,10.319131343170968,0.7536796246148796,0.4296566417551955,1.1225946106712104,0.013018686279237168,10.319131343170968,0.021759642764012915,9.779576234770566,26.468819854012658,2.303808257633311,0.29622677832322647,0.0,0.002797884264929918,0.09016227694760695,0.5823616737163276,0.008328184499468216,45.80547313892746,0.4399478096965494,0.1724175386509287,0.4596027994011958,0.4594816211804656,1.0282187655320953,0.0373800426631446,0.15468615410264247,0.08362217290477021,0.423761237552267,0.38200577917842055,0.34837560084736424,Waste Management,Industrials,WCN
2012Q4,2012,Q4,2012-12-31,2012-12-31,35989000.0,448803000.0,80206000.0,0.193333,190797000.0,0.425124163608532,5076026000.0,1878157000.0,362486000.0,417572000.0,3192896000.0,0.0,1103188000.0,4154930513.5968003,6383220513.5968,10.182764586181884,0.8680802352648166,0.44355604167512147,1.1987826363823684,0.011026402885025419,10.182764586181884,0.0191618698543306,9.257804679551608,28.86250322040624,2.2122381215184888,0.3412987301675512,0.0,0.0029562467915659483,0.088416213786139,0.6201900510570633,0.007089995204910298,88.27881089527048,0.425124163608532,-0.2750021562473046,0.28865268083264994,0.4760497805712541,0.9741165942551832,0.04597310469215124,-0.2712564543889845,-0.10275083621393652,0.4667448965217851,0.37282198115999,0.31507833939511565,Waste Management,Industrials,WCN
2012Q3,2012,Q3,2012-09-30,2012-09-30,49385000.0,425654000.0,89391000.0,0.266667,182411000.0,0.4285429010416911,3673827000.0,1846673000.0,362761000.0,333028000.0,1822001000.0,0.0,1079482000.0,3676174008.9600005,4562002008.960001,10.006524737496521,1.0892807811955751,0.26929956146546913,0.5357526752164569,0.020045487869412286,10.006524737496521,0.026742688066593273,8.63653110028333,18.609770218487398,1.9907011197759432,0.22395464209780297,0.0,0.0030085626994378603,0.11586119869008529,0.9012725656701539,0.013442385828184071,46.98045992868919,0.4285429010416911,0.17647032872010474,0.42795513086576137,0.4076718131521573,0.9462212676930325,0.05865795338471538,0.16432865731462926,0.09690283947284463,0.3900027270483531,0.294776123841796,0.3383146198671636,Waste Management,Industrials,WCN
2012Q2,2012,Q2,2012-06-30,2012-06-30,42415000.0,410731000.0,81494000.0,0.226667,172304000.0,0.41950571055021413,3579756000.0,1818417000.0,370731000.0,288803000.0,1756422000.0,0.0,1041157000.0,3694135522.1445,4552401522.1445,9.818648546181086,1.2836812636987842,0.27778736874803756,0.5468553142650998,0.017614630383370876,9.818648546181086,0.023325232881126826,8.994050904715008,21.773756466724628,2.0315117611331726,0.261982789107627,0.0,0.0030080109225525437,0.11473714968282754,1.1135791525711298,0.011848572919495072,56.94938138259053,0.41950571055021413,0.2592611111111112,0.39894356735003955,0.41973180021997525,0.9771977287695858,0.07859204126473406,0.35498195061176246,0.23905672712897783,0.35548815551466584,0.319322455360366,0.33269919554711963,Waste Management,Industrials,WCN
2012Q1,2012,Q1,2012-03-31,2012-03-31,31303000.0,376430000.0,65771000.0,0.18,159749000.0,0.4243790346146694,3426644000.0,1791188000.0,228427000.0,265211000.0,1630638000.0,0.0,1009853000.0,3747075758.4266996,4639187758.4267,10.36673910641988,0.861302887135149,0.26272965618838723,0.5026166990846299,0.014336067253011009,10.36673910641988,0.0174761108270042,9.954243175163244,29.925851822722258,2.0919500121855994,0.3197776570935693,0.0,0.0026714164979154144,0.10985383950010565,0.683444502678999,0.009135177158759417,51.59271573534587,0.4243790346146694,-0.18181818181818185,0.2470397089748406,0.5328219059161291,1.0903266320550595,0.0004885044873521178,-0.17532535960798779,-0.12641953007743495,0.48310795812662927,0.49224612521196137,0.45609392783936464,Waste Management,Industrials,WCN
2011Q4,2011,Q4,2011-12-31,2011-12-31,37958000.0,379752000.0,75289000.0,0.22,159671000.0,0.42046124839368854,3328005000.0,1394910000.0,249258000.0,284102000.0,1928318000.0,0.0,988560000.0,3817329001.3533,4995512001.3533,8.073227403787962,0.8773539081034276,0.35781977491019396,0.8536937866959159,0.01772523697112071,8.073227403787962,0.02721179144174176,10.05216299414697,25.141794887463117,2.736613115794783,0.2652668739132726,0.0,0.002637708197650868,0.11410800164062254,0.6649724394759629,0.011405631902596301,117.19304335963221,0.42046124839368854,-0.19512096965971906,0.6406715851929425,0.607148107683547,0.6886453736076188,-0.0896802184708183,-0.18068596343542923,-0.1666777349802984,0.41511524534794275,0.5234348702802799,0.1576357156811487,Waste Management,Industrials,WCN
2011Q3,2011,Q3,2011-09-30,2011-09-30,46329000.0,403962000.0,90348000.0,0.273333,175401000.0,0.43420173184606475,3312005000.0,1395574000.0,270958000.0,283039000.0,1911884000.0,0.0,960671000.0,3798918622.5705004,4953619622.5705,8.282775029413273,0.9573168361957186,0.35967971062845616,0.8535993075250757,0.02126292375451123,8.282775029413273,0.03319709309574412,9.40414846587179,20.499679588219582,2.7221190868922034,0.18252066740054826,0.0,0.002225896587981748,0.12196901876657795,0.7829203749306632,0.013988203520224155,54.07020627350945,0.43420173184606475,0.051280769230769165,0.9300266979541525,0.6998362463083303,0.7978312331230651,0.04211820904035363,0.04314052191925787,0.06881499095006566,0.46385566774219456,0.3233338335637963,0.005569652486664145,Waste Management,Industrials,WCN
2011Q2,2011,Q2,2011-06-30,2011-06-30,44413000.0,390184000.0,84531000.0,0.26,168312000.0,0.4313657146371968,3213888000.0,1395642000.0,236605000.0,263104000.0,1813998000.0,0.0,922798000.0,3601656090.1566005,4733852090.156601,8.196905306779684,0.8992831731938701,0.35755664167512996,0.8233823573667173,0.02012875221889353,8.196905306779684,0.03182263073194989,9.230660637434134,20.273659120958953,2.580644671166818,0.19197081935469346,0.0,0.0023672443416520896,0.12140559969731365,0.7294643943079543,0.01381908765955752,48.30288195585806,0.4313657146371968,0.21875190429985053,1.0713385178864478,0.688123661157073,0.7843243970907807,0.16557942410769935,0.21549577164126002,0.23267954794021145,0.4870295459944301,0.28344872772495894,0.5262186736828259,Waste Management,Industrials,WCN
2011Q1,2011,Q1,2011-03-31,2011-03-31,36539000.0,331468000.0,68575000.0,0.213333,144402000.0,0.4356438630576707,2882403000.0,1377239000.0,206357000.0,232599000.0,1501316000.0,0.0,886911000.0,3268213992.1767,4144460992.1767,8.08813662813265,0.8871792226105873,0.3078473065702471,0.6442890449660517,0.018485974498249756,8.08813662813265,0.026530616690349316,9.859817515345977,22.36113462448822,2.37301876593438,0.2330386710090588,0.0,0.00260539855113001,0.1149971048461995,0.6903641030270982,0.01267657575987813,47.46861281302397,0.4356438630576707,0.015871428571428585,1.1035888998154535,0.5777620749001581,0.8431039735333605,-0.000276927763392919,0.010900539493705907,0.012311598588742416,0.3948760267029609,0.16871863950464722,0.5897181595834968,Waste Management,Industrials,WCN
2010Q4,2010,Q4,2010-12-31,2010-12-31,36145000.0,335955000.0,67741000.0,0.21,144442000.0,0.4299444866127904,2915984000.0,1366149000.0,215561000.0,253537000.0,1545566000.0,0.0,858887000.0,3125179717.0167003,4040337717.0167003,8.02300818259343,0.8502151559732899,0.3172277351316057,0.6771084266796668,0.018121265798275107,8.02300818259343,0.02645758259164996,9.302375964092514,21.61557419433324,2.287583358050037,0.0,0.0,0.0,0.11521153751186564,0.6390743757321417,0.012395472677490686,83.58330347731213,0.4299444866127904,-0.1084922481278337,0.7494430280363379,0.613749488866854,0.7218380279082399,-0.0506418135093035,-0.11811350217147319,-0.10496135297615115,0.4019085601467409,0.19682793832288611,0.5554080088029939,Waste Management,Industrials,WCN
2010Q3,2010,Q3,2010-09-30,2010-09-30,40986000.0,345785000.0,75685000.0,0.235556,152147000.0,0.4400046271527105,2824063000.0,1368905000.0,214564000.0,250726000.0,1451179000.0,0.0,831697000.0,3056319794.4097,3887478794.4097,7.894879916569839,0.8557708414763526,0.2991133696380003,0.6170735003524715,0.020774387111722158,7.894879916569839,0.029940719041861925,8.83878651303469,18.642462026116846,2.232674871090178,0.0,0.0,0.0,0.12244238177406098,0.6725987731627354,0.014513132320348378,45.92654616832512,0.4400046271527105,0.3589795364991087,0.5164677500553103,0.6590177697030675,0.7316716910808296,0.06299124578183622,0.3482236842105263,0.09133249700797393,0.2613452726932397,0.2171098870757401,0.5355164357845726,Waste Management,Industrials,WCN
2010Q2,2010,Q2,2010-06-30,2010-06-30,30400000.0,330477000.0,69351000.0,0.173333,143131000.0,0.4331042704938619,2790928000.0,1348996000.0,207714000.0,233181000.0,1438224000.0,0.0,790711000.0,2703834274.185,3552539274.185,7.736597051424436,0.8907844121090484,0.3077023126357971,0.6366030736933245,0.019075088116319347,7.736597051424436,0.02253527808829678,8.181611047622074,22.235479228495066,2.004330831362732,0.0,0.0,0.0,0.11841115213291063,0.7020683503372916,0.010892434344418774,74.65649485559267,0.4331042704938619,0.11428038777032057,0.28435531732299435,0.6581259921943826,0.7231755682788166,0.0963692072003064,0.10248785087401174,0.1584952307769407,0.06496513941374056,0.21330825102991868,0.5579315265777056,Waste Management,Industrials,WCN
2010Q1,2010,Q1,2010-03-31,2010-03-31,27574000.0,307540000.0,59863000.0,0.155556,130550000.0,0.4244976263250309,2790004000.0,1338056000.0,190752000.0,232062000.0,1448477000.0,0.0,760312000.0,2638920088.4634,3503505088.4634,7.653009544733738,0.8219872275512579,0.31502858060418554,0.6568716107547068,0.015752513518470776,7.653009544733738,0.02060750820593458,8.580737752693633,23.92580046840683,1.9722045179449887,0.0,0.0,0.0,0.11022923264626144,0.6509941308788169,0.009883139952487524,49.4068765158279,0.4244976263250309,0.19658461538461533,0.3056231936774892,0.7031778834491924,0.7647238007143391,0.01744186046511628,0.18551958381701708,0.01702315624946909,0.08555307019079264,0.23755938471953747,0.5431361301281085,Waste Management,Industrials,WCN
2009Q4,2009,Q4,2009-12-31,2009-12-31,23259000.0,309897000.0,58861000.0,0.13,128312000.0,0.4140472479565791,2820448000.0,1353805000.0,199854000.0,244913000.0,1463412000.0,0.0,732738000.0,2590751531.2644,3463392531.2644,7.743085929668308,0.8160203827481596,0.3128155527065204,0.651703901226543,0.01629523962987848,7.743085929668308,0.01718046542892071,8.360040695019313,27.846763954430543,1.913681461705637,0.0,0.0,0.0,0.10987509785679438,0.6067909829204656,0.008246562248266942,148.63749462216867,0.4140472479565791,-0.31976704637618975,0.47575536572835875,0.8433836804681891,0.7539498445480063,-0.0533972703799336,-0.3189165446559297,-0.09110421395593027,-0.006503501045649753,0.2960751106456446,0.6195909737963886,Waste Management,Industrials,WCN
2009Q3,2009,Q3,2009-09-30,2009-09-30,34150000.0,315990000.0,64761000.0,0.191111,135550000.0,0.4289692711794677,2806846000.0,1326304000.0,201938000.0,251022000.0,1477669000.0,0.0,709479000.0,2275270131.0888,3156019131.0888,7.476959893399157,0.8044633538096263,0.3173562069311961,0.671618271527493,0.018701791625185774,7.476959893399157,0.025748244746302506,7.200449796160638,16.656443126565154,1.7154966969026708,0.0,0.0,0.0,0.1125783174424247,0.6002382261315741,0.01216668103629483,38.175032819731214,0.4289692711794677,0.13157754501477295,0.3812133585225553,0.7343153547615734,0.7102961281865483,0.06612239761528357,0.12195282213023195,0.08992224578410582,0.3513258182358818,0.26298701866549573,0.6229237154728953,Waste Management,Industrials,WCN
2009Q2,2009,Q2,2009-06-30,2009-06-30,30438000.0,302830000.0,59418000.0,0.168889,127143000.0,0.41984942046692864,2749492000.0,1327253000.0,201323000.0,230540000.0,1420993000.0,0.0,675329000.0,2074516703.1629999,2927931703.163,7.367490412681001,0.873267111997918,0.3165726614225464,0.6558011170439999,0.017501682117895392,7.367490412681001,0.02293308058071822,6.850433256820658,17.038871666691307,1.5630152677469933,0.0,0.0,0.0,0.1101403459257201,0.6846404094734102,0.01107040864276019,36.256365185134044,0.41984942046692864,0.4074083333333335,0.41065367420595217,0.6757448411131852,0.7019542547643792,0.17755529211277,0.38493038493038495,0.23424939240979623,0.3416741748044986,0.23829372805524454,0.6037751317934642,Waste Management,Industrials,WCN
2009Q1,2009,Q1,2009-03-31,2009-03-31,21978000.0,262675000.0,48141000.0,0.12,107972000.0,0.41104787284667366,2669164000.0,1280934000.0,490464000.0,217245000.0,1387228000.0,0.0,644891000.0,2055056352.717,2586834352.717,7.119553833867462,2.2576538010080784,0.32502161725544026,0.6772683057831239,0.013729161079456572,7.119553833867462,0.017157792673158805,7.823570391993909,23.376289388445265,1.6043421071788242,0.0,0.0,0.0,0.09841096313302593,2.0819857764275356,0.008234038822642595,49.95639819911515,0.41104787284667366,-0.2,0.10143267798441881,0.42895824628450924,0.8425125528355857,0.027962107868805635,-0.21313236189180482,-0.022974042579100115,0.19751025286243937,0.18332898917934815,0.6223857934525707,Waste Management,Industrials,WCN
2008Q4,2008,Q4,2008-12-31,2008-12-31,27931000.0,259568000.0,49273000.0,0.15,105035000.0,0.4046531159464957,2600640000.0,1254727000.0,429211000.0,215464000.0,1345245000.0,0.0,630037000.0,2524443731.5585003,3094635731.5585003,6.97389281829276,1.992031151375636,0.32125015380829336,0.6658468336140053,0.01689978126666525,6.97389281829276,0.02226061924227342,9.725558356802457,22.595357591551505,2.011946607954161,0.0,0.0,0.0,0.09980927771625446,1.7809007537221995,0.010740048603420696,60.410733501447794,0.4046531159464957,-0.17682826442471272,0.3116860735769654,0.4051273266908726,0.8954574468558761,-0.028838508053331362,-0.012096346337495137,-0.13091101508069494,0.2794547117466639,0.18002991654749306,0.49668473268477925,Waste Management,Industrials,WCN
2008Q3,2008,Q3,2008-09-30,2008-09-30,28273000.0,272702000.0,56695000.0,0.182222,108154000.0,0.39660141839810487,2390773000.0,1239818000.0,533646000.0,198106000.0,1117975000.0,0.0,602106000.0,2294602246.7115,2571094246.7115,8.236898367935899,2.693739715102016,0.2687900524223755,0.518314784911979,0.019489242949884925,8.236898367935899,0.022804153512854305,8.414321298382484,20.28969552852103,1.8507573262458683,0.0,0.0,0.0,0.11406436328333974,2.4827768972166417,0.011825882256491938,68.45267881959072,0.39660141839810487,0.05128279092844414,0.5922444916261327,0.7831061278358031,1.3165857159144831,0.009172257420384246,0.07772356483952123,0.019877675840978593,0.2050445074976715,0.5071856908054746,0.8066903964084259,Waste Management,Industrials,WCN
2008Q2,2008,Q2,2008-06-30,2008-06-30,26234000.0,267033000.0,55590000.0,0.173333,107171000.0,0.4013399092995997,2020599000.0,803214000.0,172633000.0,209447000.0,1186013000.0,0.0,573833000.0,2122336166.7508001,2826272166.7508,5.370727961937608,0.8242323833714496,0.3536481013798384,0.8896520727975359,0.022237394779853047,5.370727961937608,0.032661283294364886,7.947842276987489,20.22505304900892,2.642304749108955,0.0,0.0,0.0,0.13215536580984152,0.6577177042402135,0.012983278720814966,51.61448884337654,0.4013399092995997,0.1470574610716625,0.5085274511814338,0.8396354543693781,0.5643439779922175,0.05933694448837577,0.13478674625832684,0.09433442261506358,0.29222663435348056,0.5620818704887744,0.1962245346846419,Waste Management,Industrials,WCN
2008Q1,2008,Q1,2008-03-31,2008-03-31,23118000.0,250300000.0,50798000.0,0.151111,101168000.0,0.4041869756292449,2002985000.0,764572000.0,156762000.0,190434000.0,1207662000.0,0.0,547599000.0,2053102748.219,2801584748.219,5.087780232850663,0.8231828349979521,0.3784286951724551,0.9913873382755319,0.020247255576525514,5.087780232850663,0.030236524486902477,8.202567911382342,22.202426120544597,2.6852968042499596,0.0,0.0,0.0,0.1249634919882076,0.6600607034458132,0.011541773902450592,50.71267749089787,0.4041869756292449,0.0074066666666666725,0.4881845225140166,0.84327159885965,0.5406311856456979,0.03364495530012771,0.015997187307726115,0.021578682755153344,0.273562708135268,0.6127655489021095,0.17320210006714237,Waste Management,Industrials,WCN
2007Q4,2007,Q4,2007-12-31,2007-12-31,22754000.0,247730000.0,49725000.0,0.15,97875000.0,0.3950873935332822,1981958000.0,775145000.0,170865000.0,195714000.0,1176593000.0,0.0,524481000.0,2063787382.1285,2786322382.1285,5.158137374365039,0.8730341212176952,0.36975203309050947,0.9454140838165762,0.020036972722569706,5.158137374365039,0.029354507866270182,8.330793130135632,22.674995408812734,2.6624533243825352,0.0,0.0,0.0,0.12499255786449562,0.6855922417404989,0.011480566187578142,98.85933043344032,0.3950873935332822,-0.17682826442471272,0.5642833916242259,0.7842446307902198,0.6232949458098231,-0.06772396056579512,-0.206680147827906,-0.129220369851499,0.6797052327537193,0.7144663205592819,0.16841196495831404,Waste Management,Industrials,WCN
2007Q3,2007,Q3,2007-09-30,2007-09-30,28682000.0,250775000.0,57104000.0,0.182222,104985000.0,0.41864220915163,1935276000.0,786913000.0,165076000.0,188961000.0,1119663000.0,0.0,501727000.0,2222297906.4,2908901906.4,5.1415144329184255,0.8735982557247263,0.3615468801349265,0.889161826021428,0.025017994554666325,5.1415144329184255,0.036448756088665456,8.861720292692652,19.37014422285754,2.824070648724827,0.0,0.0,0.0,0.12958100033276906,0.728748260223009,0.014820625068465687,71.25033364539917,0.41864220915163,0.13888749999999994,0.7399802734457757,0.731504789862491,0.0,0.05501959602050045,0.1352014565028101,0.06224189888016667,0.34450326448138985,0.5952227582998244,0.17608123528906003,Waste Management,Industrials,WCN
2007Q2,2007,Q2,2007-06-30,2007-06-30,25266000.0,241084000.0,53758000.0,0.16,99510000.0,0.4127606975162184,1833237000.0,766409000.0,150891000.0,164558000.0,1038138000.0,0.0,473046000.0,2074236407.04,2706774407.04,4.965941647268253,0.9169472161790979,0.3504778705644715,0.8383369715125997,0.023119511428738953,4.965941647268253,0.032966731862491175,8.603791238904282,20.523988829256705,2.7064353459314803,0.0,0.0,0.0,0.13150727374583865,0.749966577133898,0.013782178736300872,115.2225534407288,0.4127606975162184,0.12500175781524672,0.6020467354027234,0.7115838503248653,0.0,0.10466019848582403,0.1289544235924933,0.1580285209598897,0.3668345110885851,0.5572291879299752,0.1471756381158635,Waste Management,Industrials,WCN
2007Q1,2007,Q1,2007-03-31,2007-03-31,22380000.0,218951000.0,46422000.0,0.142222,90082000.0,0.4114253874154491,1821291000.0,763979000.0,152223000.0,161321000.0,1028832000.0,0.0,447782000.0,2049857973.3818998,2672154973.3819,4.9593871825801905,0.9436031266853044,0.3533542964852953,0.8423804842803271,0.02060906211999957,4.9593871825801905,0.02929399891881845,9.362176803859766,22.898324099440348,2.6831339256470397,0.0,0.0,0.0,0.12021747211181519,0.7769974150916495,0.012287986927953852,82.76569521467678,0.4114253874154491,0.09401538461538449,0.6599494374314916,0.8692201430444679,0.0,0.04445320471199332,0.084985698356523,0.057521015103537826,0.30993709206125514,0.39113187114407927,0.2834699127925744,Waste Management,Industrials,WCN
