Quarters,Year,Quarter,FillingDate,Date,NetIncome,Revenue,OperatingIncome,EPSDiluted,GrossProfit,GrossProfitRatio,TotalAssets,CommonStockEquity,CurrentAssets,CurrentLiability,TotalLiability,Inventory,RetainedEarnings,MarketCap,EnterpriseValue,bookValuePerShare,currentRatio,debtToAssets,debtToEquity,roic,shareholdersEquityPerShare,roe,priceToSalesRatio,peRatio,pbRatio,payoutRatio,inventoryTurnover,dividendYield,assetTurnover,quickRatio,returnOnAssets,priceToFreeCashFlowsRatio,grossProfitMargin,epsdilutedGrowth,fiveYNetIncomeGrowthPerShare,fiveYRevenueGrowthPerShare,fiveYShareholdersEquityGrowthPerShare,grossProfitGrowth,netIncomeGrowth,operatingIncomeGrowth,threeYNetIncomeGrowthPerShare,threeYRevenueGrowthPerShare,threeYShareholdersEquityGrowthPerShare,Industry,Sector,Symbol
2023Q3,2023,Q3,2023-03-31,2023-03-31,12915000000.0,28334000000.0,13497000000.0,216.72,12449000000.0,0.4393661326,847714000000.0,160329000000.0,165928000000.0,141550000000.0,472042000000.0,45984000000.0,12548000000.0,77620010051.49837,271524010051.49835,2690.405612765137,1.1722218297421405,0.26484521902434077,1.4003268279600072,0.05481773798855298,2690.405612765137,0.08055311266208857,2.7394653085162126,1.5025166483062016,0.48412957139069274,0.15880758807588075,0.34544624217118997,0.02642359874263386,0.03342400856892773,0.8225785941363476,0.015235091080246404,21.525238505684516,0.4393661325615868,0.1433394882616723,61.37717559961503,0.05649789623522702,6.353434323234647,-0.14156668045786788,-0.014046873807160852,0.53375,3.1040829651037587,-0.16437855055360748,13.530786231467676,Conglomerates,Industrials,CRESY
2023Q2,2023,Q2,2022-12-31,2022-12-31,13099000000.0,32457000000.0,8800000000.0,189.55,14502000000.0,0.446806544,713603000000.0,124497000000.0,138046000000.0,137508000000.0,416513000000.0,35871000000.0,4050000000.0,68336019586.95668,245099019586.95667,2128.8738058012646,1.0039124996363848,0.27779171331959085,1.5922712997100332,-0.022793090337361877,2128.8738058012646,0.10521538671614578,2.1054324055506264,1.304222070138115,0.5488969178932559,0.7291396289793114,0.5005436146190516,0.1397652373920679,0.04548327291224953,0.7283576228292172,0.0183561448032029,-6.0308904409987365,0.4468065440428875,1.5046247357293867,1.703187637498075,0.21310115015314113,4.817943299089328,0.5125156445556946,1.503153067074336,0.5452151009657594,6.137391792968082,-0.005911427225589604,5.97580671500017,Conglomerates,Industrials,CRESY
2023Q1,2023,Q1,2022-09-30,2022-09-30,5233000000.0,29863000000.0,5695000000.0,75.68,9588000000.0,0.3210662023,624042000000.0,102114000000.0,119776000000.0,131154000000.0,372552000000.0,29660000000.0,29284000000.0,46316215340.41775,176036215340.41776,1738.673998267762,0.9132470225841377,0.25381304463481624,1.5511095442348748,0.016949152272468744,1738.673998267762,0.05124664590555653,1.5509565462417623,2.2126989939049184,0.45357360734490615,0.0,0.6835805799055967,0.0,0.04785415084241125,0.6717980389465819,0.00838565352973037,12.457292990967657,0.321066202323946,4.141552511415526,20.438389122229562,0.2473489916216214,4.569431784491425,1.580914874280521,4.126045400238949,-0.7468888888888889,2.9052719094586164,0.020864793394703922,4.240988194582324,Conglomerates,Industrials,CRESY
2022Q4,2022,Q4,2022-06-30,2022-06-30,-1674000000.0,-20752000000.0,22500000000.0,-24.09,-16505000000.0,0.795345027,529227000000.0,82303000000.0,112988000000.0,147579000000.0,322438000000.0,22826000000.0,21159000000.0,36587947428.903206,152454947428.9032,1394.9661016949153,0.7656102833058904,0.28490231979849856,1.831986683352976,-0.014315462713663431,1394.9661016949153,-0.020339477297303864,-1.7631046370905554,-5.464149854973597,0.4445518076972067,0.0,-0.1860597564181197,0.0,-0.039211907177827285,0.5919676918802811,-0.003163103923269221,14.93385609342988,0.7953450269853508,0.9430361787656657,-4.162903054685001,-1.9261149763232215,3.521559364544708,-1.6807308422007754,0.9343683839096684,-0.29229704651967414,0.8814912453217559,-1.6513041907075097,3.14093016782281,Conglomerates,Industrials,CRESY
2022Q3,2022,Q3,2022-03-31,2022-03-31,-25506000000.0,31374000000.0,31793000000.0,-422.9,24246000000.0,0.7728055077,,,,,,,,53915705833.06418,,,0.0,0.0,0.0,0.0,,0.0,1.718483643560406,-0.5284610075380711,0.0,0.0,0.0,0.0,0.0,0.0,0.0,7.843425346677943,0.7728055077452668,-1.8426149156189604,-197.8715926137812,0.4636529540949613,0.0,1.9044082414949688,-1.7307890665291388,1.710862892223738,-7.622792339257195,0.36125206621851624,0.0,Conglomerates,Industrials,CRESY
2022Q2,2022,Q2,2021-12-31,2021-12-31,34902000000.0,16990000000.0,11728000000.0,501.89,8348000000.0,0.4913478517,408339000000.0,55415000000.0,74734000000.0,61383000000.0,257113000000.0,17406000000.0,9605000000.0,28051742671.830906,125729742671.8309,938.662556189113,1.2175032175032174,0.30442842834017814,2.243255436253722,0.0521253837428041,938.662556189113,0.6298294685554453,1.6510737299488467,0.20093220067496778,0.5062120846671643,0.0,0.4964954613351718,0.0,0.0416075858539106,0.9200267174950719,0.08547309955698575,171.0472114136031,0.4913478516774573,11.22928849902534,21.367352962231784,-0.19312319602492278,20.87834150528409,0.4617405007879531,11.298097251585624,2.4413145539906105,9.259778279373805,-0.17471875066949807,0.7604389708975461,Conglomerates,Industrials,CRESY
2022Q1,2022,Q1,2021-09-30,2021-09-30,2838000000.0,17196000000.0,3408000000.0,41.04,5711000000.0,0.3321121191,349792000000.0,35515000000.0,67907000000.0,59599000000.0,236451000000.0,15033000000.0,-8522000000.0,27554506695.75789,124338506695.75789,604.9153704405323,1.1393983120522155,0.35443920958741193,3.4909193298606223,0.2540922338743618,604.9153704405323,0.079909897226524,1.6023788494858042,2.427282126123845,0.7758554609533406,0.0,0.7639858976917449,0.0,0.04916064403988656,0.866809845802782,0.008113393102186442,3.360715537962909,0.3321121190974645,1.1462319615179049,6.3221490467152694,-0.20808837782806308,45.34420335927508,-0.11539653035935564,1.1877480815030432,3.630434782608696,0.20616086355389648,0.14278285829033519,0.14043638270297196,Conglomerates,Industrials,CRESY
2021Q4,2021,Q4,2021-06-30,2021-06-30,-15116000000.0,16365000000.0,736000000.0,-280.65,6456000000.0,0.3945004583,339172000000.0,32446000000.0,69981000000.0,70427000000.0,233279000000.0,17404000000.0,-9665000000.0,29586037294.6804,126885037294.6804,615.673624288425,0.9936672014994249,0.36803745592206905,3.8472538987856746,-0.006876019393365845,615.673624288425,-0.46588177279171544,1.8078849553730767,-0.4893165734103004,0.9118546907070333,-0.004564699655993649,0.5693518731326132,0.0023321812013130353,0.04824985553052728,0.7359393414457523,-0.04456735815456465,2.251429670092109,0.3945004582951421,-26.40009023040581,-149.16187269710161,0.15193322507485668,31.20018642615139,-0.24473561066916238,-23.943894389438945,1.0933417882054535,-25.701557689212077,1.5201208616729005,0.5101824346752089,Conglomerates,Industrials,CRESY
2021Q3,2021,Q3,2021-03-31,2021-03-31,-606000000.0,3265000000.0,-7885000000.0,-10.242667,8548000000.0,2.6180704441041347,300006000000.0,35950000000.0,57963000000.0,76326000000.0,196677000000.0,15812000000.0,-1364000000.0,27750737854.87075,130508737854.87076,607.6301444046983,0.7594135681157141,0.3857856176209809,3.2194158553546592,-0.038308233323754354,607.6301444046983,-0.016856745479833103,8.499460292456584,-11.44832419755394,0.7719259486751252,-0.15346534653465346,-0.3341133316468505,0.0033512622434173165,0.010883115671019914,0.5394361030317323,-0.0020199596008079836,-3.1243794027100598,2.6180704441041347,0.917795609951846,-2.323285545132893,-0.833137496685524,0.0,1.5364985163204747,0.9026036644165863,0.5569478001910434,-3.948075894308713,-0.8773750982643205,0.6607787087930035,Conglomerates,Industrials,CRESY
2021Q2,2021,Q2,2020-12-31,2020-12-31,-6222000000.0,9397000000.0,-17797000000.0,-124.6,3370000000.0,0.3586250931148239,273482000000.0,30015000000.0,39962000000.0,67894000000.0,181883000000.0,9171000000.0,-595000000.0,19944411344.163635,120231411344.16364,601.0718363450507,0.5885939847409196,0.39114457258613,3.56391804097951,-0.08861029937657278,601.0718363450507,-0.20729635182408795,2.122423256801494,-0.801366576027147,0.6644814707367528,-0.11812921890067503,0.6571802420673863,0.03685242884920162,0.03436057948969219,0.4122602880961499,-0.02275104028784344,-13.558403361090166,0.3586250931148239,-3.2170818505338077,-12.718602714735683,4.6868829364749365,20.775216179791173,0.16246981717833736,-3.1507086069823713,-1.7333223453788784,-2.5037133549858037,-0.5886846991834587,0.6426534315963388,Conglomerates,Industrials,CRESY
2021Q1,2021,Q1,2020-09-30,2020-09-30,2893000000.0,9676000000.0,24269000000.0,56.2,2899000000.0,0.29960727573377427,266894000000.0,31475000000.0,40590000000.0,67362000000.0,174212000000.0,6948000000.0,5090000000.0,10487197203.604988,101286197203.60498,629.9351844228066,0.6025652444998664,0.38975023792217134,3.3049086576648135,0.11041871190785979,629.9351844228066,0.0919142176330421,1.0838360069868735,0.9062562395095911,0.3331913329183475,0.0,0.9753886010362695,0.0,0.03625409338538896,0.465618598022624,0.010839509318306144,2.6277116521185135,0.29960727573377427,-0.8010444424259601,11.588744426130896,5.3696668116748745,21.416366380051866,-0.6870682210708118,-0.7950262151055689,-0.25986581274778897,12.931154382041706,-0.5249408772972111,1.0178486834157763,Conglomerates,Industrials,CRESY
2020Q4,2020,Q4,2020-06-30,2020-06-30,14114000000.0,33794000000.0,32790000000.0,282.4751451292611,9264000000.0,0.2741315026336036,686940000000.0,25159000000.0,231023000000.0,172861000000.0,564787000000.0,11843000000.0,2040000000.0,10223527015.943636,348959527015.9436,503.52785718485757,1.336466872226818,0.6400296969167613,17.475336857585756,0.05715769433737587,503.52785718485757,0.560992090305656,0.3025249161372917,0.18108840541206667,0.4063566523289334,0.063553918095508,2.0712657265895467,0.08773880076818152,0.04919498063877486,0.963305777474387,0.020546190351413515,1.5023551823576247,0.2741315026336036,3.7424771371772922,62.44153541573107,21.862011427341763,16.71987468796251,-0.0885478158205431,3.784375616492405,19.06731946144431,30.4892762632699,0.7808473209276362,0.632104963122074,Conglomerates,Industrials,CRESY
2020Q3,2020,Q3,2020-03-31,2020-03-31,-5069000000.0,28002000000.0,1634000000.0,-103.0,10164000000.0,0.36297407328048,576494000000.0,9112000000.0,195927000000.0,148658000000.0,492474000000.0,12024000000.0,-11918000000.0,10819486216.453781,329610486216.4538,185.15210188274816,1.3179714512505214,0.6577345124146999,41.61325724319578,0.003994914941689218,185.15210188274816,-0.5562993854258121,0.38638262325740236,-0.5336104861143116,1.1873887419286415,-0.05444860919313474,1.4835329341317365,0.025509529239962594,0.048572925303645834,0.9283455986223412,-0.008792806169708617,2.8998890958064276,0.36297407328048,-1.3623853211009174,-19.206563211403047,25.83007401386692,7.067884118133588,-0.020053991515618975,-1.3731273408239701,1.331776649746193,-48.94882265310841,0.6009295838127517,2.493879095325484,Conglomerates,Industrials,CRESY
2020Q2,2020,Q2,2019-12-31,2019-12-31,-2136000000.0,27352000000.0,-4925000000.0,-43.6,10372000000.0,0.3792044457443697,548567000000.0,14951000000.0,193970000000.0,132795000000.0,464927000000.0,8884000000.0,-6273000000.0,20272803938.230072,313058803938.2301,305.1795860718903,1.4606724650777514,0.6570792628794659,24.108889037522573,-0.014736996994816436,305.1795860718903,-0.1428666978797405,0.7411817760394147,-2.3727532699239315,1.3559496982295545,-0.5491573033707865,1.9113012156686178,0.05786076773464862,0.04986081918890491,1.06043902255356,-0.0038937814341730363,2.503124328710961,0.3792044457443697,0.06769106035900647,-23.760009220481063,20.003790686200976,9.59451789462403,0.2305137026930834,0.08522483940042827,-1.3968573730862208,-2.649561861576944,0.5653304057625488,6.113124051341058,Conglomerates,Industrials,CRESY
2020Q1,2020,Q1,2019-09-30,2019-09-30,-2335000000.0,24869000000.0,12410000000.0,-46.765614,8429000000.0,0.33893602476979373,560829000000.0,16564000000.0,178473000000.0,120118000000.0,475882000000.0,7448000000.0,-33546000000.0,16186729157.83305,331170729157.83307,331.74545213916934,1.4858139496162108,0.6785936533239187,22.976032359333495,0.0397118537972521,331.74545213916934,-0.14096836512919583,0.6508797763413506,-1.733054513686622,0.9772234458967066,0.0,2.2073039742212677,0.0,0.04434328467322481,1.208170299205781,-0.004163479420643369,2.3323817230306987,0.33893602476979373,0.8046678937053143,-19.41409225724367,16.40603579398046,8.757123212721542,-0.11020795946373904,0.8046678935921031,1.8711217183770883,-4.14894771609844,0.3466804578549052,24.415916752546373,Conglomerates,Industrials,CRESY
2019Q4,2019,Q4,2019-06-30,2019-06-30,-11954000000.0,26964000000.0,-14246000000.0,-239.4159100985046,9473000000.0,0.3513202788903724,507989000000.0,16820000000.0,153059000000.0,89602000000.0,418989000000.0,7135000000.0,-27229000000.0,22980063441.4879,294801063441.4879,336.872645796959,1.7082096381777192,0.6580949587491067,19.875445897740786,-0.049586501349131555,336.872645796959,-0.7107015457788347,0.8522497938543205,-0.4805935971534193,1.3662344495533827,-0.008950978751882215,2.451436580238262,0.004656209947916141,0.05307988952516688,1.4845539162072274,-0.023532005614294797,3.2457716725265393,0.3513202788903724,-3.8815596027364645,-21.227628401734815,18.93787077294758,8.147586923495563,0.2691586280814577,-3.814337494965767,-4.568637274549098,-124.33905481020601,1.0032999715189588,16.618688812713003,Conglomerates,Industrials,CRESY
2019Q3,2019,Q3,2019-03-31,2019-03-31,-2483000000.0,19347000000.0,3992000000.0,-49.044963,7464000000.0,0.3857962474802295,523909000000.0,27459000000.0,154561000000.0,91395000000.0,419085000000.0,7315000000.0,-15501000000.0,24609769624.40455,-27731230375.59545,542.3784227132179,1.6911318999945293,0.019135002452716026,0.3650897702028479,0.12708664799399105,542.3784227132179,-0.09042572562729888,1.2720199320000283,-2.477826180467635,0.8962369213884172,-0.01449859041482078,1.6244702665755297,0.0014628336855417048,0.03692816882321166,1.231380272443788,-0.0047393726773160985,372.87529733946286,0.3857962474802295,0.31477952726499836,-15.36325238262701,19.12559821133181,11.482144751613491,0.6180359852590505,0.3046765611873425,1.3487986020096112,-14.91288867094532,0.1554907446589023,0.0,Conglomerates,Industrials,CRESY
2019Q2,2019,Q2,2018-12-31,2018-12-31,-3571000000.0,17398000000.0,-11445000000.0,-71.575449,4613000000.0,0.2651454190136797,455673000000.0,26602000000.0,138290000000.0,80221000000.0,360276000000.0,5238000000.0,-11722000000.0,21709756468.20228,211201756468.20227,533.1980101023004,1.7238628289350668,0.5359567057956034,9.18055033456131,-0.03131545382420764,533.1980101023004,-0.13423802721599878,1.2478305821475042,-1.5198653366145531,0.8160948976844703,-0.0904508541024923,2.4408171057655594,0.01487810332985954,0.03818088848801662,1.291644332531382,-0.00783676013281454,11.560040717892587,0.2651454190136797,-2.870995248995819,-15.540929742916399,17.727187219883238,11.890333950551392,-0.14064828614008942,-2.736023334953816,-1.62609409190372,-6.880538987482764,9.538300719410477,18.316329986798713,Conglomerates,Industrials,CRESY
2019Q1,2019,Q1,2018-09-30,2018-09-30,2057000000.0,13155000000.0,18280000000.0,38.255281,5368000000.0,0.4080577727099962,514115000000.0,27225000000.0,167183000000.0,96703000000.0,410415000000.0,4430000000.0,16736000000.0,25896631705.19086,-37394368294.80914,530.4244757667323,1.7288295089087204,0.01642239576748393,0.31011937557392105,0.45990816182654626,530.4244757667323,0.07555555555555556,1.9685770965557476,3.147378671024655,0.9512077761318957,0.0,1.7577878103837472,0.0,0.025587660348365637,1.3184596134556321,0.0040010503486574015,79.68194370827958,0.4080577727099962,2.2944996764606995,22.867714945207887,11.151528600601502,10.376791974150665,1.7949059677180512,2.4513422818791946,0.7173994738819992,8.32918804007431,7.430187777358654,17.87525840714658,Conglomerates,Industrials,CRESY
2018Q4,2018,Q4,2018-06-30,2018-06-30,596000000.0,-30644000000.0,10644000000.0,11.611863638456287,-6753000000.0,-0.22036940347213158,353770000000.0,20925000000.0,102434000000.0,57054000000.0,278449000000.0,3237000000.0,14715000000.0,19525613426.52332,200420613426.52332,407.68162187029833,1.7953868265152313,0.6205868219464624,10.491995221027478,0.047384627159968246,407.68162187029833,0.02848267622461171,-0.6371757416304438,8.190274088306762,0.9331237001922733,0.662751677852349,-7.380599320358357,0.020229838180829574,-0.08662125109534444,1.5138290041013776,0.001684710405065438,3.6038415331346103,0.22036940347213158,3.257823416491041,6.565374194500408,-28.043935085164872,7.6720771339341995,-1.8673259696891857,2.2568306010928962,2.043751787246211,1.6079266475804834,-21.18114633310083,13.346906827589615,Conglomerates,Industrials,CRESY
2018Q3,2018,Q3,2018-03-31,2018-03-31,183000000.0,23704000000.0,3497000000.0,2.727183,7786000000.0,0.3284677691528856,295258000000.0,19271000000.0,89865000000.0,59493000000.0,233407000000.0,6559000000.0,14064000000.0,19544830086.693756,155672830086.69376,365.8706251396388,1.510513841964601,0.578165536581566,8.85828446889108,0.012207129642975004,365.8706251396388,0.009496134087488972,0.8245372125672358,26.70058755012808,1.0142094383630198,0.04371584699453552,2.4268943436499466,0.0004093154028208437,0.08028232935263396,1.2736624476829206,0.0006197969233687149,13.134966456111394,0.3284677691528856,-0.9669309186318734,6.583117997299548,30.556315725122015,6.193928651130145,0.020846990953192604,-0.9583333333333334,-0.6603535353535354,1.6816000408435912,20.220851850356876,14.942577890501052,Conglomerates,Industrials,CRESY
2018Q2,2018,Q2,2017-12-31,2017-12-31,4392000000.0,24250000000.0,10296000000.0,82.46927,7627000000.0,0.3145154639175258,272904000000.0,19395000000.0,83550000000.0,55514000000.0,212586000000.0,5848000000.0,13881000000.0,20426225106.34089,144565225106.34088,365.9151862367743,1.5050257592679324,0.5648579720341219,7.948027842227378,0.07176148409580016,365.9151862367743,0.22645011600928075,0.8423185610862223,1.162694962792628,1.0531696368311878,0.09631147540983606,2.842510259917921,0.020708672199479906,0.08885908597895231,1.2686349389343228,0.01609357136575499,7.681919934690067,0.3145154639175258,18.93227992061821,57.0289349769512,27.859137726441563,6.732520160200252,0.10680597881294442,18.873303167420815,0.8628550750859417,48.0562481118938,16.211778509534966,11.70299576193464,Conglomerates,Industrials,CRESY
2018Q1,2018,Q1,2017-09-30,2017-09-30,221000000.0,21676000000.0,5527000000.0,4.137473,6891000000.0,0.3179092083410223,250310000000.0,16600000000.0,75276000000.0,50263000000.0,201269000000.0,4912000000.0,11285000000.0,15917156008.083368,134919156008.08337,312.18157714207996,1.497642400970893,0.5808437537453558,8.758493975903615,0.0004127320096038785,312.18157714207996,0.013313253012048193,0.7343216464330766,18.005832588329604,0.9588648197640584,0.5882352941176471,3.0099755700325734,0.008167288172207446,0.0865966201909632,1.1699659789507193,0.0008829051975550318,13.962417550950324,0.3179092083410223,-0.5387699322388134,14.634867352541447,22.128055844170685,5.585657518776841,0.046310355299119345,-0.5366876310272537,-0.20737128925856876,2.8142406275522456,13.245579428049039,8.181720784040152,Conglomerates,Industrials,CRESY
2017Q4,2017,Q4,2017-06-30,2017-06-30,477000000.0,20195000000.0,6973000000.0,8.970518813058563,6586000000.0,0.32612032681356773,241446000000.0,16405000000.0,68360000000.0,51191000000.0,192273000000.0,5595000000.0,11064000000.0,15602393250.761278,125551393250.76128,308.51438391661577,1.3353909866968803,0.5604234487214532,8.248217007010059,0.015267690325120648,308.51438391661577,0.02907650106674794,0.7725869398742896,8.17735495322918,0.9510754800829795,3.748427672955975,2.4323503127792674,0.11459780376403211,0.08364189094041732,1.0165458772049774,0.0019755970279068612,7.5703024021160985,0.32612032681356773,3.1759781153502136,42.60903567555517,15.663933839867159,7.10277838910099,0.1918204849800941,3.1478260869565218,8.067620286085825,1.8328325325806423,13.021605437976904,7.377534297417865,Conglomerates,Industrials,CRESY
2017Q3,2017,Q3,2017-03-31,2017-03-31,115000000.0,19027000000.0,769000000.0,2.148124,5526000000.0,0.2904293898144742,175621000000.0,2837000000.0,58123000000.0,43844000000.0,154348000000.0,4544000000.0,-322000000.0,15156159365.164137,110155159365.16414,52.99327676520521,1.3256774016969255,0.6699996014144094,41.47550229115262,0.002314387746916398,52.99327676520521,0.040535777229467745,0.7965606435677793,32.948172532965515,5.342319127657433,1.817391304347826,2.9711707746478875,0.013789773184912441,0.10834125759447902,1.050132287200073,0.0006548191844938817,473.62998016137925,0.2904293898144742,-0.9187279032960252,3.6884869688623856,31.016948755040215,0.25686066549066433,-0.00932233775546791,-0.9180911680911681,-0.13885778275475924,1.716695209384776,17.717560110415118,0.21957239400609213,Conglomerates,Industrials,CRESY
2017Q2,2017,Q2,2016-12-31,2016-12-31,1404000000.0,18946000000.0,893000000.0,26.431261,5578000000.0,0.294415707801119,174553000000.0,2279000000.0,61485000000.0,43728000000.0,153231000000.0,4547000000.0,-436000000.0,12194564068.198462,104872564068.19846,42.90373454324249,1.4060784851811197,0.6686565112029011,51.21369021500658,-0.0010092842815266217,42.90373454324249,0.6160596752961826,0.6436484782116786,2.1713967357903243,5.350839871960711,0.17592592592592593,2.9399604134594237,0.020254926590130257,0.1085400995686124,1.1258690084156604,0.00804340229042182,8.823852437191361,0.294415707801119,3.9101119970827596,18.027806600527153,25.488954562692747,0.0775637336317132,0.0114233907524932,3.894845360824742,-0.2118270079435128,7.108206565250928,18.154344739037544,0.03721967357322905,Conglomerates,Industrials,CRESY
2017Q1,2017,Q1,2016-09-30,2016-09-30,-485000000.0,19750000000.0,1133000000.0,-9.082558,5515000000.0,0.2792405063291139,170466000000.0,697000000.0,61341000000.0,52193000000.0,154880000000.0,3759000000.0,-1872000000.0,13260993975.335596,107981993975.3356,13.05266520067321,1.1752725461268752,0.6479004610890148,158.45767575322813,0.010780278236654317,13.05266520067321,-0.6958393113342898,0.6714427329283846,-6.835563904812163,19.025816320424095,-0.7546391752577319,3.7869114126097365,0.027599741066222577,0.11585888094986684,0.7755446132623148,-0.00284514213978154,8.22132298532895,0.2792405063291139,-3.754902188874981,-475.162862695341,22.521073413731777,-0.6692650647448809,0.10521042084168336,-3.7549019607843137,7.782945736434108,-3.9558893805390807,16.53549032240007,-0.7200403384824191,Conglomerates,Industrials,CRESY
2016Q4,2016,Q4,2016-06-30,2016-06-30,-102000000.0,14395000000.0,129000000.0,-1.9101461269277868,4990000000.0,0.34664814171587355,166001000000.0,1021000000.0,45121000000.0,45599000000.0,150769000000.0,4355000000.0,-1390000000.0,10290533256.53923,113490533256.53923,19.120188192090886,0.9895173139761837,0.7065981530231745,114.88344760039178,0.0008424287310138358,19.120188192090886,-0.09990205680705191,0.7148685832955353,-25.22189523661576,10.0788768428396,-0.30392156862745096,2.1595866819747416,0.0030124775098803276,0.08671634508225855,0.8200618434614794,-0.0006144541297943988,11.295865265136367,0.34664814171587355,0.3802432352955991,-2.4619471174115,13.595628115823116,-0.5319178202882666,0.08289930555555555,0.3780487804878049,-0.9137700534759359,0.08449855307273674,11.21087690964715,-0.5932812814655104,Conglomerates,Industrials,CRESY
2016Q3,2016,Q3,2016-03-31,2016-03-31,-164000000.0,17598000000.0,1496000000.0,-3.08209,4608000000.0,0.26184793726559835,,,,,,,,8293553111.443455,,,0.0,0.0,0.0,0.0,,0.0,0.47127816294143965,-12.642611450371119,0.0,-0.012195121951219513,0.0,0.0002411511656253093,0.0,0.0,0.0,5.06940899232485,0.26184793726559835,0.6606583739955197,-5.800576883342504,35.29878172763287,0.0,3.9178228388473855,0.6618556701030928,0.07780979827089338,-7.726959530840857,22.190291635745005,0.0,Conglomerates,Industrials,CRESY
2016Q2,2016,Q2,2015-12-31,2015-12-31,-485000000.0,1767000000.0,1388000000.0,-9.082558,937000000.0,0.5302773061686474,140580000000.0,1474000000.0,47786000000.0,39102000000.0,133101000000.0,3354000000.0,-772000000.0,8067417285.181645,97760417285.18164,27.603484226387824,1.2220858268119277,0.7364276568501921,70.23541383989145,0.012165050996514696,27.603484226387824,-0.32903663500678426,4.5656011800688425,-4.1584625181348684,5.473146055075743,-0.33351340206185565,0.24746571258199165,0.02005028304375828,0.012569355527102005,1.0162395785381821,-0.0034499928866126048,-379.7503900010189,0.5302773061686474,-0.6610171413314022,-9.929065950047029,2.3106831905561296,-0.2677481875762969,0.5175022916389996,-0.6601004275186462,1.0692266638043357,-7.360624789193451,1.087295456553773,-0.41668313778537996,Conglomerates,Industrials,CRESY
2016Q1,2016,Q1,2015-09-30,2015-09-30,-292151000.0,1624361000.0,670782000.0,-5.46807,617462000.0,0.38012609266043695,15737068000.0,1501426000.0,4669797000.0,4096398000.0,11928058000.0,581314000.0,-173928000.0,4460762922.132171,12301461922.132172,28.1015742579663,1.1399763890129817,0.563898815204967,5.910457125426095,0.08559648330865692,28.1015742579663,-0.19458235037890645,2.746164751635979,-3.8171723887066706,2.971017500784035,-0.16514062933209198,1.7321086366404388,0.010815638679344836,0.10321878255847913,0.8718576661740387,-0.01856451277963595,18.041946102361113,0.38012609266043695,-2.2280824084609403,-6.71479023078453,2.268217714444707,-0.2550358087781467,0.11354934815031226,-2.2280824912145007,-0.36453462375044526,-16.93880694656848,0.7249244338831913,-0.4071804444846734,Conglomerates,Industrials,CRESY
2015Q4,2015,Q4,2015-06-30,2015-06-30,237892000.0,1580624000.0,1055576000.0,4.45252693331281,554499000.0,0.35081018635678063,15275443000.0,1518225000.0,4212140000.0,4463331000.0,11373485000.0,631348000.0,-246069000.0,5730391431.750613,13395701431.750614,28.41599424667009,0.9437211804367635,0.5432904957322678,5.466253684401192,0.09636252337935146,28.41599424667009,0.1566908725650019,3.6253982172550923,6.022051426435749,3.7744019705581278,0.05796327745363442,1.62529223185945,0.0024062928622290486,0.1034748386675267,0.5941024763791886,0.015573492696742085,-77.80044031974222,0.35081018635678063,1.8734976878813616,321.13632289003345,1.362889653401459,-0.21763370428506695,0.13758085660300715,1.8758007274655042,3.0450034105105037,20.645393084572863,0.29804510111266813,-0.2536863235881824,Conglomerates,Industrials,CRESY
2015Q3,2015,Q3,2015-03-31,2015-03-31,-271628000.0,1130087000.0,260958000.0,-5.097354,487437000.0,0.4313269686316186,14420947000.0,1222922000.0,3420110000.0,4385693000.0,11206930000.0,766214000.0,-487001000.0,5859135004.605512,13512061004.60551,22.949276312310367,0.7798334265531126,0.5647145086934998,6.659229288540071,0.02466945370478588,22.949276312310367,-0.22211392059346385,5.184676051140763,-5.3926095658451185,4.791094611598705,-0.00020248280736890158,0.8387343483674273,9.387051152903599e-06,0.07836427108427761,0.5243376588374973,-0.018835656215919802,-221.78571446004662,0.4313269686316186,-1.8947370214389883,-7.451735816824648,2.0431656825723774,-0.367083822167141,-0.1849138572520271,-1.8934148575811158,-0.7034119929489343,-12.12546591072588,0.9104263528631715,-0.45570373339588954,Conglomerates,Industrials,CRESY
2015Q2,2015,Q2,2014-12-31,2014-12-31,-93878000.0,1417114000.0,879867000.0,-1.760904,598019000.0,0.421997806810179,14639056000.0,1535686000.0,4150693000.0,4469348000.0,11024129000.0,757373000.0,-215373000.0,4138407859.6999097,11135847859.69991,28.805424570262645,0.9287021283641372,0.5476635242053859,5.220648622179274,0.36503707183863,28.805424570262645,-0.06113098641258695,2.9203069475708445,-11.020707353426548,2.6948268459176616,-0.21064573169432668,1.081494851281997,0.004778407704221293,0.09680364635533877,0.693277632442137,-0.006412845199854417,44.82289077744465,0.421997806810179,0.2313316018071894,-2.192464095998498,1.9797566260722697,-0.18819458756376164,0.12448478421108053,0.2305397319781976,0.4755615108679793,-2.2676709365571797,0.9741182252918972,-0.2765272958349549,Conglomerates,Industrials,CRESY
2015Q1,2015,Q1,2014-09-30,2014-09-30,-122005000.0,1523980000.0,596293000.0,-2.29085,531816000.0,0.34896520951718524,15146395000.0,1810774000.0,4124710000.0,3806685000.0,10728039000.0,560345000.0,-1188433000.0,4397434879.441054,10893882879.441055,34.000334412773704,1.0835438183091062,0.5267392009781866,4.405961207748731,0.00863679434342481,34.000334412773704,-0.06737726519157002,2.885493825011519,-9.010767754274527,2.4284835542376104,0.0,1.770630593652125,0.0,0.10061668139514386,0.8405318538308265,-0.00805505204373714,17.077615970054232,0.34896520951718524,0.7873150430847985,-3.0077781026075225,3.5221452305841985,-0.03046833793408432,0.3974931020890816,0.787315085018182,1.3431085159221652,-120.59580461225563,0.8197923001512761,-0.13848258361203292,Conglomerates,Industrials,CRESY
2014Q4,2014,Q4,2014-06-30,2014-06-30,-573642000.0,1442535000.0,254488000.0,-10.771095583000603,380550000.0,0.26380642410756067,15783688000.0,1961283000.0,4987682000.0,4800385000.0,11348902000.0,635601000.0,-1066428000.0,5066952822.527835,12018791822.527836,36.82639461251821,1.039017078838468,0.5039903221604481,4.055929715395483,0.024771416955176612,36.82639461251821,-0.29248303279027044,3.512533714972486,-2.2082382489984322,2.5834888807621517,-0.42471959863468856,1.6708359489679847,0.04808353433187341,0.09139403921314207,0.5565678586196732,-0.036343977402493004,13.877119991586106,0.26380642410756067,-116.54474957985686,-5.866033008282417,1.393800348845135,0.10074445411479016,-0.4204834101859692,-2.5364593608206745,-0.5334604385128694,-9.243752620255309,0.4665267781955363,-0.09845139137896099,Conglomerates,Industrials,CRESY
2014Q3,2014,Q3,2014-03-31,2014-03-31,-162208000.0,1027614000.0,545480000.0,-0.091634,656668000.0,0.6390220452426689,15256301000.0,2351585000.0,3257497000.0,3132138000.0,10399003000.0,863372000.0,-493359000.0,3606247751.6133137,11379440751.613314,43.45234200581658,1.0400234600135754,0.5421926324080785,3.517565386749788,0.024587801080577776,43.45234200581658,-0.06897815728540538,3.509340814365427,-5.558060871864078,1.5335391880851907,0.0,0.42964793854792604,0.0,0.06735669412919947,0.6532001463537047,-0.010632197149230341,-102.75381102157834,0.6390220452426689,0.9788235827002023,-21.641871886926285,2.1388329599458267,0.5000870429477774,0.5310051222508994,0.30733919489625544,1.4394366953029618,-5.668451217072707,1.0840576209584332,0.1207621749833202,Conglomerates,Industrials,CRESY
2014Q2,2014,Q2,2013-12-31,2013-12-31,-234181000.0,1007740000.0,223609000.0,-4.327172,428913000.0,0.4256187111755016,13852701000.0,2238576000.0,3176429000.0,3244988000.0,9402724000.0,569210000.0,-331151000.0,3193941572.6124187,9838324572.61242,41.364173507660944,0.9788723409762995,0.5166103707861738,3.1968756030619465,0.016193131637202558,41.364173507660944,-0.10461159236943486,3.16941033660708,-3.409693327610287,1.426773793970997,0.0,1.01689534618155,0.0,0.07274682388654746,0.71090031765911,-0.016905078655779837,114.97269879814321,0.4256187111755016,-1.361117052622389,-6.014149116960116,1.8498039983021388,0.4214127743714123,0.19643006577515942,-1.393289660599495,0.3832996183088049,-5.254044569126133,0.8630120284019549,0.09728868906477353,Conglomerates,Industrials,CRESY
2014Q1,2014,Q1,2013-09-30,2013-09-30,-97849000.0,1126122000.0,161649000.0,-1.83268,358494000.0,0.31834383841182395,12668425000.0,2489279000.0,2804629000.0,2912519000.0,7890940000.0,342327000.0,-124371000.0,2423140304.180286,7702524304.180286,46.62337827499312,0.9629564648333625,0.4668412213830843,2.3758457770302166,0.01273575088867672,46.62337827499312,-0.03930816915259398,2.151756474147815,-6.191019591871879,0.9734305813772928,0.0,2.242382283606026,0.0,0.0888920288038963,0.743825533842011,-0.007723848860454239,7.092007258950941,0.31834383841182395,0.12162678650496407,-1.8215799579387018,12.616617209216882,0.5841640714200232,0.04814838637998281,0.12162695919136789,-0.5422355130024042,-2.9153703217710065,1.267343470573323,0.23597158542869393,Conglomerates,Industrials,CRESY
2013Q4,2013,Q4,2013-06-30,2013-06-30,-111398000.0,1178694000.0,353127000.0,-2.0864479606655917,342026000.0,0.2901737007230036,12410725000.0,2509966000.0,3288236000.0,2664850000.0,7691659000.0,349940000.0,-26522000.0,1898790481.503186,6552142481.503186,47.0108389920822,1.233929114209055,0.4593557588295607,2.2713208067360275,0.04682221804162393,47.0108389920822,-0.04438227450092949,1.610927417551278,-4.261275968830648,0.7565004790914244,-1.097443401138261,2.3908898668343146,0.06438467076326286,0.09497382304418155,1.0321282623787456,-0.008975946207816223,14.749949363819299,0.2901737007230036,-6.692341163393478,-24.569009886946382,7.560192335139888,0.5383219565585241,0.08510786802030457,-5.694197463233745,0.7988232896948704,-151.95263521520025,0.7632723090813479,0.29433077869504753,Conglomerates,Industrials,CRESY
2013Q3,2013,Q3,2013-03-31,2013-03-31,23731000.0,738666000.0,196310000.0,0.366536,315200000.0,0.42671518656605284,12163152000.0,2634213000.0,2706497000.0,2527835000.0,7153523000.0,566210000.0,780504000.0,2240345907.718686,6815929907.718686,50.85825046126383,1.0706778725668409,0.42884328009713274,1.980130687989164,0.026448068698727425,50.85825046126383,0.009008762768994004,3.0329619986823357,23.601469678044392,0.8504801653164288,0.32914752854915513,0.7478956570883595,0.0034865151729867624,0.060729817402594324,0.7674583190754143,0.00195105676554893,35.50975428696147,0.42671518656605284,-0.7433104448031598,-0.7763875530873974,0.12121688517590282,0.03750391863588685,-0.039478295317761425,-0.6929138952871451,-0.4839840813386816,-0.4200929752344946,1.0464546200032954,0.40261544874696675,Conglomerates,Industrials,CRESY
2013Q2,2013,Q2,2012-12-31,2012-12-31,77278000.0,857959000.0,380434000.0,1.427935,328155000.0,0.3824833121396244,11576550000.0,2560984000.0,2427473000.0,2581918000.0,6732260000.0,497942000.0,756773000.0,1984087955.3490899,6210703955.34909,47.3215948559904,0.9401820662003983,0.4103791716875926,1.8550584462847093,0.04761205786581317,47.3215948559904,0.030175120188177668,2.3125673317129256,6.418670110992424,0.7747365681898403,0.0,1.0639873720232478,0.0,0.07411180360297326,0.6745012816053801,0.006675391200314428,40.49324371094922,0.3824833121396244,6.194341983688733,0.878051974986418,11.112937857909555,0.9801910088946086,0.02181860076973856,5.6784114299552,1.1555555555555554,-0.03301884847415815,0.777146342570193,0.3336351538753795,Conglomerates,Industrials,CRESY
2013Q1,2013,Q1,2012-09-30,2012-09-30,-16518000.0,955116000.0,176490000.0,-0.274902,321148000.0,0.336239786580897,10585819000.0,2568769000.0,2059918000.0,2080535000.0,5847044000.0,286597000.0,650093000.0,1877857605.6808991,5513044605.680899,47.40325111835783,0.9900905295993578,0.38320549406710996,1.5791781978060309,0.00982105659858144,47.40325111835783,-0.006430317401058639,1.9661042278434233,-28.4213828199676,0.731034050037547,0.0,2.2120538596007635,0.0,0.09022599007218997,0.6536684074048261,-0.001560389422868462,7.460905172892767,0.336239786580897,-2.3364010906292276,0.1341111607566976,11.725207780523686,1.0778718132787202,-0.0821431939843779,-2.4818336772225713,0.15587137337088217,-1.2671527716902486,1.7853866966382834,0.35172061210206695,Conglomerates,Industrials,CRESY
2012Q4,2012,Q4,2012-06-30,2012-06-30,11147000.0,1235044000.0,152690000.0,0.20570321434754732,349889000.0,0.2833008378648858,9755212000.0,2063281000.0,1922229000.0,2100356000.0,5701153000.0,543267000.0,-29017000.0,1574809998.35024,5119935998.35024,38.0751353550033,0.9151919960235313,0.3980620820951918,1.882041273098526,-0.0033132698813471743,38.0751353550033,0.005402560291109161,1.2751043674154443,35.31914412734906,0.7632552223135094,7.834215483986723,1.6293185487062531,0.05545303883737353,0.12660350179985838,0.6287657901803313,0.0011426712202666637,7.507460686432692,0.2833008378648858,-0.43879123920284135,-0.36761321457809437,7.239142082182075,0.6825955314313905,0.265934121597175,-0.5321890213194561,0.14129175480427844,-0.907069933303283,1.0142257111280946,0.1380694342378893,Conglomerates,Industrials,CRESY
2012Q3,2012,Q3,2012-03-31,2012-03-31,23828000.0,577315000.0,133787000.0,0.366536,276388000.0,0.4787473043312576,9915391000.0,2192778000.0,2071280000.0,2314994000.0,5506022000.0,716995000.0,71692000.0,2511438451.378591,6162525451.378592,42.16320728321721,0.8947237012277354,0.3920001742745193,1.7725620195022023,0.017310895121541724,42.16320728321721,0.010866581113090336,4.350204743300609,26.34965640610407,1.145322714555961,0.37623803928151756,0.41970585568937024,0.00356966741314281,0.05822412852907162,0.5850058358682572,0.002403132665166709,12.84656104441848,0.4787473043312576,-0.7361313382550384,-0.39221912580607304,5.395913828962066,0.3603345717117617,0.010304530118544134,-0.6798430655953565,-0.1909936385845246,4.461099757903626,0.8350060480104119,0.45558278368997884,Conglomerates,Industrials,CRESY
2012Q2,2012,Q2,2011-12-31,2011-12-31,74426000.0,721438000.0,165372000.0,1.389085,273569000.0,0.3791995985795037,9614745000.0,2133279000.0,2082028000.0,2466956000.0,5388590000.0,755405000.0,46084000.0,2353228291.7003007,5820568291.7003,39.81549601585424,0.8439664104264527,0.38580596781297893,1.738837723523271,0.026969259322826792,39.81549601585424,0.03488807605568704,3.2618579721338503,7.904590773722559,1.1031038564108588,0.0,0.5928859353591782,0.0,0.07503454329782017,0.5377570576856661,0.00774081891927451,34.661859328928735,0.3791995985795037,83.21759427670666,1.3429172639000186,8.775030702052383,0.5356297700086372,-0.05513706555038631,70.70134874759152,-0.13722707708360507,0.6096158216425432,1.060712818732615,0.3681949826554039,Conglomerates,Industrials,CRESY
2012Q1,2012,Q1,2011-09-30,2011-09-30,1038000.0,852105000.0,191675000.0,0.016494,289533000.0,0.3397855898040734,9659680000.0,2138631000.0,2301314000.0,2343889000.0,5423806000.0,735362000.0,499237000.0,2217563293.856892,5680246293.856892,39.4656379151624,0.9818357439281468,0.39363860914647275,1.7779705802450259,0.013660041256039292,39.4656379151624,0.0004853572215122665,2.6024530942276973,534.0952056495405,1.0369078601483341,0.0,0.7650272926803398,0.0,0.08821254948404088,0.6680998972220954,0.0001074569758004406,16.062199273197297,0.3397855898040734,-0.9873761722128723,-0.7476739434706484,12.53002596569731,0.5863780071290199,-0.129451842675751,-0.985339604254057,-0.10651855719120293,1.029490791561369,9.151495006033645,0.3409591486939783,Conglomerates,Industrials,CRESY
2011Q4,2011,Q4,2011-06-30,2011-06-30,70803000.0,1000857000.0,214526000.0,1.306576759294728,332587000.0,0.332302217000031,9733418000.0,2213537000.0,2265588000.0,2364192000.0,5173433000.0,751961000.0,498199000.0,3238236827.5550747,6639247827.555075,40.847930173000776,0.9582927274942137,0.3693419927100634,1.6240794710004847,0.026823159923382047,40.847930173000776,0.031986363905369554,3.235464034877185,11.433967584548235,1.4629241921662366,0.8906402271090208,0.8887030045441187,0.019473560260758135,0.10282687951960966,0.6402301505123104,0.007274217546189838,16.41392104637468,0.332302217000031,1.0350869836031213,2.471689319803079,9.713628777716846,0.6353833678061861,0.5433772790763505,1.0350952832629128,0.4006934061126818,17.011841515473943,6.16155920785485,0.3366548909216424,Conglomerates,Industrials,CRESY
2011Q3,2011,Q3,2011-03-31,2011-03-31,34791000.0,493728000.0,153157000.0,0.6420250189903106,215493000.0,0.4364609663620455,7966111000.0,2100945000.0,1598120000.0,1957881000.0,4441634000.0,551476000.0,427396000.0,3558720463.1349144,6475808463.134914,38.770350191790925,0.8162498129355155,0.39373629114633224,1.4929219946262278,0.019181099478113056,38.770350191790925,0.01655969099619457,7.207856275388299,25.572134051442287,1.6938665520205978,2.1260096001839557,0.5045278489000428,0.020784436644074755,0.061978548880375885,0.5345799872413083,0.0043673757495972625,184.83978928660025,0.4364609663620455,-0.3688249487491156,25.186495890858513,11.42777087916934,0.34323812077792726,-0.12579613958507435,-0.3688249487491156,-0.12877994948690527,-0.6866560170730933,-0.2836854209253812,-0.20908820326987876,Conglomerates,Industrials,CRESY
2011Q2,2011,Q2,2010-12-31,2010-12-31,55121000.0,541627000.0,175796000.0,1.0171901086995174,246502000.0,0.4551139437288023,7844795000.0,2042765000.0,1545652000.0,2198842000.0,4389021000.0,548107000.0,392605000.0,3655449118.514678,7126072118.514678,37.69671000884544,0.702939092485954,0.46011183211288503,1.766959488732184,0.024513633548274582,37.69671000884544,0.026983524781362515,6.749015685175736,16.579203563590458,1.7894614008535872,0.0,0.5384441359077698,0.0,0.0690428494307372,0.453668339971676,0.007026442373573816,22.718481550973127,0.4551139437288023,0.2333972454420331,0.6190612407171782,5.946957033202468,0.31895178697756316,-0.04983964969625952,0.06308582449373192,-0.042760918926865926,0.33783130445233317,6.636876952906421,0.5774338640020221,Conglomerates,Industrials,CRESY
2011Q1,2011,Q1,2010-09-30,2010-09-30,51850000.0,504096000.0,183649000.0,0.824706,259432000.0,0.5146480035548784,7135792000.0,2044138000.0,1544220000.0,1362395000.0,3447400000.0,447728000.0,406484000.0,3081031238.764627,5893603238.764627,37.722047031382125,1.1334598262618403,0.40756274846576246,1.4227429850626523,0.029871223307175218,37.722047031382125,0.025365215068649964,6.111993030622395,14.855502597707941,1.5072520733750006,0.0,0.5464567773290927,0.0,0.07064331471545135,0.8048267939914635,0.00726618713101503,527.2127376393954,0.5146480035548784,58.66673807578371,0.6341431608489212,5.952304099003876,0.3300776029125788,-0.02721876628757626,68.22563417890521,0.07799907255768633,3.7180372502039307,5.716205511601073,0.653506382293858,Conglomerates,Industrials,CRESY
2010Q4,2010,Q4,2010-06-30,2010-06-30,749000.0,678464000.0,170361000.0,0.013821871726128672,266691000.0,0.3930805466465428,6837888000.0,1968193000.0,1453381000.0,1928717000.0,3244687000.0,400521000.0,421083000.0,2306517013.642499,4138500013.642499,36.320575671915044,0.7535480840372123,0.27975041416296964,0.9719077346581356,0.008548068233969908,36.320575671915044,0.0003805521104891644,3.3996159171930995,769.8654918699931,1.171895750895618,2.6315086782376502,1.0280934083356428,0.0008545352097305176,0.09922128002096554,0.5458862031080766,0.00010953674584901069,-506.81542817897144,0.3930805466465428,-0.9825056157605266,-0.9818747526538032,7.373416900349066,0.3007582248227967,0.3668821017995069,-0.9825049051667757,0.25142139362686766,-0.9575078636611267,3.5261436570904516,0.6050589907239644,Conglomerates,Industrials,CRESY
2010Q3,2010,Q3,2010-03-31,2010-03-31,42812000.0,377619000.0,136134000.0,0.7900747769642452,195109000.0,0.5166821584718989,6680313000.0,1964808000.0,1323626000.0,1751452000.0,3137826000.0,369303000.0,186934000.0,2625706860.6470413,4402936860.647041,36.25958241562097,0.7557306737495518,0.27850970456025037,0.9469281476866951,0.024496060787579488,36.25958241562097,0.021789406394925104,6.953322954213219,15.33277387559003,1.3363681645468877,0.6082640381201533,0.4942012385493754,0.009917710308904334,0.056527141767159714,0.544875337719789,0.0064086817488941015,-35.96760171840554,0.5166821584718989,-0.4649703816641256,-0.73830442983633,7.003048363900066,0.16538837782629134,-0.28987749040960276,-0.4649703816641256,-0.2842586750788644,0.04806606919681484,3.0152011438176154,0.16986270006633566,Conglomerates,Industrials,CRESY
2010Q2,2010,Q2,2009-12-31,2009-12-31,80018000.0,483385000.0,190200000.0,1.4766935322602301,274754000.0,0.56839579217394,6368214000.0,1922736000.0,1151572000.0,1479883000.0,2895631000.0,234767000.0,0.0,2633653010.681653,4812037010.681653,35.48316398115307,0.7781507051570968,0.35107143070254865,1.1627690957052865,0.03403804064703667,35.48316398115307,0.04161673781527989,5.448354853132913,8.228314287665441,1.3697423934859767,0.0,0.888672598789438,0.0,0.07590589763472144,0.6195118127581708,0.012565218442721932,96.15381565102786,0.56839579217394,0.4141296100522966,1.99042212341113,8.718384853383686,0.27303683013289987,0.8115608537124094,0.29422420625293155,1.1068955967875935,1.4906813816622138,5.476054484740137,0.36853758953196836,Conglomerates,Industrials,CRESY
2010Q1,2010,Q1,2009-09-30,2009-09-30,61827000.0,342887000.0,90275000.0,1.044242,151667000.0,0.44232356432294023,6069290000.0,1900284000.0,1070435000.0,1253580000.0,2677377000.0,133815000.0,0.0,2260769081.3892584,3997478081.3892584,35.06882316800719,0.8539024234592129,0.3018428844230544,0.9640516891159426,0.02150500167066233,35.06882316800719,0.03253566309035912,6.5933356510723895,9.141512128152984,1.1897006349520693,0.0,1.4289877816388297,0.0,0.05649540555814601,0.7471561448012891,0.010186858759426556,366.53195223561255,0.44232356432294023,-0.5282452001768144,18.006412163301636,4.5776147935309,0.294847303357668,-0.2778449671459861,-0.4845387469256743,-0.15223597468211783,14.030115985463697,4.4447249740455606,0.40964172248308456,Conglomerates,Industrials,CRESY
2009Q4,2009,Q4,2009-06-30,2009-06-30,119945000.0,613133000.0,106486000.0,2.213527028005615,210020000.0,0.34253579565934306,5976056000.0,1812884000.0,1157655000.0,1313912000.0,2727190000.0,139197000.0,126893000.0,1653704064.2649043,3536298064.264904,33.45589839208747,0.8810749882792759,0.3288210485310044,1.0839375271666583,0.02253547526874475,33.45589839208747,0.06616253439271348,2.6971375937437787,3.4467965823187803,0.9121951896894144,0.27675184459543956,2.895989137696933,0.02007311992351888,0.10259826882479013,0.7751341033493871,0.020070929723550113,6.585340273993223,0.34253579565934306,17.721390168228943,1.6738729355650315,8.67348006221732,0.24054778830610152,0.1937431082110337,16.73049180327869,0.3889417872096208,4.8815359201480275,5.563548000879889,0.33943677326390764,Conglomerates,Industrials,CRESY
2009Q3,2009,Q3,2009-03-31,2009-03-31,-7625000.0,348451000.0,76667000.0,-0.1323769737884217,175934000.0,0.504903128416908,5525446000.0,1668492000.0,1003003000.0,1078212000.0,2566372000.0,196841000.0,0.0,1328237009.2628505,2769706009.2628508,28.966547114779186,0.9302465563358597,0.27327676354089786,0.9049944500782743,0.06349290367221888,28.966547114779186,-0.004569994941540026,3.811832967225953,-43.54875440206067,0.7960703493111448,0.0,0.8764281831529,0.0,0.06306296360510989,0.7476841289097135,-0.0013799791003296386,-21.448085022329973,0.504903128416908,-1.1533929960212008,-1.1655877409685425,4.527681206993264,0.0,-0.020362499422032318,-1.1533929960212008,0.9031088283260114,-3.9869320320463513,7.251535186091955,0.0035754157340500328,Conglomerates,Industrials,CRESY
2009Q2,2009,Q2,2008-12-31,2008-12-31,49708918.90622,376368625.50303,40285137.06567,0.8629922957507494,179590920.0048,0.47716761662790136,5459504000.0,1676222000.0,1110114000.0,1043581000.0,2500204000.0,183037000.0,0.0,1495383808.1303382,3080676808.130338,29.100746984600104,1.0637545145034262,0.30436684358139493,0.9913316971141054,0.006791550322004807,29.100746984600104,0.029655331397762347,3.9731893330154837,7.5207017223182016,0.8921156076762733,0.0,1.0750706441770244,0.0,0.06893824521477226,0.8883613250912004,0.009105024724996996,-8.425471298827674,0.47716761662790136,2.4161971333661802,4.235696557442637,6.656725642331734,-0.02403724595667892,16.205359614736217,2.328656527196432,6.0136216391115,0.3736246205480204,3.541457770905831,0.018191832356560605,Conglomerates,Industrials,CRESY
2009Q1,2009,Q1,2008-09-30,2008-09-30,-37412918.90622,89222374.49697,-8035137.06567,-0.609373,10438079.995199993,0.1169894889488115,1928779209.40848,1695239170.94961,545081346.07641,187510820.82018,232328257.42698,89881311.85176,0.0,1615404211.927253,1712490749.315093,29.430902465298658,2.9069327502925004,0.06575936410074017,0.07481852500516584,-0.004346325565993652,29.430902465298658,-0.02206940445179937,18.105371225937418,-10.794427828368987,0.9529063742801339,0.0,0.8765369894879578,0.0,0.046258469638073715,2.427593400197367,-0.019397201464906828,-55.021888534947436,0.1169894889488115,-6.467746407088779,-4.697510265510575,0.7031434564093016,0.0,-0.6292452629914089,-6.9597705185255645,-1.8207405423231977,-2.1093037796106597,0.15764885375838242,0.03773223574086799,Conglomerates,Industrials,CRESY
2008Q4,2008,Q4,2008-06-30,2008-06-30,-4700250.94557,148550840.32556,9790106.1923,-0.0816006552420622,28153598.466250002,0.18952163720211435,2067325936.5421,1760265440.83715,736000389.37623,262038637.06725,305901530.36952,111394096.68806,22921048.89063,2208338846.421936,2355969995.8860765,30.55981798326085,2.8087475862856883,0.09450380293457485,0.11098903516255794,-0.007805974303891504,30.55981798326085,-0.0026701944130282118,14.865879193831555,-117.45856082978408,1.2545487715600951,-0.0017477569485396438,1.0808224622213307,3.7199437320546154e-06,0.07185651652686786,2.37913032138716,-0.0022735896950201507,-35.90002788068595,0.18952163720211435,-1.0417163135763845,-1.0870527908790337,1.4864931504529924,0.06134923802093705,-0.7263723367411851,-1.0643918601960687,-0.8861773104452838,-1.107006640575181,0.7247993473429358,0.09444671113931842,Conglomerates,Industrials,CRESY
2008Q3,2008,Q3,2008-03-31,2008-03-31,72994489.22982,453135918.48063,86011903.51941,1.956085,102890176.12821001,0.22706250361525515,2064135382.25658,1746349449.43959,917516790.74529,271020189.05385,316547802.77571,106660271.8461,0.0,1498004848.6699696,1556631682.6970296,49.019815296825485,3.3854186064455343,0.09508141998013772,0.11238353425723635,0.014914331711571709,49.019815296825485,0.041798329225141165,3.305862077084503,5.130540895880394,0.8577921498762374,7.003795497361284e-05,3.2837507001462476,3.4127958628031962e-06,0.21952819683040703,2.918814316428109,0.035363227556334045,-67.99705018626294,0.22706250361525515,1.6421477188152998,0.6183376592448374,8.079414574162612,0.0,6.251275844321632,1.6948203513124813,2.0598160426511476,-0.3213298204851698,13.607232119808515,0.5755041626045029,Conglomerates,Industrials,CRESY
2008Q2,2008,Q2,2007-12-31,2007-12-31,27086959.31967,46626093.91116,28110155.09445,0.740339,14189251.42791,0.30431996844826387,1185066016.25067,851357114.91216,175643732.37204,277103458.24587,333646927.66719,89205157.098,0.0,1889277219.2004533,2105446684.7297933,23.897490011535037,0.6338561542461654,0.18387640864572538,0.255950974343772,0.019736061130695173,23.897490011535037,0.03181621301475202,40.519740358268635,17.43714749322655,2.219135996056581,0.0,0.3636207091437008,0.0,0.039344722801752725,0.24044229158920294,0.02285692016160259,-120.3726204112964,0.30431996844826387,3.137305168466666,-0.4673137062511319,-0.17131301363278365,0.0,8.90575350427323,3.15984396651609,4.94079993868176,0.5397240688535045,0.42583015784256645,-0.14262479669016856,Conglomerates,Industrials,CRESY
2008Q1,2008,Q1,2007-09-30,2007-09-30,-12541164.8895,49343936.8344,-7133108.8946,-0.346389,1432425.2487999946,0.02902940747527431,1072772404.0254,812734803.335,152518886.9204,184408433.6172,259141808.3475,55490242.717,0.0,2275214836.1519947,2419770598.254695,22.813366452841567,0.8270711047684665,0.14398637843991627,0.1900553694908417,-0.005814603961121928,22.813366452841567,-0.015430820530926218,46.1093091089934,-45.35493425449062,2.799455402692011,0.0,0.8634222746140886,0.0,0.04599665003428974,0.32498114577017007,-0.011690424588143174,-460.55417113533167,0.02902940747527431,-2.064892577932243,-1.2216486945376361,-0.2118455830350957,0.0,-0.8956569069196303,-2.0822313364006693,-1.2918865213257686,-6.864050278960286,0.22086918444285716,-0.15766132526166515,Conglomerates,Industrials,CRESY
2007Q4,2007,Q4,2007-06-30,2007-06-30,11588247.7874,98546906.5335,24437952.3323,0.3252806970188499,13728031.310100004,0.13930453824477282,1047460601.9559,806159926.1881,211836224.1094,163871317.5066,240482870.793,51265125.7569,48237687.5486,2003060579.6139839,2101246031.435584,22.628810456077126,1.2926986084728842,0.137520122935053,0.17868279738453502,0.015518533375903053,22.628810456077126,0.014374626436958532,20.325961007543796,43.21318926645512,2.4846938114195134,0.009950316226873746,1.654514135508267,5.756527344880459e-05,0.09408173094957992,0.8781201655170949,0.011063182487018148,-59.16562178260584,0.13930453824477282,-0.3757375350842701,1.41176409351423,0.9563715322853538,-0.0003115683636802958,-0.2168193958643603,-0.41002260092251513,0.8675067441914681,-0.6070708687013036,1.3648787777965816,-0.16092162780110258,Conglomerates,Industrials,CRESY
2007Q3,2007,Q3,2007-03-31,2007-03-31,19641850.3582,45222240.3395,13085870.9926,0.521064,17528563.9578,0.3876093671212797,1038421493.7586,807589690.0638,230390256.4894,161630968.5739,230337133.6056,74714487.6527,0.0,1414234063.9159214,1470379010.6766214,30.99473332517133,1.4254091188228093,0.1320856847259996,0.16983948126735526,0.012290590031811025,30.99473332517133,0.024321571461181336,31.272976599539206,18.000265226100666,1.7511789480672992,0.00013601977162424708,0.3706600587349302,1.8891356587765204e-06,0.0435490218676201,0.9158073490664125,0.01891510381502764,-47.094892330541114,0.3876093671212797,0.19916873983075611,2.0758601692018988,0.3838952057676616,0.0,2.1366522241849766,0.30152139170620745,4.442208686386701,-0.057035661186067635,0.5859076150111608,0.0,Conglomerates,Industrials,CRESY
2007Q2,2007,Q2,2006-12-31,2006-12-31,15091454.1116,35062610.3368,2404514.7378,0.434521,5588303.294400003,0.15938069757843423,914393990.294,659970459.3964,135789055.6938,187431433.208,253847869.0232,49410684.4874,0.0,,,,,,,,,,,,,,,,,,,,,,,,,,,,,,,Conglomerates,Industrials,CRESY
2007Q1,2007,Q1,2006-09-30,2006-09-30,1924516.9384,29463271.5397,-2785579.5017,0.0521,347268.69010000303,0.01178649457281345,892384139.0864,630689589.1165,104392583.1142,116765931.4775,261224031.0084,28845591.221,0.0,,,,,,,,,,,,,,,,,,,,,,,,,,,,,,,Conglomerates,Industrials,CRESY
