Year,Date,FillingDate,NetIncome,Revenue,OperatingIncome,EPSDiluted,GrossProfit,GrossProfitRatio,TotalAssets,CommonStockEquity,CurrentAssets,CurrentLiability,TotalLiability,Inventory,RetainedEarnings,EnterpriseValue,bookValuePerShare,currentRatio,debtToAssets,debtToEquity,roic,shareholdersEquityPerShare,roe,priceToSalesRatio,peRatio,pbRatio,payoutRatio,inventoryTurnover,dividendYield,assetTurnover,quickRatio,returnOnAssets,priceToFreeCashFlowsRatio,grossProfitMargin,epsdilutedGrowth,fiveYNetIncomeGrowthPerShare,fiveYRevenueGrowthPerShare,fiveYShareholdersEquityGrowthPerShare,grossProfitGrowth,netIncomeGrowth,operatingIncomeGrowth,threeYNetIncomeGrowthPerShare,threeYRevenueGrowthPerShare,threeYShareholdersEquityGrowthPerShare,Industry,Sector,Price,MarketCap,AvgVolume,Symbol
2022,2022-06-30,2022-06-30,63000000000.0,95850000000.0,23864000000.0,906.47,42463000000.0,0.4430151278,529227000000.0,82303000000.0,112988000000.0,147579000000.0,322438000000.0,22826000000.0,21159000000.0,152454947428.9032,1394.9661016949153,0.7656102833058904,0.28490231979849856,1.831986683352976,0.095442400784992,1394.9661016949153,0.7654641993608982,0.38172089127702874,0.5807610703000509,0.4445518076972067,0.0,2.3388679575922193,0.0,0.18111320850976992,0.5919676918802811,0.11904154549937929,2.070625208200521,0.4430151278038602,4.005437485494513,36.68096081840514,0.11173224898317702,3.5340396555990066,0.8909422871392946,4.878116343490305,1.4046755340588473,2.8808693569359214,0.003094731646106881,3.233125816249824,Conglomerates,Industrials,7.7912,871398942,152064,CRESY
2021,2021-06-30,2021-06-30,-16245000000.0,42411000000.0,9924000000.0,-301.61,22456000000.0,0.529485275,339172000000.0,32446000000.0,69981000000.0,70427000000.0,233279000000.0,17404000000.0,-9665000000.0,127537092784.67451,602.3972126568916,0.9936672014994249,0.36803745592206905,3.8472538987856746,-0.08434587250026176,602.3972126568916,-0.5006780496825495,0.7129775950737901,-1.861378441654325,0.9319513278886307,-0.04376731301939058,1.146575499885084,0.023513387734571477,0.12504275117049757,0.7359393414457523,-0.04789605274020261,4.460553589714488,0.5294852750465681,-1.6329828537849693,-14.51912626625552,0.18854735753948604,30.51231624507406,0.35187526337968816,-1.6477272727272727,-0.4319079512278894,-3.77827134715566,0.003170291219040273,0.42988307304245205,Conglomerates,Industrials,7.7912,871398942,152064,CRESY
2020,2020-06-30,2020-06-30,25080000000.0,42653000000.0,17469000000.0,476.49,16611000000.0,0.3894450566,739524000000.0,27081000000.0,248707000000.0,186094000000.0,608023000000.0,12749000000.0,2040000000.0,375102157712.1572,531.0024884234261,1.3364589938418219,0.6400319665081864,17.47789963443004,0.024918148210065386,531.0024884234261,0.9261105572172372,0.24465237409226173,0.41607486890579104,0.38533132868643105,0.012759170653907496,2.042670013334379,0.03066556431889778,0.05767628907243037,0.9633034917837222,0.03391370665455076,0.283210055695523,0.38944505661969847,1.8649929201612023,105.58813716633597,6.8558819382208585,17.567827524730685,-0.4651619550518385,1.8655140283673257,1.0998918139199423,16.353729423378272,-0.4276765509408477,0.7259102832737618,Conglomerates,Industrials,7.7912,871398942,152064,CRESY
2019,2019-06-30,2019-06-30,-28977000000.0,82665000000.0,8319000000.0,-550.86,31058000000.0,0.3757091877,507989000000.0,16820000000.0,153059000000.0,89602000000.0,418989000000.0,7135000000.0,-27229000000.0,295312702557.34283,329.5357053504099,1.7082096381777192,0.6580949587491067,19.875445897740786,0.025289541167838207,329.5357053504099,-1.722770511296076,0.28417955068460454,-0.8107016791711645,1.3966529463342945,-0.016081719984815543,7.232936229852838,0.019836791261191145,0.16272990163172824,1.4845539162072274,-0.05704257375651835,2.5127503002826863,0.3757091876852356,-5.660406091370559,-27.78380033998477,18.04594312203184,8.097098414406972,0.9971705999614173,-6.374072700296736,0.6651321056845476,-28.21162171288754,1.4446367961819886,16.23851495800387,Conglomerates,Industrials,7.7912,871398942,152064,CRESY
2018,2018-06-30,2018-11-30,5392000000.0,38986000000.0,4996000000.0,118.2,15551000000.0,0.3988867799,353770000000.0,20925000000.0,102434000000.0,57054000000.0,278449000000.0,3237000000.0,14715000000.0,199789847547.5332,421.2912398320327,1.7953868265152313,0.6205868219464624,10.491995221027478,0.01990124176920186,421.2912398320327,0.2576821983273596,0.48465724997520104,3.504237304809567,0.9029795721640711,0.17433234421364985,7.239728143342601,0.04974901213864102,0.11020154337563955,1.5138290041013776,0.015241541114283292,1.765048813408051,0.39888677986969684,3.1906277567470345,219.63439739196178,11.054415711901315,8.09560335380367,-0.32984270631329454,2.56849768365321,-0.496624685138539,24.08818969798303,6.3729136350393,13.731499850606033,Conglomerates,Industrials,7.7912,871398942,152064,CRESY
2017,2017-06-30,2017-06-30,1511000000.0,77918000000.0,9925000000.0,28.205798,23205000000.0,0.2978130855514772,241446000000.0,16405000000.0,68360000000.0,51191000000.0,192273000000.0,5595000000.0,11064000000.0,125594458572.52615,307.66517447025325,1.3353909866968803,0.5604234487214532,8.248217007010059,0.02698889145791307,307.66517447025325,0.09210606522401707,0.20079389322783125,10.354373641645372,0.9537006139912317,1.7273328921244209,9.778909740840035,0.1668215724007751,0.3227139815942281,1.0165458772049774,0.006258128111461776,3.074972203719763,0.2978130855514772,1.796696558207241,18.621256216453734,21.90102276797916,7.080471292887559,1.0789285074359434,2.455684007707129,1.6867893881970764,2.436761878141794,16.184789972959255,7.493344804216082,Conglomerates,Industrials,7.7912,871398942,152064,CRESY
2016,2016-06-30,2016-06-30,-1038000000.0,35384000000.0,3694000000.0,-35.403439,11162000000.0,0.31545331223151707,166001000000.0,1021000000.0,45121000000.0,45599000000.0,150769000000.0,4355000000.0,-1390000000.0,113492654993.88145,19.116246738957408,0.9895173139761837,0.7065981530231745,114.88344760039178,0.028275531442141424,19.116246738957408,-1.0166503428011753,0.2908844391216779,-9.915852595261514,10.080954940138543,-0.2302504816955684,5.561882893226177,0.023220442164055378,0.21315534243769615,0.8200618434614794,-0.006252974379672411,3.7117399905811217,0.31545331223151707,-6.490196306591769,-5.9544771980957805,13.132298047184788,-0.5320157965811515,4.139584237933005,-3.158337306054427,0.32273711333930605,-38.14045619291762,9.174295238195146,-0.5872836140140908,Conglomerates,Industrials,7.7912,871398942,152064,CRESY
2015,2015-06-30,2015-06-30,-249619000.0,5651805000.0,2792694000.0,-4.726637,2171771000.0,0.3842614881440531,15275443000.0,1518225000.0,4212140000.0,4463331000.0,11373485000.0,631348000.0,-246069000.0,13359234208.425566,28.597986905909067,0.9437211804367635,0.5432904957322678,5.466253684401192,0.10425538178463856,28.597986905909067,-0.16441502412356535,1.0074523463611298,-22.810459974703715,3.750382327010533,-0.1342405826479555,5.51206941338216,0.0058850449660736905,0.3699928702558741,0.5941024763791886,-0.016341195473021635,22.798312759960144,0.3842614881440531,0.7600850928359775,-2.3465435583169927,2.0029782685113537,-0.22850163920841776,0.19025608001644173,0.7662480803086489,1.356254418988446,-4.25564619996612,0.6684049532088989,-0.24890682663235553,Conglomerates,Industrials,7.7912,871398942,152064,CRESY
2014,2014-06-30,2014-06-30,-1067880000.0,4604011000.0,1185226000.0,-19.701306,1824625000.0,0.3963120418261381,15783688000.0,1961283000.0,4987682000.0,4800385000.0,11348902000.0,635601000.0,-1066428000.0,12103016068.404476,36.224265182019785,1.039017078838468,0.5039903221604481,4.055929715395483,0.09360464597256457,36.224265182019785,-0.5444803223196244,1.118845517181535,-4.823741495677862,2.62643232435323,-0.22815016668539537,4.372847116351296,0.04729734520181502,0.2916942478842714,0.5565678586196732,-0.06765719139912041,7.364231833667116,0.3963120418261381,-41.99999126961608,-9.81996935491838,2.320301742489963,0.11349604342660552,0.3965438195401709,-38.687813580109264,0.0712832429921156,-6.02811692641061,0.8139472327203475,-0.11319496357551019,Conglomerates,Industrials,7.7912,871398942,152064,CRESY
2013,2013-06-30,2013-06-30,-26907000.0,3528551000.0,1106361000.0,-0.45817,1306529000.0,0.3702735202070198,12410725000.0,2509966000.0,3288236000.0,2664850000.0,7691659000.0,349940000.0,-26522000.0,6580540220.387022,46.3181191444385,1.233929114209055,0.4593557588295607,2.2713208067360275,0.11065025127734861,46.3181191444385,-0.010720065530768146,0.5461698641700297,-71.62404654502629,0.7678144725414697,-8.895529044486565,6.349722809624507,0.12419752127373046,0.2843146552679235,1.0321282623787456,-0.0021680441714726577,3.9129612973174823,0.3702735202070198,-1.3571428571428572,-1.9172578154546243,7.561909001647282,0.11416703705035192,0.06054855077816479,-1.3438023076038486,0.6904195486860741,-1.142197446887938,0.8367293737658784,0.24954085448230914,Conglomerates,Industrials,7.7912,871398942,152064,CRESY
2012,2012-06-30,2012-06-30,78263000.0,3457815000.0,654489000.0,1.282876,1231937000.0,0.35627614548493775,9755212000.0,2063281000.0,1922229000.0,2100356000.0,5701153000.0,543267000.0,-29017000.0,5119935300.8851385,38.07515221804705,0.9151919960235313,0.3980620820951918,1.882041273098526,0.1021251073090588,38.07515221804705,0.03793133363802604,0.4554348051833711,20.122015523109752,0.763254884276615,0.8152000306658319,4.09720818676636,0.04051284175432577,0.35445821167187347,0.6287657901803313,0.00802268571918273,2.576531096172919,0.35627614548493775,-0.6315788415638764,-0.15175366705240034,7.680478269142517,0.3381017932233199,0.16880515818575464,-0.6318161503540094,-0.09989850480245568,-0.3541598154709832,1.4915344903862413,0.17039037602631635,Conglomerates,Industrials,7.7912,871398942,152064,CRESY
2011,2011-06-30,2011-06-30,212565000.0,2540308000.0,727128000.0,3.482091,1054014000.0,0.41491582910418734,9733418000.0,2213537000.0,2265588000.0,2364192000.0,5173433000.0,751961000.0,498199000.0,6639237549.277931,40.84805982617379,0.9582927274942137,0.3693419927100634,1.6240794710004847,0.09421125509100722,40.84805982617379,0.09602956715880512,1.2747377677344367,15.234053344990622,1.4629195487935966,0.3246065909251288,1.9765572948597068,0.02130795944940474,0.2609882777047076,0.6402301505123104,0.0218386798964146,8.4486127797277,0.41491582910418734,0.11764709658471764,1.3700029680361916,7.290516714741013,0.28306145118604187,0.18665737468490387,0.14648393255881687,0.23878222055641685,6.246352724604661,5.163993265247689,-0.017413430716816572,Conglomerates,Industrials,7.7912,871398942,152064,CRESY
2010,2010-06-30,2010-06-30,185406000.0,1882355000.0,586970000.0,3.115555,888221000.0,0.4718668901455889,6837888000.0,1968193000.0,1453381000.0,1928717000.0,3244687000.0,400521000.0,421083000.0,4091985556.9012628,37.06811104117786,0.7535480840372123,0.27975041416296964,0.9719077346581356,0.10847683764730995,37.06811104117786,0.09420112763331645,1.2006250451701528,12.189479072420864,1.148262673884758,0.5245892797428346,2.4821020620641616,0.043036234495839674,0.27528309910896465,0.5458862031080766,0.02711451255124389,-51.369531921837996,0.4718668901455889,0.5566380409540218,-0.17949902321171615,7.1838014758196405,0.278843732539834,0.5420958604681041,0.48781857867368555,1.7249852601867197,1.050873091656748,3.8227298520008683,0.3027106384643985,Conglomerates,Industrials,7.7912,871398942,152064,CRESY
2009,2009-06-30,2009-06-30,124616000.0,1427175000.0,215403000.0,2.001464,575983000.0,0.4035826019934486,5976056000.0,1812884000.0,1157655000.0,1313912000.0,2727190000.0,139197000.0,126893000.0,3583262172.0663033,32.532010684605055,0.8810749882792759,0.3288210485310044,1.0839375271666583,0.04005223479732165,32.532010684605055,0.06873909196617103,1.1916325412554898,13.647269789323227,0.9381009331354369,0.06751139500545676,6.115016846627442,0.0049468791961798445,0.23881553318777468,0.7751341033493871,0.02085254890516421,-96.3442200354806,0.4035826019934486,2.8980319599575424,0.11685550886559345,5.594176605484864,0.12131875262331432,7.783041502348709,4.436749452200782,3.9448445946172064,0.3510990299054657,3.529275053552368,0.02184948358902249,Conglomerates,Industrials,7.7912,871398942,152064,CRESY
2008,2008-06-30,2008-06-30,22921048.89063,322022650.88276,43561126.31618,0.513455,65578991.04154,0.2036471374351104,2067325936.5421,1760265440.83715,736000389.37623,262038637.06725,305901530.36952,111394096.68806,22921048.89063,1770994979.8513725,41.57197045342607,2.8087475862856883,0.09450380293457485,0.11098903516255794,0.02200538767411002,41.57197045342607,0.013021359369373955,5.041147962533408,70.82415111687384,0.922226723723662,0.35950785627522436,2.3021297130255145,0.005076063046374751,0.15576772157243343,2.37913032138716,0.01108729324460987,-15.582385589511402,0.2036471374351104,-0.62304190364738,-0.8835666814463807,0.478357546043163,0.48401261030010123,0.7633852810894578,-0.5248311008371455,0.17279191786040335,-0.8728022349850179,0.7556164818867479,0.43422614129532333,Conglomerates,Industrials,7.7912,871398942,152064,CRESY
TTM,,,,,,,,,,,,,,,,423212631587.3,2690.405612765137,1.1722218297421405,0.26484521902434077,1.4003268279600072,0.3603543756212554,2690.405612765137,0.25209113401798217,3.2804301963792164,4.1314896333055975,0.762061404522865,0.3923173164711054,1.08446416144746,0.00023545225814624327,0.08245941437796238,0.8225785941363476,0.03488558641239852,-147.2759355088632,0.2866012417384338,,,,,,,,,,,Conglomerates,Industrials,7.7912,871398942,152064,CRESY
