Quarters,Year,Quarter,FillingDate,Date,NetIncome,Revenue,OperatingIncome,EPSDiluted,GrossProfit,GrossProfitRatio,TotalAssets,CommonStockEquity,CurrentAssets,CurrentLiability,TotalLiability,Inventory,RetainedEarnings,MarketCap,EnterpriseValue,bookValuePerShare,currentRatio,debtToAssets,debtToEquity,roic,shareholdersEquityPerShare,roe,priceToSalesRatio,peRatio,pbRatio,payoutRatio,inventoryTurnover,dividendYield,assetTurnover,quickRatio,returnOnAssets,priceToFreeCashFlowsRatio,grossProfitMargin,epsdilutedGrowth,fiveYNetIncomeGrowthPerShare,fiveYRevenueGrowthPerShare,fiveYShareholdersEquityGrowthPerShare,grossProfitGrowth,netIncomeGrowth,operatingIncomeGrowth,threeYNetIncomeGrowthPerShare,threeYRevenueGrowthPerShare,threeYShareholdersEquityGrowthPerShare,Industry,Sector,Symbol
2023Q1,2023,Q1,2023-04-28,2023-03-31,602000000.0,1921000000.0,1365000000.0,0.41,1921000000.0,1.0,189070000000.0,18758000000.0,41373000000.0,6898000000.0,170259000000.0,0.0,3764000000.0,16161599999.999998,25559600000.0,12.999306999306999,5.997825456654103,0.10562225630718781,1.064612432029001,0.028478620119809957,12.999306999306999,0.032092973664569785,8.413118167621029,6.7116279069767435,0.861584390659985,0.4219269102990033,0.0,0.015716265716265717,0.010160258105463584,5.997825456654103,0.0031840059237319513,153.92,1.0,-0.023809523809523832,0.38699894987011557,0.33105292377248086,0.24594242137432792,2.4488330341113107,-0.06666666666666667,0.059782608695652176,7.847828597828598,0.17742563789479507,0.12441962148819137,Banks—Regional,Financial Services,HBAN
2022Q4,2022,Q4,2023-02-17,2022-12-31,645000000.0,1961000000.0,1288000000.0,0.42,557000000.0,0.2840387557,182906000000.0,17731000000.0,25062.0,2485.0,165137000000.0,0.0,3419000000.0,20346300000.0,25141300000.0,12.287595287595288,10.085311871227365,0.064038358501088,0.660594439117929,0.03580062128326018,12.287595287595288,0.0363769668941402,10.375471698113207,7.886162790697674,1.1474987310360385,0.3922480620155039,0.0,0.012434693285757116,0.010721354138191202,14935211.267605634,0.0035264015395886413,15.555275229357798,0.28403875573686893,0.07692307692307684,0.11581123044363066,0.32346764033319786,0.22421105049651383,0.7795527156549521,0.08585858585858586,0.22783603431839847,0.4504057333237145,0.2134284410612537,0.07157936009508702,Banks—Regional,Financial Services,HBAN
2022Q3,2022,Q3,2022-10-28,2022-09-30,594000000.0,1902000000.0,1049000000.0,0.39,313000000.0,0.1645636172,179402000000.0,17136000000.0,24854000000.0,3352000000.0,162231000000.0,0.0,3029000000.0,19018740000.0,25020740000.0,11.875259875259875,7.414677804295943,0.059051738553639314,0.6182306255835668,0.03039562906880858,11.875259875259875,0.03466386554621849,9.999337539432176,8.0045202020202,1.1098704481792716,0.42424242424242425,0.0,0.013250089122623267,0.010601888496226352,10.230608591885442,0.003310999877370375,23.655149253731345,0.16456361724500526,0.1142857142857144,0.6282279852542958,0.3150697865570215,0.20545523022219342,-0.2457831325301205,0.10204081632653061,0.31125,0.14522902555160633,0.16295080049555755,0.03200784745162951,Banks—Regional,Financial Services,HBAN
2022Q2,2022,Q2,2022-07-29,2022-06-30,539000000.0,1746000000.0,800000000.0,0.35,415000000.0,0.2376861397,178782000000.0,17950000000.0,24692000000.0,2103000000.0,160803000000.0,0.0,2691000000.0,17335230000.0,24145230000.0,12.456627342123525,11.741321921065145,0.06104641406853039,0.6080222841225627,0.02268450342322155,12.456627342123525,0.03002785515320334,9.928539518900344,8.04045918367347,0.9657509749303621,0.4675324675324675,0.0,0.014536870869322184,0.009766083833943014,16.953399904897765,0.003014844894899934,18.74078918918919,0.2376861397479954,0.0937499999999999,0.49889486989337145,0.23341049960313176,0.27315687287564056,-0.7477203647416414,0.16666666666666666,0.14613180515759314,0.07363681738109225,0.06740581594428639,0.11541902299497282,Banks—Regional,Financial Services,HBAN
2022Q1,2022,Q1,2022-04-29,2022-03-31,462000000.0,1645000000.0,698000000.0,0.32,1645000000.0,1.0,176856000000.0,18452000000.0,1713000000.0,652000000.0,158375000000.0,0.0,2408000000.0,21023560000.0,23561560000.0,12.831710709318498,2.6273006134969323,0.040484914280544626,0.3880338174723607,0.022206026110445917,12.831710709318498,0.02503793626707132,12.780279635258358,11.376385281385282,1.1393648384998916,0.5476190476190477,0.0,0.012034117913426652,0.009301352512778758,56.58742331288344,0.002612294748269779,27.09221649484536,1.0,0.18518518518518512,0.6772696724344631,0.19216438939527727,0.3356175677247024,-0.0012143290831815423,0.14925373134328357,0.2949907235621521,-0.060396403291349696,0.049701890833383236,0.17518692740578393,Banks—Regional,Financial Services,HBAN
2021Q4,2021,Q4,2022-02-18,2021-12-31,402000000.0,1647000000.0,539000000.0,0.27,1647000000.0,1.0,174064000000.0,19297000000.0,125904000000.0,14000000.0,154746000000.0,0.0,2202000000.0,22266480000.0,23474480000.0,13.363573407202216,8993.142857142857,0.040915984925085025,0.3690729128880137,0.0167379537454105,13.363573407202216,0.020832253718194537,13.519417122040073,13.84731343283582,1.153882986992797,0.6169154228855721,0.0,0.011137817921826889,0.00946203695192573,806.4285714285714,0.0023094953580292308,54.70879606879607,1.0,0.22727272727272735,0.2643263610751733,0.15757869091272972,0.40693177326809554,-0.02831858407079646,0.06631299734748011,0.0,-0.12109385107900537,0.035023922361388585,0.2692626206952303,Banks—Regional,Financial Services,HBAN
2021Q3,2021,Q3,2021-11-05,2021-09-30,377000000.0,1695000000.0,0.0,0.22,1695000000.0,1.0,173878000000.0,19479000000.0,128550000000.0,34000000.0,154379000000.0,0.0,2051000000.0,22617980000.0,20242980000.0,13.314422419685577,3780.8823529411766,0.04493380416153855,0.40109861902561733,0.0,13.314422419685577,0.019354176292417476,13.343941002949853,14.998660477453583,1.1611468761230044,0.7055702917771883,0.0,0.011760555098200634,0.009748214265174433,454.70588235294116,0.0021681868896582662,43.57992292870905,1.0,22.656175581333333,0.9043641404569944,0.17203083591892038,0.2031295562981977,0.3221528861154446,26.133333333333333,0.0,-0.2606514988770628,0.09835649995937072,0.32064847570478483,Banks—Regional,Financial Services,HBAN
2021Q2,2021,Q2,2021-08-06,2021-06-30,-15000000.0,1282000000.0,0.0,-0.010158765067901938,1282000000.0,1.0,175172000000.0,20511000000.0,133620000000.0,136000000.0,154641000000.0,0.0,1939000000.0,21070474469.02,14622474469.02,13.89109535384911,982.5,0.04268947092001005,0.3645848569060504,0.0,13.89109535384911,-0.0007313149041977475,16.435627510936037,-351.1745744836667,1.0272768011808298,-12.4,0.0,0.008827518349122918,0.007318521224853287,141.52941176470588,-8.563012353572488e-05,20.616902611565557,1.0,-1.0214823509424618,-1.0464557753979151,-0.1081037357561287,0.4768835663635949,-0.06217995610826628,-1.0281954887218046,0.0,-1.0315733559823204,-0.14468154517179704,0.3359971647864205,Banks—Regional,Financial Services,HBAN
2021Q1,2021,Q1,2021-04-30,2021-03-31,532000000.0,1367000000.0,0.0,0.4728888888888889,1367000000.0,1.0,125768000000.0,13600000000.0,95251000000.0,219000000.0,112168000000.0,0.0,2223000000.0,17685000000.0,16473000000.0,12.088888888888889,434.93607305936075,0.059069079575090645,0.54625,0.0,12.088888888888889,0.03911764705882353,12.937088514996342,8.31062030075188,1.3003676470588237,0.3533834586466165,0.0,0.010630477806050325,0.010869219515298009,41.08675799086758,0.004230010813561478,-132.9699248120301,1.0,0.751440329218107,1.1965729466230302,0.2980103475375935,0.3439839749216963,0.1033091202582728,0.6835443037974683,0.0,0.572190189502386,0.21492727511275095,0.1586817277836733,Banks—Regional,Financial Services,HBAN
2020Q4,2020,Q4,2021-02-26,2020-12-31,316000000.0,1234000000.0,0.0,0.27,1239000000.0,1.0,123038000000.0,12993000000.0,94396000000.0,112000000.0,110045000000.0,0.0,1878000000.0,12844710000.0,14596710000.0,12.775811209439528,842.8214285714286,0.06879175539264293,0.6514276918340645,0.0,12.775811209439528,0.02432078811667821,10.409003241491085,10.16195411392405,0.9885869314246133,0.5791139240506329,0.0,0.014247110288982779,0.01002942180464572,62.642857142857146,0.00256831222874234,475.73,1.0040518638573743,0.0,0.387259672567017,0.25591894111553226,0.5422846224291126,-0.006415396952686447,0.0429042904290429,0.0,-0.22435414793848718,0.181670166762685,0.2728519206229443,Banks—Regional,Financial Services,HBAN
2020Q3,2020,Q3,2020-10-30,2020-09-30,303000000.0,1247000000.0,0.0,0.27,1247000000.0,1.0,120116000000.0,12917000000.0,93479000000.0,222000000.0,107199000000.0,0.0,1752000000.0,9325890000.0,12337890000.0,12.701081612586037,421.0765765765766,0.07822438309634021,0.7274134861035845,0.0,12.701081612586037,0.023457459162344197,7.4786607858861265,7.694628712871287,0.7219857552063172,0.5643564356435643,0.0,0.018336051572557688,0.010381631089946386,30.31081081081081,0.0025225615238602685,18.073430232558138,1.0,1.076923076923077,0.5637609726324179,0.3118368822599836,0.5452895769784576,0.05857385398981324,1.02,0.0,0.17846523869430195,0.22334828959022707,0.289284227898694,Banks—Regional,Financial Services,HBAN
2020Q2,2020,Q2,2020-07-31,2020-06-30,150000000.0,1183000000.0,0.0,0.13,1178000000.0,1.0,118425000000.0,12314000000.0,92459000000.0,146000000.0,106111000000.0,0.0,1633000000.0,9179560000.0,12703560000.0,12.12007874015748,633.2808219178082,0.08358876926324678,0.8038817605976937,0.0,12.12007874015748,0.012181257105733312,7.759560439560439,15.299266666666668,0.7454572031833686,1.14,0.0,0.018628343842188515,0.009989444796284568,45.97260273972603,0.001266624445851805,52.75609195402299,0.9957734573119188,3.3333333333333335,-0.3928442133894146,0.21627133246518504,0.5054178043304943,0.023457862728062554,2.125,0.0,-0.4083785113007242,0.1852730757507358,0.23875918609562366,Banks—Regional,Financial Services,HBAN
2020Q1,2020,Q1,2020-05-01,2020-03-31,48000000.0,1151000000.0,0.0,0.03,1151000000.0,1.0,113897000000.0,11769000000.0,85846000000.0,2826000000.0,102128000000.0,0.0,1657000000.0,8357780000.000001,19075780000.0,11.56090373280943,30.37721160651097,0.11081942456781127,1.0724785453309542,0.0,11.56090373280943,0.004078511343359674,7.261320590790618,43.53010416666667,0.7101520944855129,3.6041666666666665,0.0,0.0206992766021599,0.010105621745963458,0.7639773531493277,0.0004214334003529505,17.1617659137577,1.0,-0.8928571428571428,-0.769785071221421,0.30925735644160746,0.4487514926517513,-0.0008680555555555555,-0.8485804416403786,0.0,-0.7538423913493982,0.17830216177791872,0.20334275562345847,Banks—Regional,Financial Services,HBAN
2019Q4,2019,Q4,2020-02-14,2019-12-31,317000000.0,1152000000.0,0.0,0.28,1152000000.0,1.0,109002000000.0,11795000000.0,82402000000.0,1565000000.0,97207000000.0,0.0,2088000000.0,15511604680.0,25653604680.0,11.466808474647125,52.65303514376997,0.10471367497844077,0.9676981771937262,0.0,11.466808474647125,0.026875794828317083,13.464934618055555,12.233126719242902,1.3151000152607035,0.5488958990536278,0.0,0.011217408101197174,0.01056861341993725,0.9591054313099041,0.0029082035192014824,23.827349738863287,1.0,-0.1764705882352941,0.5294024881516797,0.28707799235401715,0.4713053025967701,-0.017902813299232736,-0.1478494623655914,0.0,0.3996008865326158,0.13663548474617074,0.20723826549761876,Banks—Regional,Financial Services,HBAN
2019Q3,2019,Q3,2019-10-28,2019-09-30,372000000.0,1173000000.0,0.0,0.34,1173000000.0,1.0,108735000000.0,11909000000.0,82627000000.0,2173000000.0,96826000000.0,0.0,1946000000.0,14768593800.0,25057593800.0,11.506947262643244,38.02439024390244,0.11079229318986526,1.011587874716601,0.0,11.506947262643244,0.031236879670837183,12.590446547314578,9.925130241935484,1.2401203963389034,0.4435483870967742,0.0,0.011172356842802461,0.010787694854462685,0.9429360331339163,0.003421161539522693,984.57292,1.0,0.030303030303030328,0.893240709926489,0.296675999495577,0.4950786048057626,-0.010961214165261383,0.02197802197802198,0.0,1.6563221167673448,0.14655924675588525,0.03980089545466472,Banks—Regional,Financial Services,HBAN
2019Q2,2019,Q2,2019-07-29,2019-06-30,364000000.0,1186000000.0,0.0,0.33,1186000000.0,1.0,108247000000.0,11668000000.0,82413000000.0,4161000000.0,96579000000.0,0.0,1750000000.0,14439163640.0,25826163640.0,11.167666218096826,19.806056236481616,0.12133361663602686,1.125642783681865,0.0,11.167666218096826,0.031196434693177923,12.174674232715008,9.917007994505495,1.237501169009256,0.45604395604395603,0.0,0.011496510749427313,0.010956423734606964,0.494592645998558,0.0033626797971306366,44.021840365853656,1.0,0.03125000000000003,0.7386786235683608,0.3132696046491433,0.4701263847503587,0.03943908851884312,0.01675977653631285,0.0,0.5931849117538789,0.16607733901565952,0.18733204920164268,Banks—Regional,Financial Services,HBAN
2019Q1,2019,Q1,2019-04-29,2019-03-31,358000000.0,1141000000.0,0.0,0.32,1141000000.0,1.0,108203000000.0,11432000000.0,81998000000.0,2862000000.0,96771000000.0,0.0,1551000000.0,13757514300.0,24536514300.0,10.91886780739163,28.65059399021663,0.11332402983281424,1.0726032190342898,0.0,10.91886780739163,0.03131560531840448,12.057418317265556,9.607202723463688,1.2034214748075578,0.46368715083798884,0.0,0.01206613319675052,0.010544994131401163,0.6069182389937107,0.0033085958799663594,29.085653911205075,1.0,0.10344827586206906,0.9021080038078237,0.31802074991630636,0.46674121255974627,-0.018072289156626505,0.0718562874251497,0.0,0.5882722189724451,0.16413460496249666,0.2139067115515142,Banks—Regional,Financial Services,HBAN
2018Q4,2018,Q4,2019-02-15,2018-12-31,334000000.0,1162000000.0,0.0,0.29,1162000000.0,1.0,108781000000.0,11102000000.0,82995000000.0,13000000.0,97679000000.0,0.0,1361000000.0,12569163200.0,18482163200.0,10.52861180130114,6384.2307692307695,0.07940724942774934,0.7780580075662042,0.0,10.52861180130114,0.030084669428931725,10.816835800344235,9.40805628742515,1.132153053503873,0.5119760479041916,0.0,0.013604724298591334,0.010682012483797722,223.84615384615384,0.003070389130454767,23.53775880149813,1.0,-0.12121212121212131,0.6669891018614709,0.3514388169555508,0.4337590706448428,0.015734265734265736,-0.1164021164021164,0.0,0.41419073899430425,0.14062640674679075,0.2710046986820488,Banks—Regional,Financial Services,HBAN
2018Q3,2018,Q3,2018-10-30,2018-09-30,378000000.0,1144000000.0,0.0,0.33,1144000000.0,1.0,105652000000.0,10934000000.0,79435000000.0,1348000000.0,94718000000.0,0.0,1196000000.0,16192122480.0,25583122480.0,10.081730804694358,58.92804154302671,0.10158823306705031,0.9816169745747211,0.0,10.081730804694358,0.034571062740076826,14.153953216783217,10.709075714285715,1.4808965136272179,0.3783068783068783,0.0,0.008831454935980696,0.010828001362965207,12.809347181008903,0.0035777836671336085,31.258923706563706,1.0,0.10000000000000009,0.6215394979714342,0.2969888033737811,0.4043006218246182,0.02142857142857143,0.0647887323943662,0.0,0.8293488083005474,0.1285385226176802,0.2266036866465569,Banks—Regional,Financial Services,HBAN
2018Q2,2018,Q2,2018-07-30,2018-06-30,355000000.0,1120000000.0,0.0,0.3,1120000000.0,1.0,105358000000.0,11472000000.0,78524000000.0,2442000000.0,93886000000.0,0.0,990000000.0,16285254120.0,27030254120.0,10.397548527784348,32.155610155610155,0.11549194176047381,1.0606694560669456,0.0,10.397548527784348,0.030944909344490935,14.540405464285714,11.46848881690141,1.4195653870292888,0.37464788732394366,0.0,0.008166897428801069,0.010630421989787201,7.261261261261262,0.0033694641128343365,56.94144797202797,1.0,0.07142857142857129,0.7827653074696307,0.2579371467890716,0.5006696935336779,0.033210332103321034,0.08895705521472393,0.0,0.3231916698446377,0.06035008174228987,0.2914647677374329,Banks—Regional,Financial Services,HBAN
2018Q1,2018,Q1,2018-04-30,2018-03-31,326000000.0,1084000000.0,0.0,0.28,1084000000.0,1.0,104246000000.0,11308000000.0,76744000000.0,2854000000.0,92938000000.0,0.0,780000000.0,16365923600.0,26722923600.0,10.433312789019741,26.889978976874563,0.11004738790936823,1.0145030067209055,0.0,10.433312789019741,0.028829147506190308,15.097715498154981,12.55055490797546,1.4472871949062611,0.42024539877300615,0.0,0.008371052153756846,0.010398480517238072,1.2186405045550106,0.0031272183105346967,58.870228776978415,1.0,-0.24324324324324317,0.6668198408779991,0.2437261816236308,0.4957021100889175,-0.02015905241064375,-0.24466574142081618,0.0,0.4685679687680578,0.158145668398842,0.307447741606769,Banks—Regional,Financial Services,HBAN
2017Q4,2017,Q4,2018-02-16,2017-12-31,431597000.0,1106302000.0,0.0,0.37,1106302000.0,1.0,104185000000.0,10814000000.0,76098000000.0,3738000000.0,93371000000.0,0.0,588000000.0,15686900320.0,27063900320.0,10.037154363711798,20.357945425361155,0.12424053366607477,1.1969668947660441,0.0,10.037154363711798,0.039910948770112815,14.179582356354775,9.08654388237175,1.4506103495468838,0.2473951394472158,0.0,0.006806634696586125,0.010618630321063492,1.1848582129481007,0.004142602102030043,19.649348675129204,1.0,0.608695652173913,1.0288849994536897,0.21014085003228236,0.4686300585633078,0.01632660560572515,0.5719129687363422,0.0,0.9880191889561859,0.18006439612923839,0.2878664949329708,Banks—Regional,Financial Services,HBAN
2017Q3,2017,Q3,2017-10-30,2017-09-30,274568000.0,1088530000.0,0.0,0.23,1088530000.0,1.0,101988126000.0,10698849000.0,74322449000.0,1829549000.0,91289277000.0,0.0,201215000.0,15161090480.0,24947518480.0,9.851265793646263,40.62337166154063,0.10815235491237479,1.030975948908149,0.0,9.851265793646263,0.025663321353539992,13.928041009434743,13.804495134174413,1.4170767790067886,0.38720462690481044,0.0,0.007012292429772505,0.010673105220111605,2.2276801550546064,0.002692156535948116,29.411597889345853,1.0,0.0,0.2927672673403927,0.2434751682125559,0.45518104155536665,0.01757452815196358,0.010403288425375634,0.0,0.3316281460578856,0.14668469081383823,0.2799586529913534,Banks—Regional,Financial Services,HBAN
2017Q2,2017,Q2,2017-07-31,2017-06-30,271741000.0,1069730000.0,0.0,0.23,1069730000.0,1.0,101406779000.0,10654182000.0,74197416000.0,4552877000.0,90752597000.0,0.0,33557000.0,14722387680.0,26219111680.0,9.784047518031397,16.296819791090336,0.12907764282701456,1.2285643327662321,0.0,9.784047518031397,0.02550557142725739,13.762713656717116,13.544503479416061,1.3818412037639303,0.3901913954831991,0.0,0.007202024719403396,0.01054890028604498,0.9552430254540151,0.0026797123691306673,139.00585089508272,1.0,0.3529411764705882,0.40908195503442774,0.24013521059332726,0.49337185839015446,0.026180933542330576,0.305856968485396,0.0,0.24539046823828753,0.13651668633954106,0.2879849849560131,Banks—Regional,Financial Services,HBAN
2017Q1,2017,Q1,2017-04-28,2017-03-31,208094000.0,1042438000.0,0.0,0.17,1042438000.0,1.0,100045506000.0,10437147000.0,72779387000.0,1263430000.0,89608359000.0,0.0,-126244000.0,14546547860.0,23717249860.0,9.607323997076513,57.604605716185304,0.10537774680254004,1.010100748796582,0.0,9.607323997076513,0.01993782400496994,13.954353026271107,17.4759337847319,1.3937283684899715,0.5088085192268879,0.0,0.007278702893567491,0.010419638439331799,3.330989449356118,0.002079993478167825,42.75051830038852,1.0,-0.055555555555555455,0.08040735740272582,0.17871031698239037,0.4965368274744098,-0.025137517557920094,-0.12917899423760162,0.0,0.06555764471200477,0.16051853725187384,0.2905603673841539,Banks—Regional,Financial Services,HBAN
2016Q4,2016,Q4,2017-02-22,2016-12-31,238963000.0,1069318000.0,0.0,0.18,1069318000.0,1.0,99714097000.0,10308146000.0,72774633000.0,2444565000.0,89405951000.0,0.0,-226844000.0,14347044660.0,23657731660.0,9.498380561951913,29.769972571807255,0.10784557373066318,1.0432258138369401,0.0,9.498380561951913,0.023181957259821504,13.417004726377,15.009692567468605,1.3918162063284707,0.3537074777266774,0.0,0.005891317829075469,0.0107238397796452,1.7556497781813942,0.0023964816128255167,30.348315289817364,1.0,0.6363636363636362,0.499905525116536,0.3199695959137402,0.5149023800378137,0.15252450676596915,0.8815391641208151,0.0,0.15882023575337012,0.20835975656554542,0.2934648502713563,Banks—Regional,Financial Services,HBAN
2016Q3,2016,Q3,2016-11-08,2016-09-30,127004000.0,927805000.0,0.0,0.11,927805000.0,1.0,100765412000.0,10386765000.0,75515080000.0,2148118000.0,90378647000.0,0.0,-359380000.0,9254379080.0,18688016080.0,11.066491010869635,35.154065093258374,0.11062018979290235,1.073162721983216,0.0,11.066491010869635,0.012227483725683599,9.97448718211262,18.21670789896381,0.8909779974804474,0.5913672010330383,0.0,0.008115725469071664,0.009207574122755535,2.2921105823795527,0.0012603928022444845,26.04475630829154,1.0,-0.42105263157894735,-0.18474374540513977,0.2815032209773296,0.7702991374823229,0.19409698671674006,-0.27235017760971697,0.0,-0.3704550658840271,0.21545955865846148,0.5414694668047045,Banks—Regional,Financial Services,HBAN
2016Q2,2016,Q2,2016-07-29,2016-06-30,174540000.0,776993000.0,0.0,0.19,776993000.0,1.0,73954017000.0,7507304000.0,57126481000.0,1956745000.0,66446713000.0,0.0,-390838000.0,7135612980.0,16110101980.0,9.405680766055225,29.194647744085202,0.13368530069164464,1.3169261561807009,0.0,9.405680766055225,0.023249358225003278,9.183625824170875,10.220598401512547,0.9504894140426442,0.43408960696688437,0.0,0.010618008601694092,0.010506434018317084,1.870178791820089,0.0023601152051010293,81.86891749561147,1.0,-0.050000000000000044,0.29384798188109323,0.27479514915776126,0.5459778505449365,0.043037427527039346,0.018830918663973756,0.0,0.21164447700071515,0.20634753143044166,0.35751422895060836,Banks—Regional,Financial Services,HBAN
2016Q1,2016,Q1,2016-04-29,2016-03-31,171314000.0,744933000.0,0.0,0.2,744933000.0,1.0,72644967000.0,7157670000.0,55825132000.0,471375000.0,65487297000.0,0.0,-487717000.0,7591502699.999999,15115373700.0,8.994816243693096,118.43040466719702,0.11572428685940486,1.1745144718881984,0.0,8.994816243693096,0.02393432499682159,10.190853002887506,11.078345465052475,1.0606108831505223,0.37470959758105,0.0,0.008455901622744599,0.010254433731107621,7.3953476531424025,0.002358236324892267,42.2611808520706,1.0,-0.04761904761904753,0.4699406652263899,0.2521990835713696,0.5412529469677242,-0.031455184196087504,-0.03922965189642699,0.0,0.193021067442861,0.16411773118212442,0.2894816735210582,Banks—Regional,Financial Services,HBAN
2015Q4,2015,Q4,2016-02-17,2015-12-31,178309000.0,769126000.0,0.0,0.21,769126000.0,1.0,71044551000.0,6594606000.0,54720136000.0,14007000.0,64449945000.0,0.0,-594067000.0,8804810700.0,14987437700.0,8.283692272907128,3906.6278289426714,0.09967859463282412,1.0738505075208435,0.0,8.283692272907128,0.027038613072562636,11.447813102144512,12.344877011255743,1.3351534117428698,0.30798781889865345,0.0,0.006237158511539606,0.010825967497493228,244.28892696508888,0.002509819507480595,14.470648358150084,1.0,0.16666666666666666,0.3812813392197352,0.09698118399081945,0.2605875389166204,0.027454867521447445,0.16856502477259025,0.0,0.1343919709163574,0.13859843438131536,0.2120645978967566,Banks—Regional,Financial Services,HBAN
2015Q3,2015,Q3,2015-10-30,2015-09-30,152588000.0,748574000.0,0.0,0.18,748574000.0,1.0,70210178000.0,6582637000.0,54562836000.0,1453812000.0,63627541000.0,0.0,-708341000.0,8489359800.0,15212453800.0,8.219224281199626,37.53087469356423,0.111283822695906,1.186949394292895,0.0,8.219224281199626,0.0231803758888725,11.340708867793966,13.90895712637953,1.2896594176467577,0.36850866385298975,0.0,0.006623585443981301,0.010661901469613138,2.7596883228367903,0.0021733031356223026,29.394984816639717,1.0,-0.21739130434782614,0.353092338380608,-0.01432057126536593,0.05838436676114609,-0.0309207349516285,-0.22230716695717767,0.0,-0.02575821180786672,0.15959784387223358,0.21410381171598555,Banks—Regional,Financial Services,HBAN
2015Q2,2015,Q2,2015-08-04,2015-06-30,196206000.0,772459000.0,0.0,0.23,772459000.0,1.0,68845648000.0,6496258000.0,53870961000.0,1511444000.0,62349390000.0,0.0,-804884000.0,9125937210.0,15040587210.0,8.050973427637686,35.64204892804497,0.10699337160716389,1.1338878474346308,0.0,8.050973427637686,0.030202926053737398,11.814137980138751,11.628004762851289,1.404799072019615,0.28816651886282785,0.0,0.006195528053605796,0.011220157300284254,2.7966540606201753,0.002849940492970594,122.73798246203918,1.0,0.21052631578947373,2.5732448191773885,0.02064918155994356,0.060813538814580716,0.10460483792549206,0.18300432910873418,0.0,0.37303008934580417,0.208528751908912,0.22884697026697956,Banks—Regional,Financial Services,HBAN
2015Q1,2015,Q1,2015-05-05,2015-03-31,165854000.0,699308000.0,0.0,0.19,699308000.0,1.0,68002661000.0,6461954000.0,53337676000.0,2007236000.0,61540707000.0,0.0,-943525000.0,8948046900.0,15140212900.0,7.9799080735707815,26.572697978713016,0.1053792880252142,1.108963635457634,0.0,7.9799080735707815,0.025666230369327914,12.795573481212855,13.487837043423735,1.384727730961873,0.3418850314131706,0.0,0.006336913589489567,0.01028353875740245,1.917282770934758,0.0024389339705397704,-285.41503939268284,1.0,0.0,2.692087433212572,-0.035256142023455034,0.06452551438952335,-0.010221788176015172,0.013690759959416677,0.0,0.1552269562959685,0.06081276364570113,0.2430335768412764,Banks—Regional,Financial Services,HBAN
2014Q4,2014,Q4,2015-02-13,2014-12-31,163614000.0,706530000.0,0.0,0.19,706530000.0,1.0,66298010000.0,6328170000.0,52277625000.0,1339005000.0,59969840000.0,0.0,-1052324000.0,8541892840.0,12931735840.0,7.793629544057825,39.04214323322169,0.08559784826120724,0.8967785315501954,0.0,7.793629544057825,0.025854867995012777,12.089922352907873,13.051897820479908,1.349820380931612,0.327875365188798,0.0,0.006280223950924676,0.010656880953138714,2.835527873308912,0.0024678568783587924,36.7777627369681,1.0,0.05555555555555561,1.3899042654648304,0.05994054034719466,0.044801666777514015,-0.01002404425488031,0.05546524229756929,0.0,0.3726073541342871,0.16568249198137916,0.24301062359202533,Banks—Regional,Financial Services,HBAN
2014Q3,2014,Q3,2014-10-28,2014-09-30,155016000.0,713684000.0,0.0,0.18,713684000.0,1.0,64330629000.0,6284210000.0,50824793000.0,1530938000.0,58046419000.0,0.0,-1159168000.0,7944515810.0,13747281810.0,7.696550017942503,33.19846590782905,0.10501259050335106,1.075000039782248,0.0,7.696550017942503,0.024667539754400315,11.131699477639964,12.812412605795531,1.2642027892129641,0.30081410951127624,0.0,0.005869583636715048,0.011094000029130758,7.4069851293781985,0.0024096764233410496,33.52965227483751,1.0,-0.05263157894736847,1.6736806362703505,-0.1671088370108403,-0.20024099673542,0.0050259465016229765,-0.058334700125744904,0.0,0.14384991224772584,0.13314302750308576,0.23121193926515146,Banks—Regional,Financial Services,HBAN
2014Q2,2014,Q2,2014-07-30,2014-06-30,164619000.0,710115000.0,0.0,0.19,710115000.0,1.0,63797113000.0,6240791000.0,50424343000.0,1252409000.0,57556322000.0,0.0,-1264129000.0,7837548839.999999,14271222840.0,7.59639874091043,40.261881701584706,0.1210362136606401,1.2373048544647625,0.0,7.59639874091043,0.02637790626220298,11.037013497813733,11.902558088677491,1.255858246174243,0.3001050911498673,0.0,0.006303373798178463,0.01113083283251391,9.149449580767945,0.0025803518726623255,36.55061717110478,1.0,0.11764705882352934,1.7356199598184558,-0.35542795130817606,-0.3317496341997695,0.03516664212795795,0.10376618413200754,0.0,0.18557797565003356,0.1319151300369075,0.24859268451233923,Banks—Regional,Financial Services,HBAN
2014Q1,2014,Q1,2014-04-28,2014-03-31,149143000.0,685991000.0,0.0,0.17,685991000.0,1.0,61145753000.0,6176234000.0,48390630000.0,1398393000.0,54969519000.0,0.0,-1379832000.0,8271700230.000001,11782250230.0,7.444304226194135,34.604456687068655,0.07449487129547656,0.7375117264015579,0.0,7.444304226194135,0.024147886883819494,12.058030251125745,13.865384614095198,1.339278957047288,0.32928129379186416,0.0,0.005937110706924155,0.01121894761848791,7.470160391249098,0.0024391391500240417,56.90845078465233,1.0,-0.055555555555555455,1.027107807313964,-0.4738505993427452,-0.43268817597248826,0.01286622755534294,-0.05499832090379729,0.0,0.2274097566716455,0.10599797884845265,0.2755742325243074,Banks—Regional,Financial Services,HBAN
2013Q4,2013,Q4,2014-02-14,2013-12-31,157823000.0,677277000.0,0.0,0.18,677277000.0,1.0,59476344000.0,6099323000.0,47123233000.0,3538000.0,53377021000.0,0.0,-1470154000.0,8015193500.0,11218828500.0,7.343361947531273,13319.172696438665,0.07165554762411086,0.6987349251712034,0.0,7.343361947531273,0.02587549470654366,11.83443923239679,12.696491480962852,1.3141119924293239,0.31377555869550067,0.0,0.006178391076896645,0.011387334097065549,926.4937817976257,0.0026535423898953843,42.898013305288394,1.0,-0.10000000000000009,1.1666831951008318,-0.296481865108508,-0.6280594201300884,0.002845910669203604,-0.11577313753942864,0.0,0.17181046696040703,-0.07413810343036613,0.11749087965138985,Banks—Regional,Financial Services,HBAN
2013Q3,2013,Q3,2013-11-07,2013-09-30,178487000.0,675355000.0,0.0,0.2,675355000.0,1.0,56648251000.0,5961579000.0,46703870000.0,660932000.0,50686672000.0,0.0,-1578401000.0,6859087480.0,8698879480.0,7.1791827533303305,70.66365374955366,0.05314462400613216,0.5049920499250282,0.0,7.1791827533303305,0.02993955124976118,10.156269635969231,9.607264786791195,1.1505487858166437,0.27701737381433944,0.0,0.007208539057734834,0.011921903820119708,14.043623247172174,0.0031507945408588167,18.83159263438513,1.0,0.1764705882352941,0.048389291634891765,-0.46492542194449715,-0.5876200392066789,0.0026173113694936993,0.18477142534732593,0.0,0.5264986513333589,-0.14233862051448617,-0.0755411298817778,Banks—Regional,Financial Services,HBAN
2013Q2,2013,Q2,2013-07-29,2013-06-30,150651000.0,673592000.0,0.0,0.17,673592000.0,1.0,56113687000.0,5783515000.0,45859986000.0,630405000.0,50330172000.0,0.0,-1706673000.0,6702881899.999999,8515579899.999999,6.928605656919004,72.74686273110143,0.05138352430842764,0.498540939203927,0.0,6.928605656919004,0.02604834603178171,9.950952356916352,11.123195166311541,1.1589633466844989,0.27783419957384947,0.0,0.006244478214661667,0.012004058831493285,15.212433277020327,0.002684746058479458,38.97160307917718,1.0,0.0,-0.3478925992307789,-0.5281578697220961,-0.6023833889992531,-0.004120470919410567,-0.0074383976808538674,0.0,1.6521089227172836,-0.13966652001671417,-0.08707204761901773,Banks—Regional,Financial Services,HBAN
2013Q1,2013,Q1,2013-04-29,2013-03-31,151780000.0,676379000.0,0.0,0.17,676379000.0,1.0,56054966000.0,5867138000.0,45581396000.0,732705000.0,50187828000.0,0.0,-1807746000.0,6165284990.0,7526450990.0,6.9755285619002665,62.20975153711248,0.040338459932345694,0.3853959119420747,0.0,6.9755285619002665,0.025869512528936597,9.11513366027035,10.154969347081302,1.0508164270211473,0.27444986164185003,0.0,0.006756540868356517,0.012066352872286105,13.934616250742113,0.0027076994391540617,32.79982651210053,1.0,-0.1052631578947368,-0.4798974077715118,-0.5192261897257601,-0.5674852223482418,-0.05912505929337598,-0.09265359070773976,0.0,2.252949844568068,-0.10163994556155591,-0.0694594396282392,Banks—Regional,Financial Services,HBAN
2012Q4,2012,Q4,2013-02-15,2012-12-31,167279000.0,718883000.0,0.0,0.19,718883000.0,1.0,56153185000.0,5790211000.0,45558247000.0,13915000.0,50362974000.0,0.0,-1917933000.0,5413735800.0,6458757800.0,6.834365336040226,3274.0385914480776,0.04236178232810837,0.41082250715906554,0.0,6.834365336040226,0.028889966186033636,7.530760638379263,8.090877814908028,0.9349807459520905,0.25226717041589203,0.0,0.007794802250970578,0.012802176759875687,260.4696370822853,0.002978976170274224,19.288409643962904,1.0,0.0,1.3022029297221394,-0.438550741930618,-0.5792696442099713,0.03962798688611835,-0.002908796127963187,0.0,1.3820508120512833,0.033597116934234506,-0.08379577780861566,Banks—Regional,Financial Services,HBAN
2012Q3,2012,Q3,2012-10-31,2012-09-30,167767000.0,691481000.0,0.0,0.19,691481000.0,1.0,56443000000.0,5807604000.0,45811490000.0,1259771000.0,50635396000.0,0.0,-2043405000.0,5945046030.0,7842873030.0,6.769787065887528,36.364934579379906,0.04891772230391723,0.4754220501260072,0.0,6.769787065887528,0.02888747235520879,8.597555146128382,8.859081389665429,1.023665874946019,0.25193870069799185,0.0,0.007109616946060887,0.012250961146643516,0.6852324747910533,0.002972326063462254,68.71455685522088,1.0,0.11764705882352934,-0.48224214248437075,-0.5199026871383629,-0.6036543284541055,0.012366880711648322,0.09862742786792922,0.0,1.6939316297490803,-0.23193999355317482,-0.29654219832186346,Banks—Regional,Financial Services,HBAN
2012Q2,2012,Q2,2012-07-30,2012-06-30,152706000.0,683034000.0,0.0,0.17,683034000.0,1.0,56622959000.0,5649231000.0,46117439000.0,1205995000.0,50973728000.0,0.0,-2168768000.0,5518470400.0,7980964400.0,6.551648514776848,38.240157712096654,0.06657912384974442,0.6673310048748228,0.0,6.551648514776848,0.02703128974545385,8.07934949065493,9.034468848637252,0.9768533805751616,0.27843044805050227,0.0,0.00770467120744183,0.012062845391036523,2.753446738999747,0.0026968919091635603,21.441777985002137,1.0,0.0,-0.4808664648695608,-0.543509774840958,-0.4953239089716142,-0.029458655291673654,-0.00367978077901742,0.0,1.650163805540575,-0.40928466297168226,-0.42365564711398435,Banks—Regional,Financial Services,HBAN
2012Q1,2012,Q1,2012-04-30,2012-03-31,153270000.0,703766000.0,0.0,0.17,703766000.0,1.0,55876654000.0,5549828000.0,45092519000.0,1504086000.0,50326826000.0,0.0,-2279137000.0,5571696055.0,8422012055.0,6.419704360560278,29.980013775808033,0.07361668434906643,0.7411858529669748,0.0,6.419704360560278,0.02761707209664876,7.916972480909848,9.088040802179162,1.0039403122042703,0.2763163045605794,0.0,0.007601096610787754,0.012594991818944634,2.2965189490494557,0.0027430060504338716,22.473040782001227,1.0,0.21428571428571425,-0.5636728587480516,-0.5214148257318545,-0.5043546249911667,0.09102381052040846,0.2082012959371896,0.0,1.0267352227073063,-0.48197099488369904,-0.5107703715691958,Banks—Regional,Financial Services,HBAN
2011Q4,2011,Q4,2012-02-17,2011-12-31,126858000.0,645051000.0,0.0,0.14,645051000.0,1.0,54450652000.0,5418100000.0,44502189000.0,6782000.0,49032552000.0,0.0,-2389639000.0,4744106640.0,6641834640.0,6.269962135589768,6561.809053376585,0.0570174807089546,0.5730124951551282,0.0,6.269962135589768,0.023413742824975544,7.35462256472744,9.349246086175093,0.8756033738764512,0.33306531712623566,0.0,0.008906207892493748,0.011846524812962753,563.1477440283103,0.0023297792650857512,28.4519502701795,1.0,-0.12499999999999993,-0.6057139856418134,-0.5465457563440346,-0.5099682981618275,-0.032037767050169495,-0.11530012343870955,0.0,1.128778683862681,-0.355967739826271,-0.6824270178786913,Banks—Regional,Financial Services,HBAN
2011Q3,2011,Q3,2011-10-31,2011-09-30,143391000.0,666401000.0,0.0,0.16,666401000.0,1.0,54978707000.0,5400479000.0,44345147000.0,2224986000.0,49578228000.0,0.0,-2474205000.0,4146772800.0,7048996800.0,6.251198329457548,19.930528551640325,0.09454485715715359,0.9624986968748512,0.0,6.251198329457548,0.026551533669513388,6.222638921610262,7.229834508441952,0.7678527775036251,0.12205089580238648,0.0,0.004220390372002054,0.012121074437054331,2.033318861332161,0.0026081188122521687,25.017482428886005,1.0,0.0,-0.7494471894194888,-0.48096615003085963,-0.5252858189262534,0.010791977988308565,-0.017317945695527626,0.0,-0.19042857529726157,-0.4925010722979609,-0.6409244602643472,Banks—Regional,Financial Services,HBAN
2011Q2,2011,Q2,2011-08-08,2011-06-30,145918000.0,659286000.0,0.0,0.16,659286000.0,1.0,53050039000.0,5252643000.0,43006352000.0,2022946000.0,47797396000.0,0.0,-2574855000.0,5663628480.0,9937926480.0,6.083968643366946,21.259268413492006,0.10131713569522541,1.0232711417851927,0.0,6.083968643366946,0.02777991955668794,8.590548684485944,9.703443852026481,1.078243558528535,0.1119121698488192,0.0,0.0028833105945536884,0.012427625171020138,1.6045722426599622,0.002750572907213131,14.516392193851658,1.0,0.14285714285714277,-0.6339276342843695,-0.5658856556940615,-0.49962790127762924,0.021452032721864155,0.15399459057621434,0.0,-0.3893236751008573,-0.5534925046885407,-0.6508551484677668,Banks—Regional,Financial Services,HBAN
2011Q1,2011,Q1,2011-04-29,2011-03-31,126446000.0,645440000.0,0.0,0.14,645440000.0,1.0,52948509000.0,5038599000.0,42301331000.0,2051258000.0,47909910000.0,0.0,-2704350000.0,5732703760.0,9854642760.0,5.836041553976966,20.622140657099205,0.10313336679603197,1.0837849965833757,0.0,5.836041553976966,0.025095468006086613,8.8818538671294,11.334292425224996,1.1377574917154551,0.12907486199642534,0.0,0.0028469986734496818,0.012189956094892115,0.6526819151954557,0.0023880936855086893,7.8705496901317185,1.0,1.8,-0.6761475851990651,-0.5717516393917293,-0.5623679350001027,-0.0330660722204245,0.02885272579332791,0.0,-0.5778786420167061,-0.5530444602850292,-0.6381386453104658,Banks—Regional,Financial Services,HBAN
2010Q4,2010,Q4,2011-02-18,2010-12-31,122900000.0,667512000.0,0.0,0.05,667512000.0,1.0,53819642000.0,4980542000.0,42574504000.0,75055000.0,48839100000.0,0.0,-2814433000.0,5206937880.0,8112893880.0,6.571294747230593,567.2440743454799,0.0722576712791958,0.7808150197307843,0.0,6.571294747230593,0.024676029235372376,7.800515766008701,10.591818307567129,1.0454560728531153,0.32160292921074046,0.0,0.007590833789628387,0.012402758085979093,55.49555659183265,0.0022835529080628223,-109.52290353792436,1.0,-0.5,-0.6275982830728395,-0.4797336489496672,-0.4065255984117569,-0.018107681128295347,0.21748261446714084,0.0,1.2481873658394942,-0.41725049111899865,-0.5954645323942628,Banks—Regional,Financial Services,HBAN
2010Q3,2010,Q3,2010-10-29,2010-09-30,100946000.0,679822000.0,0.0,0.1,679822000.0,1.0,53246776000.0,5567403000.0,42207258000.0,1859134000.0,47679373000.0,0.0,-2846392000.0,4079223590.0000005,8144173590.0,7.765821698927761,22.702644349465935,0.10288728091255703,0.984016425611726,0.0,7.765821698927761,0.01813161360871487,6.000428921099935,10.10248942503913,0.7326977389637503,0.32065658867117075,0.0,0.00793508845147662,0.01276738332476693,0.7602819377193898,0.0018958143118373964,60.31053402723362,1.0,2.3333333333333335,-0.7019392777048606,-0.45836896700061175,-0.31946626971905884,0.011454748610001442,1.0700926913296693,0.0,-0.6272084863326844,-0.43519181529648376,-0.5453402320618367,Banks—Regional,Financial Services,HBAN
2010Q2,2010,Q2,2010-08-09,2010-06-30,48764000.0,672123000.0,0.0,0.03,672123000.0,1.0,51770838000.0,5438436000.0,41664324000.0,1093218000.0,46332402000.0,0.0,-2910115000.0,3969853200.0,8012769200.0,7.589433140751905,38.11163372721634,0.10542923798142885,1.0036267779927905,0.0,7.589433140751905,0.008966548470920684,5.90643855365759,20.352376753342632,0.7299622906291441,0.6620047576080715,0.0,0.008131786837860906,0.012982656375004013,1.2945670488411278,0.0009419202370261033,8.829194801035523,1.0,1.9999999999999996,-0.8515141767443066,-0.4528345888585034,-0.3300850906497192,0.048216953677913184,0.22716863376701815,0.0,-0.8005213747748066,-0.45947973893743366,-0.41538294645123913,Banks—Regional,Financial Services,HBAN
2010Q1,2010,Q1,2010-05-07,2010-03-31,39737000.0,641206000.0,0.0,0.01,641206000.0,1.0,51866798000.0,5369686000.0,41560178000.0,980839000.0,46497112000.0,0.0,-2922161000.0,3860964800.0,7319628800.0,7.4962111905293725,42.372069218291685,0.0989724871776353,0.955993702425058,0.0,7.4962111905293725,0.007400246494860221,6.021410903828099,24.29074162619221,0.7190299023071367,0.8134232579208295,0.0,0.008371741695236383,0.012362552243922981,1.7074382238063535,0.0007661355921759427,12.74666490590954,1.0,1.0178571428571428,-0.8667603200859489,-0.4853918339660026,-0.32897529511919343,0.09188467544321215,1.1074882265267645,0.0,-0.8634764521545424,-0.47375745680301184,-0.4212408861845037,Banks—Regional,Financial Services,HBAN
2009Q4,2009,Q4,2010-02-18,2009-12-31,-369687000.0,587247000.0,0.0,-0.56,587247000.0,1.0,51554665000.0,5336002000.0,41653707000.0,24956000.0,46218663000.0,0.0,-2922026000.0,2610976400.0,4597883400.0,7.459434447588266,1669.0858711331944,0.07424402815923642,0.7173209455318795,0.0,7.459434447588266,-0.0692816456965346,4.446129822715144,-1.7656669020008817,0.4893132348900919,-0.08346249665257366,0.0,0.011817418188843071,0.011390763571056083,212.90282897900303,-0.007170776883139479,23.487818788625713,1.0,-0.696969696969697,-2.3145534007313535,-0.5490291859971654,-0.31854900841739364,-0.051099502157961836,-1.2244840243095252,0.0,-2.3880327323301893,-0.5013081841635436,-0.41700455631888217,Banks—Regional,Financial Services,HBAN
2009Q3,2009,Q3,2009-11-09,2009-09-30,-166190000.0,618871000.0,0.0,-0.33,618871000.0,1.0,52512659000.0,5675106000.0,42645603000.0,852076000.0,46837553000.0,0.0,-2515707000.0,2777524680.0,6378508680.0,9.623586588616739,50.049060177730624,0.11199267209074291,1.0362860182699671,0.0,9.623586588616739,-0.02928403451847419,4.488051112428923,-4.178236777182742,0.4894225200375112,-0.18501714904627234,0.0,0.011070288671566366,0.011785177360757909,2.675875156676165,-0.003164760710365095,9.976561771519908,1.0,-0.2114887085814781,-1.692886372022884,-0.42147663260552637,-0.10116345645936858,0.004915205798871143,-0.32851033214756786,0.0,-1.4254164287437336,-0.29385781208214246,-0.26918763641211857,Banks—Regional,Financial Services,HBAN
2009Q2,2009,Q2,2009-08-10,2009-06-30,-125095000.0,615844000.0,0.0,-0.2723921384181898,615844000.0,1.0,51397252000.0,5220522000.0,44092405000.0,862056000.0,46176730000.0,0.0,-2313377000.0,1919648279.9999998,5413986280.0,11.367593838596308,51.14795906530434,0.11615453682231883,1.1435684017805117,0.0,11.367593838596308,-0.023962163170656116,3.117101538701359,-3.8363809105080136,0.3677119414495332,-0.24514968623845876,0.0,0.015975322312689492,0.011982041374507726,2.871838952457845,-0.0024338849866915066,3.9757029274404823,1.0,0.9598833374936392,-1.5674780564724988,-0.30186491654242875,0.09289706947890806,0.06804808127546146,0.9485884267142088,0.0,-1.5899885239569425,-0.23766381821363,-0.0650795360946997,Banks—Regional,Financial Services,HBAN
2009Q1,2009,Q1,2009-05-11,2009-03-31,-2433207000.0,576607000.0,0.0,-6.79,576607000.0,1.0,51702125000.0,4814736000.0,45401427000.0,1055247000.0,46887389000.0,0.0,-2128592000.0,609085540.0,4606528540.0,13.122067813332098,43.024454938038204,0.12867999139300368,1.381805565248022,0.0,13.122067813332098,-0.5053666493863838,1.0563269956833683,-0.06258053055083271,0.12650445216518622,-0.028776014535549174,0.0,0.11495593870115518,0.011152481643646175,2.516553944242438,-0.047062030815948085,0.5830656522047125,1.0,-4.658333333333333,-15.59215571238378,-0.20007294340264753,0.2722946268648341,0.35903431013229564,-4.8309876368655775,0.0,-15.66365792867274,-0.0997959501878225,-0.0160046700997362,Banks—Regional,Financial Services,HBAN
2008Q4,2008,Q4,2009-02-24,2008-12-31,-417289000.0,424277000.0,0.0,-1.2,424277000.0,1.0,54352859000.0,7227141000.0,45948537000.0,20030000.0,47125718000.0,0.0,365599000.0,2803973640.0,8595454640.0,19.74337392843679,2293.98587119321,0.12677778366727682,0.9534524094659285,0.0,19.74337392843679,-0.05773915300670071,6.608827817675716,-1.6798751225170085,0.38797826692463866,-0.14312143382643683,0.0,0.02129941563929966,0.007805973923101267,248.34623065401897,-0.0076774066291526635,11.230359262730397,1.0,-8.058823529411763,-3.801931298090952,-0.43569930129231554,0.9893232513614406,-0.23758789418734827,-6.559183619093295,0.0,-3.6180457456751474,-0.31530579438564316,0.7830865115965215,Banks—Regional,Financial Services,HBAN
2008Q3,2008,Q3,2008-11-10,2008-09-30,75063000.0,556493000.0,0.0,0.17,556493000.0,1.0,54660589000.0,6373906000.0,45137178000.0,1974368000.0,48286683000.0,0.0,855033000.0,2925330760.0,11544893760.0,17.40914553539238,22.861583048347622,0.17963763617695375,1.5405151880181478,0.0,17.40914553539238,0.011776609193797336,5.256725169948229,9.742918481808614,0.45895417346914125,0.7927474254959168,0.0,0.020341631385300173,0.010180881878166369,0.6075544174135723,0.001373256332821441,4.309028876803695,1.0,-0.31999999999999995,-0.484041832586529,-0.2951953723112219,0.776404587521356,-0.11145368962918492,-0.25938313994790435,0.0,-0.5660111237024823,-0.13182939727285412,0.5255965449013815,Banks—Regional,Financial Services,HBAN
2008Q2,2008,Q2,2008-08-11,2008-06-30,101352000.0,626296000.0,0.0,0.25,626296000.0,1.0,55333841000.0,6381265000.0,45463597000.0,2313190000.0,48952576000.0,0.0,840615000.0,2113008619.9999998,10498679620.0,17.425342566752047,19.654069488455338,0.17817929899353996,1.5450455356422277,0.0,17.425342566752047,0.01588274425211929,3.373817843320091,5.212054572184071,0.3311269191923545,0.8566579840555687,0.0,0.04109022517854187,0.011318498565823398,0.637074343222995,0.001831645845803475,7.886979705947123,1.0,-0.28571428571428564,-0.3502522341305357,-0.20165887145238245,0.7546546685053891,0.02239722091626182,-0.20237982812352442,0.0,-0.3961108610500026,-0.0023257948233838385,0.538124991617854,Banks—Regional,Financial Services,HBAN
2008Q1,2008,Q1,2008-05-09,2008-03-31,127068000.0,612576000.0,0.0,0.35,612576000.0,1.0,56051969000.0,5906579000.0,46490906000.0,3336738000.0,50145390000.0,0.0,798927000.0,3937026250.0,13300378250.0,16.127838682812946,13.933040592338985,0.19373083932163027,1.8384575911030734,0.0,16.127838682812946,0.021512960378588013,6.42700048647025,7.745904259923821,0.666549325760309,0.7617732237856896,0.0,0.02458632324333626,0.010928715100088634,0.44823507269674756,0.002266967642117978,-206.24580910472,1.0,1.535699807756603,-0.09638007656203647,-0.19411822138805995,0.6540780880782401,0.10674770367051375,1.5310431293881646,0.0,-0.16666057323493674,-0.03841804571454174,0.44368640603034637,Banks—Regional,Financial Services,HBAN
2007Q4,2007,Q4,2008-02-26,2007-12-31,-239280000.0,553492000.0,0.0,-0.6533509904842519,553492000.0,1.0,54697468000.0,5949140000.0,45119684000.0,137212000.0,48748328000.0,0.0,771689000.0,5405628600.0,10741062600.0,16.244050950892188,328.8319097455033,0.12966086474057628,1.192125416446747,0.0,16.244050950892188,-0.0402209394971374,9.76640782522602,-5.647806544633902,0.9086403412930272,-0.402001838849883,0.0,0.01779460024316136,0.010119152133330925,36.078768620820334,-0.004374608345673331,5.259631742102713,1.0,-2.719344711800663,-2.775486209003161,-0.3925692407919544,0.631257851701649,-0.09899773240415623,-2.7313787065310198,0.0,-2.6618839357247857,-0.16978760506757515,0.4839629874866432,Banks—Regional,Financial Services,HBAN
2007Q3,2007,Q3,2007-10-26,2007-09-30,138202000.0,614307000.0,0.0,0.38,614307000.0,1.0,55303927000.0,6249674000.0,45993926000.0,2227116000.0,49054253000.0,0.0,1108001000.0,6443410950.0,13789981950.0,17.080512168791593,20.65178733393321,0.15979684408306122,1.414056637194196,0.0,17.080512168791593,0.022113473438774567,10.488910186600512,11.655784558110591,1.0309995289354292,0.5033501685937974,0.0,0.010796145169042804,0.01110783688109526,0.6693957566646731,0.002498954549827899,-6.826580062317838,1.0,0.11764705882352934,-0.07644547852445523,0.1058782507787465,0.751460125882163,0.49983153638814015,0.7163472882850437,0.0,-0.07135012556665414,-0.07447792481459627,0.5953083996625688,Banks—Regional,Financial Services,HBAN
2007Q2,2007,Q2,2007-08-09,2007-06-30,80521000.0,409584000.0,0.0,0.34,409584000.0,1.0,36420686000.0,3064141000.0,30914848000.0,2860939000.0,33356545000.0,0.0,1066800000.0,5367367680.0,12046090680.0,12.98188804907809,10.80583962118731,0.2133055099511305,2.535370598154589,0.0,12.98188804907809,0.02627849044805706,13.104436892066097,16.664496466760223,1.7516712448937564,0.7757355224103029,0.0,0.01163754818451342,0.011245916674935777,0.38099728795336074,0.0022108589607565325,-7.5510900708631175,1.0,-0.15,0.020886294967357888,0.18682330923315607,0.20478477001290132,0.022089576075781322,-0.15883876898648225,0.0,-0.2892894259581504,-0.0965872249022391,0.24809767190737778,Banks—Regional,Financial Services,HBAN
2007Q1,2007,Q1,2007-05-04,2007-03-31,95726000.0,400732000.0,0.0,0.4,400732000.0,1.0,34979299000.0,3051360000.0,30173361000.0,1577732000.0,31927939000.0,0.0,1049021000.0,5147554100.0,10409713100.0,12.952212780046352,19.124516077508726,0.1781005102475038,2.0416571627077764,0.0,12.952212780046352,0.031371585129253844,12.84537820787958,13.443458673714561,1.6869704328561692,0.6428765434678144,0.0,0.01195519246703983,0.011456261602040682,0.6133310346750905,0.002736647180951225,29.466624496968933,1.0,0.07432480191529392,0.04256964516759602,-0.21631249295150906,0.1879400346254533,0.03329912484722215,0.09132987516388304,0.0,-0.10588983387351497,-0.13414489295783683,0.2558257555505251,Banks—Regional,Financial Services,HBAN
