Quarters,Year,Quarter,FillingDate,Date,NetIncome,Revenue,OperatingIncome,EPSDiluted,GrossProfit,GrossProfitRatio,TotalAssets,CommonStockEquity,CurrentAssets,CurrentLiability,TotalLiability,Inventory,RetainedEarnings,MarketCap,EnterpriseValue,bookValuePerShare,currentRatio,debtToAssets,debtToEquity,roic,shareholdersEquityPerShare,roe,priceToSalesRatio,peRatio,pbRatio,payoutRatio,inventoryTurnover,dividendYield,assetTurnover,quickRatio,returnOnAssets,priceToFreeCashFlowsRatio,grossProfitMargin,epsdilutedGrowth,fiveYNetIncomeGrowthPerShare,fiveYRevenueGrowthPerShare,fiveYShareholdersEquityGrowthPerShare,grossProfitGrowth,netIncomeGrowth,operatingIncomeGrowth,threeYNetIncomeGrowthPerShare,threeYRevenueGrowthPerShare,threeYShareholdersEquityGrowthPerShare,Industry,Sector,Symbol
2023Q1,2023,Q1,2023-05-09,2023-03-31,21425000.0,40345000.0,36490000.0,0.93,40345000.0,1.0,2058634000.0,313755000.0,2105464000.0,36873000.0,1744879000.0,0.0,70236000.0,171370127.37,280644127.37,14.042709116999124,57.100425785805335,0.10809692252241049,0.7092540357922583,0.04919246762469432,14.042709116999124,0.06828576437028892,4.247617483455199,1.9996514278879813,0.5461909049098819,0.08728121353558926,0.0,0.010912053510718004,0.019597946988148453,5.703007620752312,0.010407386645707785,5.883548850551035,1.0,0.6315789473684212,2.557249371168053,9.815002110485516,0.24505826871280575,-0.01566350306194647,0.6405053598774885,0.255807550676257,2.7151123676340685,0.9151877467482283,0.3700213506346726,Credit Services,Financial Services,MFIN
2022Q4,2022,Q4,2023-03-10,2022-12-31,13060000.0,40987000.0,29057000.0,0.57,40987000.0,1.0,2259879000.0,301736000.0,1947385000.0,36382000.0,1889355000.0,1851013000.0,66673000.0,159123982.07999998,286241982.08,13.53909707285274,53.526056841295144,0.10297719479671257,0.7712569928679376,0.03970853615544904,13.53909707285274,0.04328286979346183,3.8823037080049767,3.0460180336906584,0.5273616077630776,0.13606431852986217,0.0,0.01116739272592241,0.01813681174965562,4.6396020009895,0.005779070472357148,5.348525497630331,1.0,0.7812499999999998,3.1924493579911237,4.257703490814248,0.12830228320291648,0.0743361904013001,0.7103195390256679,0.4177604293730178,31.701530897006762,0.7048672902875429,0.2534207000538676,Credit Services,Financial Services,MFIN
2022Q3,2022,Q3,2022-11-03,2022-09-30,7636000.0,38151000.0,20495000.0,0.32,38151000.0,1.0,2199541000.0,291101000.0,1879042000.0,34808000.0,1839652000.0,0.0,55438000.0,162546520.5,292372520.5,12.571964098117991,53.98304987359228,0.10757153424282612,0.8128038034908847,0.0283010629969611,12.571964098117991,0.0262314454433341,4.260609695682944,5.321716883839706,0.5583853044132449,0.24489261393399686,0.0,0.011504398828395714,0.017344982430425256,4.652235118363595,0.00347163339987752,5.899412786266469,1.0,-0.40740740740740744,11.749083480373486,6.082529610224909,0.06089351173170174,-0.1178755578163657,-0.42586466165413533,-0.22326233608731905,0.6148772029716199,0.21495123330920596,0.16239256100832344,Credit Services,Financial Services,MFIN
2022Q2,2022,Q2,2022-08-08,2022-06-30,13300000.0,43249000.0,26386000.0,0.54,43249000.0,1.0,2112131000.0,294053000.0,1771157000.0,33076000.0,1749290000.0,1674107000.0,49732000.0,154579296.0,256704296.0,12.174587727453488,53.54810134236304,0.11246130093256526,0.8077897521875308,0.036752963994915566,12.174587727453488,0.045229941541150745,3.5741704085643597,2.9056258646616544,0.5256851519964089,0.14375939849624061,0.0,0.012369056202714236,0.02047647612766443,5.731769258676986,0.006296957906493489,5.771760734821895,1.0,0.20000000000000004,3.746457039578542,10.312840204443003,0.030221916221554818,0.2518887312936,0.17149652074341584,0.19680682178981268,2.788477471653125,0.7067750559480316,0.14917072762838943,Credit Services,Financial Services,MFIN
2022Q1,2022,Q1,2022-05-05,2022-03-31,11353000.0,34547000.0,22047000.0,0.45,34547000.0,1.0,1966625000.0,293253000.0,1714720000.0,8542000.0,1604584000.0,0.0,38403000.0,210546139.0,300300139.0,11.838975114143508,200.73987356590962,0.12055679145744613,0.8084827776697937,0.028699754061395633,11.838975114143508,0.03871401145086325,6.094484007294411,4.636354685986083,0.7179675536141148,0.17475557121465693,0.0,0.009423112717350756,0.01756664336108816,23.022243034418167,0.00577283417021547,8.540039709580595,1.0,-0.4444444444444445,8.856843285801386,23.430774915577686,-0.015546502369449535,-0.26861437493384144,-0.4398559305308861,-0.36162265462126475,8.065262241020243,0.30468851816004766,0.08644025096449373,Credit Services,Financial Services,MFIN
2021Q4,2021,Q4,2022-03-14,2021-12-31,20268000.0,47235000.0,34536000.0,0.81,47235000.0,1.0,1804269000.0,287040000.0,1548012000.0,9053000.0,1517229000.0,0.0,30606000.0,142958231.79999998,319555231.79999995,11.645583322051133,170.99436650833977,0.13195316219477252,0.8294279542920847,0.0469473253738419,11.645583322051133,0.07061036789297659,3.026531847147242,1.763349020623643,0.4980428922798216,0.0,0.0,0.0,0.026179577435515435,13.002098751794986,0.011233358218757846,8.534819808955223,1.0,0.26562500000000006,1.7840641160116186,-0.27078603927020023,-0.02743398415239981,0.21442344774392597,0.2715181932245922,0.0,1.1729994050189414,0.8541047841148611,0.0748484315486472,Credit Services,Financial Services,MFIN
2021Q3,2021,Q3,2021-11-08,2021-09-30,15940000.0,38895000.0,0.0,0.64,38895000.0,1.0,1805234000.0,267244000.0,1515332.0,34207000.0,1466622000.0,0.0,11136000.0,193137184.79999998,393707184.79999995,10.848211141576089,0.044298886192884496,0.12810416821309592,0.8653440301746719,0.0,10.848211141576089,0.05964586669859754,4.965604442730427,3.0291277415307403,0.7226997979374654,0.0,0.0,0.0,0.021545683274301283,1.196589148419914,0.008829880226053797,8.716756997788508,1.0,0.5609756097560977,2.0969153353441756,2.949493952186564,-0.0674607130080107,0.0,0.5525469952274277,0.0,4.338606876083016,0.1196840388342038,0.039494789985737744,Credit Services,Financial Services,MFIN
2021Q2,2021,Q2,2021-08-09,2021-06-30,10267000.0,33189000.0,0.0,0.41,0.0,0.0,1739747000.0,250718000.0,0.0,31414000.0,1416933000.0,0.0,-4804000.0,217918982.92,419405982.91999996,10.193519858779267,0.0,0.1338562446148779,0.9288363819111511,0.0,10.193519858779267,0.040950390478545616,6.566000268763746,5.306296457582546,0.8691796477317145,0.0,0.0,0.0,0.019076911757859045,1.3365378493665245,0.0059014327945385164,11.61676970627432,0.0,0.20588235294117632,1.2122945528065416,2.8618964554887163,-0.11118422098883587,0.0,0.21776776183133673,0.0,1.6905602261365753,0.1259502218076163,-0.041457257463107224,Credit Services,Financial Services,MFIN
2021Q1,2021,Q1,2021-05-05,2021-03-31,8431000.0,28749000.0,0.0,0.34,0.0,0.0,1688750000.0,239732000.0,0.0,96445000.0,1376736000.0,0.0,-15071000.0,172857363.75,370006363.75,9.777486844265262,0.0,0.15788364174685418,1.112183605025612,0.0,9.777486844265262,0.03516843808919961,6.012639178754044,5.125648314256909,0.7210441816278177,0.0,0.0,0.0,0.017023834196891192,0.8248328062626368,0.004992450037009623,8.20785202991453,0.0,0.30769230769230776,0.21392821122906983,1.5076577380026344,-0.1529952335488405,0.0,0.3036956857893923,0.0,1.558415430072385,6.022643444582195,-0.13310595973630882,Credit Services,Financial Services,MFIN
2020Q4,2020,Q4,2021-03-16,2020-12-31,6467000.0,31091000.0,0.0,0.26,0.0,0.0,1642411000.0,231408000.0,0.0,106909000.0,1337850000.0,0.0,-23502000.0,119861291.2,320158291.2,9.460094986862615,0.0,0.15347559167589597,1.089288183641015,0.0,9.460094986862615,0.027946311277051786,3.8551764562091924,4.633573960105149,0.5179652008573602,0.0,0.0,0.0,0.018930097277721592,0.5974052699024404,0.003937504071757921,5.414278218447918,0.0,1.268041237113402,-0.07504974419694756,1.9432540843362647,-0.17758753631934343,0.0,1.273677528565383,0.0,0.8913942493332104,3.251410396105778,-0.21162787181756051,Credit Services,Financial Services,MFIN
2020Q3,2020,Q3,2020-11-05,2020-09-30,-23630000.0,35307000.0,0.0,-0.97,0.0,0.0,1604275000.0,224467000.0,0.0,117215000.0,1307068000.0,0.0,-29969000.0,61153720.0,268611720.0,9.176342829185208,0.0,0.13716476289912888,0.9803222745436968,0.0,9.176342829185208,-0.10527159894327451,1.7320565326988981,-0.6469923825645366,0.2724396904667501,0.0,0.0,0.0,0.02200807218213835,0.21175617455103868,-0.014729394898006887,2.6399188430822362,0.0,-5.062499999999999,-4.209084533353429,2.059354605841396,-0.195072986328001,0.0,-4.941664571284888,0.0,-38.34517167509877,5.204417067704295,-0.2256482365897266,Credit Services,Financial Services,MFIN
2020Q2,2020,Q2,2020-08-07,2020-06-30,-3977000.0,27802000.0,0.0,-0.16,0.0,0.0,1651743000.0,247642000.0,0.0,86033000.0,1333446000.0,0.0,-6339000.0,64778394.05,273494394.05,10.130712710992254,0.0,0.13768364691117202,0.9183337236817665,0.0,10.130712710992254,-0.016059472948853588,2.3299904341414286,-4.07206399610259,0.2615808063656407,0.0,0.0,0.0,0.01683191634533944,0.3524461543826206,-0.002407759560658044,3.8992592578101486,0.0,0.7142857142857143,-1.4915016322394254,1.2476337410461025,-0.10654490351730464,0.0,0.7084951990031518,0.0,0.1885461817646645,6.185527726121428,-0.1427321815363398,Credit Services,Financial Services,MFIN
2020Q1,2020,Q1,2020-05-07,2020-03-31,-13643000.0,23007000.0,0.0,-0.56,0.0,0.0,1534395000.0,250118000.0,0.0,84330000.0,1213822000.0,0.0,-2362000.0,45387297.78,253601297.78,10.24999290010607,0.0,0.1460060805724732,0.8957012290199026,0.0,10.24999290010607,-0.05454625416803269,1.972760367714174,-0.8316957007256469,0.18146354032896472,0.0,0.0,0.0,0.014994183375206515,0.30213447171824975,-0.008891452331374906,2.7032339356759976,0.0,-28.554952602150543,-2.933780634035312,0.9468784604965378,-0.09217323142046271,0.0,-28.33978494623656,0.0,-13.0238643026525,15.515581455646483,-0.14767610676511345,Credit Services,Financial Services,MFIN
2019Q4,2019,Q4,2020-03-30,2019-12-31,-465000.0,26280000.0,0.0,-0.018947754968121726,0.0,0.0,1541667000.0,263148000.0,0.0,58855000.0,1207199000.0,0.0,11281000.0,177109413.6,384984413.6,10.801718108110771,0.0,0.14631888728240275,0.8572172313678994,0.0,10.801718108110771,-0.0017670664416982078,6.739323196347032,-95.22011483870966,0.6730410780245336,0.0,0.0,0.0,0.017046482800760477,1.3061931866451448,-0.00030162155640614996,22.9238174475796,0.0,-1.0947387748406086,-1.0574086421327689,0.8804486331795587,-0.038616060032900607,0.0,-1.0934673366834171,0.0,-1.0646242074616554,-0.5895215555528591,-0.09790830959733664,Credit Services,Financial Services,MFIN
2019Q3,2019,Q3,2019-11-01,2019-09-30,4975000.0,33038000.0,0.0,0.2,0.0,0.0,1519754000.0,263486000.0,77186000.0,1074643000.0,1226964000.0,0.0,11746000.0,155914752.0,358318752.0,10.815592356520568,0.07182478274180355,0.14747649948610103,0.8506258397030583,0.0,10.815592356520568,0.018881458597420735,4.719255160724015,7.834912160804021,0.5917382783145974,0.0,0.0,0.0,0.02173904460853533,0.07182478274180355,0.0032735561150028228,7.134706996751018,0.0,1.6451612903225807,-0.23962920066017326,2.1510371350878765,-0.030422841174512806,0.0,1.6633333333333333,0.0,-0.022590174626446805,2.3923763429712976,-0.07026470512811618,Credit Services,Financial Services,MFIN
2019Q2,2019,Q2,2019-08-08,2019-06-30,-7500000.0,25556000.0,0.0,-0.31,0.0,0.0,1481953000.0,258068000.0,87700000.0,1042895000.0,1196449000.0,0.0,6771000.0,165399511.2,357939511.2,10.594237596513526,0.0840928377257538,0.15363375221751296,0.8822403397554133,0.0,10.594237596513526,-0.029062107661546568,6.472042228830802,-5.5133170400000004,0.640914453554877,0.0,0.0,0.0,0.01724481140764923,0.0840928377257538,-0.005060889245475396,8.583710166588821,0.0,-7.199999999999999,-2.078953537049316,1.338961300048635,-0.04769595781237785,0.0,-7.107491856677524,0.0,-2.631764743178161,2.002591367297754,-0.07624395961080781,Credit Services,Financial Services,MFIN
2019Q1,2019,Q1,2019-05-10,2019-03-31,1228000.0,25964000.0,0.0,0.05,0.0,0.0,1428728000.0,264670000.0,105295000.0,1011345000.0,1136887000.0,0.0,14271000.0,170746488.89000002,351826488.89,10.897032859039776,0.10411382861436998,0.16419150461109464,0.8863301469754788,0.0,10.897032859039776,0.0046397400536517175,6.576278265675551,34.76109301506515,0.6451297422828428,0.0,0.0,0.0,0.018172808260214682,0.10411382861436998,0.0008595057981645211,10.61394224466961,0.0,-0.868421052631579,-0.8147364301839681,1.5166663513117575,-0.017779875321847202,0.0,-0.86611426079372,0.0,-0.8215097107760723,1.2862274230072837,-0.056011128545253426,Credit Services,Financial Services,MFIN
2018Q4,2018,Q4,2019-03-13,2018-12-31,9172000.0,25052000.0,0.0,0.38,0.0,0.0,1381846000.0,262608000.0,966920000.0,960428000.0,1091642000.0,0.0,13043000.0,113675474.29,303821474.29,10.834628381298483,1.0067594863956486,0.15485661933384762,0.814857125449339,0.0,10.834628381298483,0.03492658258697374,4.537580803528661,3.0984374806476236,0.43287133023365626,0.00010902747492368077,0.0,8.796972313032782e-06,0.01812937186922421,0.07973424348311378,0.006637497955633262,3.104869285753305,0.0,3.0000000000000004,0.40911498953174436,1.296171847648119,-0.017834351166192884,0.0,2.9527357888013626,0.0,0.323940603297936,1.393450263809891,-0.058092605570847854,Credit Services,Financial Services,MFIN
2018Q3,2018,Q3,2018-11-13,2018-09-30,-4697000.0,34174000.0,0.0,-0.19,0.0,0.0,1571407000.0,252920000.0,63440000.0,1160600000.0,1290992000.0,0.0,3871000.0,159225539.94,466646539.94,10.436041860031766,0.05466138204377046,0.20242941516742638,1.2577059939901944,0.0,10.436041860031766,-0.018571089672623754,4.659259669339264,-8.474853094528424,0.629549027123201,-0.00021290185224611454,0.0,6.2803994910416e-06,0.02174738944143688,0.05466138204377046,-0.002989041031381431,9.39882769258013,0.0,0.6833333333333333,-1.658353112980595,2.2366677604491345,0.004044045281192753,0.0,0.6793199972690653,0.0,-1.6438334063266602,1.9888238974141317,-0.08457517713544008,Credit Services,Financial Services,MFIN
2018Q2,2018,Q2,2018-08-14,2018-06-30,-14647000.0,29039000.0,0.0,-0.6,0.0,0.0,1534529000.0,257680000.0,62421000.0,1126600000.0,1249613000.0,0.0,8568000.0,132784866.2,452380866.2,10.634392611226655,0.05540653293094266,0.2150105993435119,1.2804253337472835,0.0,10.634392611226655,-0.056841819310773055,4.572639078480664,-2.266417460913498,0.5153091671841044,0.0,0.0,0.0,0.01892372187166225,0.05540653293094266,-0.009544948319647266,6.880044880829016,0.0,0.03225806451612906,-3.0926666573989,1.5279329016345045,0.030082973736329028,0.0,0.015261530186903322,0.0,-2.8261411220713115,1.3683584974793392,-0.062124003754543126,Credit Services,Financial Services,MFIN
2018Q1,2018,Q1,2018-05-15,2018-03-31,-14874000.0,4033000.0,0.0,-0.62,0.0,0.0,616710000.0,272437000.0,616494000.0,23600000.0,344273000.0,0.0,-103891000.0,112320187.35000001,389026187.35,11.27875656094158,26.12262711864407,0.0,0.0,0.0,11.27875656094158,-0.05459610845810224,27.850282010909996,-1.8878611562121825,0.4122794897535944,-0.004302810272959526,0.0,0.0005697996193735871,0.0065395404647241,0.48190677966101697,-0.024118305200175123,21.228536637686638,0.0,-5.428571428571428,-3.0383135648824737,-0.6574153874533063,0.09790626859357214,0.0,-5.446636771300448,0.0,-3.1298137235640553,-0.6552346699649756,-0.0010571497850606348,Credit Services,Financial Services,MFIN
2017Q4,2017,Q4,2018-03-14,2017-12-31,3345000.0,-13510000.0,0.0,0.14,0.0,0.0,635522000.0,287159000.0,635287000.0,20800000.0,348363000.0,0.0,-65592000.0,84475914.61999999,366408914.62,11.999529979164137,30.54264423076923,0.0,0.0,0.0,11.999529979164137,0.011648598859865092,-6.252843421169503,6.313596010463378,0.29417818915653,0.0017937219730941704,0.0,7.102616203671711e-05,-0.0212581153760216,0.6363942307692307,0.005263389780369523,-20.755752977886974,0.0,3.6666666666666674,-0.5410022411651381,-1.524065505872112,0.18838775597711155,0.0,4.403877221324717,0.0,-0.5795934429512224,-1.9841028733319261,0.06799263725091108,Credit Services,Financial Services,MFIN
2017Q3,2017,Q3,2017-11-09,2017-09-30,619000.0,5567000.0,0.0,0.03,0.0,0.0,665420000.0,283580000.0,665185000.0,41700000.0,381840000.0,0.0,-23545000.0,51928286.62,329785286.62,11.850354403239503,15.951678657074341,0.0,0.0,0.0,11.850354403239503,0.002182805557514634,9.327876166696605,20.972652108239096,0.18311688631074124,0.0,0.0,0.0,0.008366144690571368,0.4758033573141487,0.0009302395479546753,390.43824526315785,0.0,1.15,-0.9167210193683786,0.02155113420592498,0.1799044647641088,0.0,1.1290389826975193,0.0,-0.9036867652839917,-0.45946481495097463,0.06233968280442828,Credit Services,Financial Services,MFIN
2017Q2,2017,Q2,2017-08-09,2017-06-30,-4797000.0,3787000.0,0.0,-0.2,0.0,0.0,661352000.0,282739000.0,661108000.0,45500000.0,378613000.0,0.0,-26806000.0,57182105.13,335172105.13,11.817441985805393,14.529846153846155,0.0,0.0,0.0,11.817441985805393,-0.01696617728718005,15.099578856614736,-2.980097202939337,0.20224342991239272,-0.001459245361684386,0.0,0.00012241591987713517,0.0057261488587015685,0.5028791208791209,-0.007253323494901353,36.844139903350516,0.0,-5.0,-1.6557750704434044,-0.44284334392113955,0.08044559391516864,0.0,-5.317731773177318,0.0,-1.7026085120447676,-0.6471194915152305,0.06225650207276133,Credit Services,Financial Services,MFIN
2017Q1,2017,Q1,2017-05-10,2017-03-31,1111000.0,1364000.0,0.0,0.05,0.0,0.0,676669000.0,287335000.0,676422000.0,51100000.0,389334000.0,0.0,-29211000.0,47308025.16,326843025.15999997,12.025936362294773,13.237221135029355,0.0,0.0,0.0,12.025936362294773,0.0038665668992639256,34.6833029032258,10.645370198019801,0.16464414415229608,0.1188118811881188,0.0,0.002790224270693273,0.002015756595913216,0.5172798434442271,0.0016418662595744744,3.0117153781512602,0.0,-0.8307145954371546,-0.849790576239537,-0.7964016788806307,0.21855759591706156,0.0,-0.8425676633130226,0.0,-0.8296145332340701,-0.8656012466267465,0.08397550653853525,Credit Services,Financial Services,MFIN
2016Q4,2016,Q4,2017-03-14,2016-12-31,7057000.0,62791000.0,0.0,0.2953591901742364,0.0,0.0,689377000.0,286096000.0,689110000.0,54200000.0,403281000.0,0.0,-33993000.0,72156684.84,367267684.84000003,11.974080044223939,12.71420664206642,0.0,0.0,0.0,11.974080044223939,0.02466654549521839,1.1491564848465545,2.5562096088989654,0.25221144245288296,0.17032733456142837,0.0,0.01665819324523169,0.09108368860579914,0.4009409594095941,0.01023677900481159,57.04085758102767,0.0,0.4064723341630305,-0.0740016351834675,4.688787165166476,0.23279334351753833,0.0,0.39936545706920484,0.0,0.09983315982043771,4.838263441382107,0.08545763471895827,Credit Services,Financial Services,MFIN
2016Q3,2016,Q3,2016-11-10,2016-09-30,5043000.0,9649000.0,0.0,0.21,0.0,0.0,641091000.0,280783000.0,635618000.0,8100000.0,360308000.0,0.0,-21553000.0,101857325.53999999,396345325.53999996,11.632980286083408,78.47135802469136,0.0,0.0,0.0,11.632980286083408,0.01796048906094742,10.556257181055031,5.049441083680349,0.3627617253893576,0.2314098750743605,0.0,0.011457202452676925,0.015050905409684429,3.13641975308642,0.00786627795429978,1.2484657360331428,0.0,0.1052631578947368,-0.24796688136121953,0.444575700513785,0.20856319158968648,0.0,0.10398423817863398,0.0,-0.290267252448669,-0.08240263834870322,0.11920062623052748,Credit Services,Financial Services,MFIN
2016Q2,2016,Q2,2016-08-09,2016-06-30,4568000.0,8459000.0,0.0,0.19,0.0,0.0,730718000.0,277651000.0,725373000.0,6400000.0,453067000.0,0.0,-19979000.0,178666523.28,552736523.28,11.468653121932514,113.33953125,0.0,0.0,0.0,11.468653121932514,0.016452308833751723,21.121471010757773,9.778159111208407,0.6434931740926558,2.6501751313485116,0.0,0.06775751706450288,0.01157628524273386,6.330625,0.0062513856234552865,-25.64468541409502,0.0,-0.3214285714285715,-0.2563536217813678,0.1269808088270546,0.2035559824306587,0.0,-0.33294392523364486,0.0,-0.3467812148574115,-0.2629717953041432,0.11089224786745913,Credit Services,Financial Services,MFIN
2016Q1,2016,Q1,2016-05-10,2016-03-31,6848000.0,11304000.0,0.0,0.28,0.0,0.0,708138000.0,279073000.0,702880000.0,10400000.0,429065000.0,0.0,-17822000.0,223140363.42000002,578136363.4200001,11.54360309592078,67.58461538461539,0.0,0.0,0.0,11.54360309592078,0.024538382430403516,19.73994722399151,8.146187332797897,0.7995770404876145,0.013872663551401869,0.0,0.00042574099344451087,0.015962990264609442,3.041346153846154,0.009670431469572315,-15.611863389071575,0.0,-0.020382761215629465,0.1515919262904999,0.25092204170393323,0.22246123784176716,0.0,-0.008972503617945007,0.0,-0.06236156683120514,-0.040598903488302966,0.12368718419342747,Credit Services,Financial Services,MFIN
2015Q4,2015,Q4,2016-03-07,2015-12-31,6910000.0,10440000.0,0.0,0.285825921507321,0.0,0.0,689050000.0,278088000.0,683753000.0,6500000.0,410962000.0,0.0,-15617000.0,170195900.16,510823900.15999997,11.502859458773933,105.19276923076923,0.0,0.0,0.0,11.502859458773933,0.024848249474986334,16.30228928735632,6.1575940723589,0.6120217347026841,0.8808972503617944,0.0,0.03576466879800073,0.015151295261592047,4.91,0.010028299833103549,31.979688117249154,0.0,-0.04724692830892996,0.06543222614976373,0.2814013163447324,0.22970193069099817,0.0,-0.054978118161925604,0.0,-0.06141361000721539,-0.5991217562764435,0.1391993989155116,Credit Services,Financial Services,MFIN
2015Q3,2015,Q3,2015-11-09,2015-09-30,7312000.0,11460000.0,0.0,0.3,0.0,0.0,661297000.0,276917000.0,656009000.0,6500000.0,384380000.0,0.0,-14042000.0,184122005.16,492102005.15999997,11.40021725364095,100.92446153846154,0.0,0.0,0.0,11.40021725364095,0.02640502388802421,16.066492596858637,6.295199848194748,0.6648996094858749,0.8406728665207878,0.0,0.03338547174010149,0.017329581111059023,5.830461538461538,0.011057059082379021,485.81004,0.0,-0.09090909090909098,0.5166060857994189,0.16843161649617494,0.23994039577735435,0.0,-0.09572099925797675,0.0,-0.030855125101623106,1.0717210357041251,0.13508565053334345,Credit Services,Financial Services,MFIN
2015Q2,2015,Q2,2015-08-10,2015-06-30,8086000.0,12361000.0,0.0,0.33,0.0,0.0,644125000.0,276984000.0,638790000.0,6100000.0,367141000.0,0.0,-13984000.0,203973566.2,480942566.2,11.338804547508078,104.71967213114755,0.0,0.0,0.0,11.338804547508078,0.02919302197960893,16.50138064881482,6.306380354934454,0.736409201253502,0.7671283700222608,0.0,0.030410803299471854,0.019190374539103435,8.525245901639344,0.012553464001552495,33.681236162483486,0.0,0.13793103448275876,0.9152296002482291,0.3123406949380055,0.23988666239144762,0.0,0.144029428409734,0.0,0.08266412542782585,0.7811908261283018,0.036684709629690726,Credit Services,Financial Services,MFIN
2015Q1,2015,Q1,2015-05-07,2015-03-31,7068000.0,11839000.0,0.0,0.29,0.0,0.0,633450000.0,276017000.0,628080000.0,4100000.0,357433000.0,0.0,-10951000.0,226373839.94,488567839.94,11.290692514106054,153.19024390243902,0.0,0.0,0.0,11.290692514106054,0.025607118402127406,19.121027108708507,8.006997734153934,0.8201445560961824,0.8397000565930957,0.0,0.026217693712193343,0.01868971505249033,14.430243902439024,0.011157944589154629,289.4806137340153,0.0,-0.12777294414370086,45.6199492520484,0.30708064038701094,0.23637159510762143,0.0,-0.13041338582677164,0.0,-0.06602760598208889,0.7271466734611768,0.14405720367561337,Credit Services,Financial Services,MFIN
2014Q4,2014,Q4,2015-03-11,2014-12-31,8128000.0,14024000.0,0.0,0.3324822339010061,0.0,0.0,632287000.0,274670000.0,626932000.0,8800000.0,357617000.0,0.0,-19191000.0,244708654.19,513420654.19,11.23559241948688,71.24227272727273,0.0,0.0,0.0,11.23559241948688,0.02959187388502567,17.449276539503707,7.526717956139271,0.8909187541049258,0.7432332677165354,0.0,0.024686499216777045,0.02217980126113616,5.462613636363637,0.012854921894645944,46.655606137273594,0.0,0.2314156811148374,2.014701657879721,0.4414047131625918,0.2116764352456715,0.0,0.21422169106662683,0.0,0.04238505238742746,0.24179116895102193,0.15676223092404226,Credit Services,Financial Services,MFIN
2014Q3,2014,Q3,2014-11-05,2014-09-30,6694000.0,10727000.0,0.0,0.27,0.0,0.0,620212000.0,278031000.0,614795000.0,6400000.0,342181000.0,0.0,-12089000.0,290618888.78000003,535170888.78000003,11.154957868048593,96.06171875,0.0,0.0,0.0,11.154957868048593,0.024076451906442087,27.092280113731707,10.853708125933673,1.045275126802407,0.9021511801613386,0.0,0.020779791793132735,0.01729569889005695,9.24984375,0.010793083655266263,15.375847245119308,0.0,-0.03571428571428574,0.6339165936204888,0.08293798532017618,0.13974053847810897,0.0,-0.05784658691062632,0.0,-0.03330774958475073,0.555216337340146,0.15890091373964105,Credit Services,Financial Services,MFIN
2014Q2,2014,Q2,2014-08-07,2014-06-30,7105000.0,11168000.0,0.0,0.28,0.0,0.0,610838000.0,276990000.0,605394000.0,5300000.0,333848000.0,0.0,-14466000.0,310233042.28000003,574181042.28,11.124847871249777,114.22528301886793,0.0,0.0,0.0,11.124847871249777,0.025650745514278494,27.77874662249284,10.916011339901479,1.120015315643164,0.8498240675580577,0.0,0.019462788217608423,0.018283079965555515,6.11811320754717,0.011631561887112458,39.58568869210157,0.0,0.03703703703703707,1.5032680310888502,0.10367344247463264,0.13374603909527977,0.0,0.050103458468814664,0.0,0.12466005226491213,0.4467374246953093,0.16747599449738038,Credit Services,Financial Services,MFIN
2014Q1,2014,Q1,2014-05-07,2014-03-31,6766000.0,10531000.0,0.0,0.27,0.0,0.0,595023000.0,275055000.0,589554000.0,4000000.0,319968000.0,0.0,-14852000.0,327508766.48,576919766.48,11.094287914952304,147.3885,0.0,0.0,0.0,11.094287914952304,0.0245987166203123,31.09949354097427,12.101269822642626,1.1907028284524914,0.8533845699083653,0.0,0.017630062431787153,0.01769847552111431,8.60375,0.01137098902059248,-114.2738194277739,0.0,0.005402787623911222,1.536299427692098,0.09857134638375104,0.12162516733774295,0.0,0.01622108741363773,0.0,0.10948944898148175,0.13638117913291792,0.17487900656235672,Credit Services,Financial Services,MFIN
2013Q4,2013,Q4,2014-03-05,2013-12-31,6658000.0,11160000.0,0.0,0.26854908632001756,0.0,0.0,595053000.0,273495000.0,589538000.0,6600000.0,321558000.0,0.0,-14782000.0,355772202.8,585558202.8,11.031365629782698,89.3239393939394,0.0,0.0,0.0,11.031365629782698,0.024344137918426295,31.879229641577062,13.35882407629919,1.300836222965685,0.7616401321718234,0.0,0.014253502550480877,0.01875463194034817,8.042272727272728,0.011188919306347501,47.72262948356808,0.0,-0.07396866786200836,0.7631240766895578,0.16987464747956618,0.10699551685647839,0.0,0.040800375175863685,0.0,0.001031849594134223,0.3356884946538395,0.17929734443160797,Credit Services,Financial Services,MFIN
2013Q3,2013,Q3,2013-11-12,2013-09-30,6397000.0,9467000.0,0.0,0.29,0.0,0.0,570501000.0,225863000.0,564915000.0,6200000.0,344638000.0,0.0,-15934000.0,323344126.08000004,593709126.08,10.394008020941996,91.11532258064516,0.0,0.0,0.0,10.394008020941996,0.02832247867069861,34.15486702017535,12.636553309363764,1.4315940463024046,0.7569173049867125,0.0,0.014974757880098366,0.016594186513257645,5.79741935483871,0.01121295142339803,89.17377994484282,0.0,0.035714285714285546,0.25354491924082445,-0.056857640592234034,0.03954005757869554,0.0,0.023683789406305007,0.0,0.4831579634450114,0.07896039888672207,0.13050042226903344,Credit Services,Financial Services,MFIN
2013Q2,2013,Q2,2013-08-07,2013-06-30,6249000.0,10256000.0,0.0,0.28,0.0,0.0,571746000.0,223342000.0,566082000.0,5700000.0,348404000.0,0.0,-16600000.0,306548905.52,574788905.52,10.323821364266863,99.31263157894738,0.0,0.0,0.0,10.323821364266863,0.027979511242847293,29.889713876755067,12.26391844775164,1.3725537763609172,0.7818851016162586,0.0,0.015938729227272436,0.017938035421323453,7.440877192982456,0.010929678563557943,66.81536737576286,0.0,-0.06666666666666654,0.15544526557741156,-0.07641117431806145,0.03657702697260025,0.0,-0.03445611866501854,0.0,0.6713027461185412,0.22949989473009483,0.1288992909997281,Credit Services,Financial Services,MFIN
2013Q1,2013,Q1,2013-05-08,2013-03-31,6472000.0,10441000.0,0.0,0.3,0.0,0.0,544074000.0,220081000.0,538391000.0,4400000.0,323993000.0,0.0,-14424000.0,281288073.43,546526073.4300001,10.272968543471174,122.3615909090909,0.0,0.0,0.0,10.272968543471174,0.02940735456491019,26.940721523800402,10.865577620132882,1.2781115745112028,0.7326946847960445,0.0,0.016858162317998422,0.019190404246481177,5.1125,0.011895440693729161,-518.981685295203,0.0,-0.01486920600858369,0.5556706614252201,0.059850803700602986,0.03860618007760472,0.0,-0.00797057020232986,0.0,47.71272478363627,0.3154008436499697,0.12492714585164653,Credit Services,Financial Services,MFIN
2012Q4,2012,Q4,2013-03-13,2012-12-31,6524000.0,23078000.0,0.0,0.30452809091927946,0.0,0.0,543465000.0,216318000.0,537795000.0,4300000.0,327147000.0,0.0,-13189000.0,251509671.14000002,514404671.14,10.097318757123958,125.06860465116279,0.0,0.0,0.0,10.097318757123958,0.030159302508344196,10.898243831354538,9.637862934549357,1.162684895108128,0.6928264868179032,0.0,0.017971475925806422,0.042464556135169695,6.4725581395348835,0.012004452908650971,49.972118247566065,0.0,-0.017651319615227545,0.40890585732662105,1.3464064443477035,0.024406113121798027,0.0,-0.013159885040084708,0.0,1.9293884822090768,1.7067046084190152,0.08892194914008457,Credit Services,Financial Services,MFIN
2012Q3,2012,Q3,2012-11-07,2012-09-30,6611000.0,4847000.0,0.0,0.31,0.0,0.0,514722000.0,213767000.0,508994000.0,5700000.0,300955000.0,0.0,-9233000.0,254132667.42,534615667.41999996,10.043486364473308,89.29719298245614,0.5736999778521221,1.3813918893000323,0.0,10.043486364473308,0.030926195343528234,52.430919624510004,9.610220368325518,1.1888302096207553,0.6814400242020874,0.0,0.01772696145574499,0.00941673369313921,2.7673684210526317,0.012843826376179764,108.74311827984594,0.0,0.03333333333333337,0.5094721462484675,-0.5047405771606164,0.02123977675070555,0.0,0.1172891668075038,0.0,0.8896459970356257,-0.4269830802481771,0.02617765953470551,Credit Services,Financial Services,MFIN
2012Q2,2012,Q2,2012-08-06,2012-06-30,5917000.0,5498000.0,0.0,0.3,0.0,0.0,512213000.0,211675000.0,506686000.0,5900000.0,300538000.0,0.0,-6560000.0,205529189.22,473932189.22,10.937563216841848,85.87898305084745,0.575108402168629,1.3916522971536553,0.0,10.937563216841848,0.02795323018778788,37.38253714441615,8.683842708298123,0.9709658165584031,0.636978198411357,0.0,0.018338027869927682,0.010733815814905127,4.617457627118644,0.011551834881192003,74.84675499635834,0.0,0.0,0.25142972679837916,-0.43771156897169233,0.11449310198252322,0.0,0.08251006220270765,0.0,1.6820437461633644,-0.3009778464775999,0.1146596446047038,Credit Services,Financial Services,MFIN
2012Q1,2012,Q1,2012-05-08,2012-03-31,5466000.0,4951000.0,0.0,0.3,0.0,0.0,522647000.0,174259000.0,517051000.0,4900000.0,348388000.0,0.0,-6873000.0,197054597.52,516008597.52,9.868992982021748,105.52061224489796,0.6572696294056983,1.971318554565331,0.0,9.868992982021748,0.03136710299037639,39.80096900020198,9.012742294182218,1.1308144630693393,0.6566044639590194,0.0,0.018213226411201777,0.009472932973881033,5.235714285714286,0.01045830168354549,49263.64938,0.0,-0.05945195312499998,14.658924832707513,0.16900525825993898,0.010282390084942751,0.0,-0.02947443181818182,0.0,1.8769737012946688,-0.27481416038304274,-0.002251339628881202,Credit Services,Financial Services,MFIN
2011Q4,2011,Q4,2012-03-28,2011-12-31,5632000.0,8157000.0,0.0,0.31896297163846044,0.0,0.0,537031000.0,171504000.0,531496000.0,7700000.0,365527000.0,0.0,-6737000.0,200939186.36,529366186.36,9.712966173274596,69.02545454545455,0.6662166616079891,2.0861262711073794,0.0,9.712966173274596,0.03283888422427465,24.633956891013856,8.919530644531251,1.1716297366825263,0.5928622159090909,0.0,0.016616967852243075,0.015189067297791002,3.9574025974025973,0.010487290305401364,75.03330334578044,0.0,0.18134433940170525,-0.04897118501224746,2.111761685817312,-0.002100959607096954,0.0,0.16483971044467424,0.0,1.0941098797784263,0.20061380169069098,-0.02530562669733524,Credit Services,Financial Services,MFIN
2011Q3,2011,Q3,2011-11-03,2011-09-30,4835000.0,4816000.0,0.0,0.27,0.0,0.0,524366000.0,167512000.0,518767000.0,7000000.0,356854000.0,0.0,-7772000.0,161847965.10000002,492847965.1,9.625463001882375,74.10957142857143,0.6672572211012918,2.0887279717273985,0.0,9.625463001882375,0.028863603801518697,33.60630504568107,8.36856076008273,0.9661872886718565,0.6506721820062048,0.0,0.019437995393122184,0.009184424619445197,2.8567142857142858,0.00922065885278603,96.97301683642901,0.0,0.08000000000000007,2.433593560298153,-0.3633801598783498,0.002124701387986081,0.0,0.0948822463768116,0.0,0.18303550423706433,-0.4009140951586381,-0.03732474103944635,Credit Services,Financial Services,MFIN
2011Q2,2011,Q2,2011-08-04,2011-06-30,4416000.0,5396000.0,0.0,0.25,0.0,0.0,538797000.0,165845000.0,533319000.0,7500000.0,372952000.0,0.0,-9536000.0,169691808.0,512484808.0,9.52897354950688,71.1092,0.6782832866552709,2.2036057764780366,0.0,9.52897354950688,0.026627272453194246,31.44770348406227,9.606646739130435,1.0231952003376648,0.6727807971014492,0.0,0.017508211121187417,0.010014903572217366,3.1978666666666666,0.008196036726262396,56.37601594684386,0.0,0.041666666666666706,0.07590398675161844,-0.5182794907027789,-0.018151079860220614,0.0,0.03177570093457944,0.0,0.01494282065518668,-0.39598704011828917,-0.043230725956112034,Credit Services,Financial Services,MFIN
2011Q1,2011,Q1,2011-05-06,2011-03-31,4280000.0,6504000.0,0.0,0.24,0.0,0.0,536290000.0,164309000.0,530865000.0,6700000.0,371981000.0,0.0,-10670000.0,152948048.07,501940048.07,9.442919528721253,79.23358208955224,0.681176229278935,2.2232987846070515,0.0,9.442919528721253,0.026048481823880615,23.515997550738007,8.933881312499999,0.9308561799414516,0.6530373831775701,0.0,0.01827417894683303,0.0121277666933935,2.636268656716418,0.007980756680154395,83.39588226281352,0.0,-0.10538647814910021,1.3702265511655285,-0.1350740362796726,-0.02108261753953151,0.0,-0.0831191088260497,0.0,0.2666436505889902,-0.1871419726331578,-0.04531250738245622,Credit Services,Financial Services,MFIN
2010Q4,2010,Q4,2011-03-14,2010-12-31,4668000.0,5864000.0,0.0,0.2682722696874231,0.0,0.0,550312000.0,162765000.0,544824000.0,7000000.0,387547000.0,0.0,10093000.0,142681910.6,505910910.6,9.354185084762946,77.832,0.6914841035630697,2.3379227720947378,0.0,9.354185084762946,0.02867938438853562,24.33184014324693,7.641490499143102,0.8766129733050716,0.5591259640102828,0.0,0.018292437976366715,0.01065577345215078,2.677714285714286,0.008482460858567504,86.78948333333334,0.0,0.3413613484371156,6.663036092931981,-0.03223735414007263,-0.03217446696430019,0.0,0.3460207612456747,0.0,0.24116750930903477,-0.265941682380254,-0.050987235859699914,Credit Services,Financial Services,MFIN
2010Q3,2010,Q3,2010-11-04,2010-09-30,3468000.0,7055000.0,0.0,0.2,0.0,0.0,541605000.0,160644000.0,536128000.0,7300000.0,380961000.0,0.0,-15043000.0,136109879.15,488263879.15,9.194165536073067,73.44219178082191,0.6899474709428458,2.3261310724334554,0.0,9.194165536073067,0.021588107865839996,19.292683082919915,9.811842499279123,0.8472764569482831,0.7577854671280276,0.0,0.019307929860872264,0.013026098355812815,3.1695890410958905,0.006403190517074252,128.8919310132576,0.0,0.1764705882352941,-0.05273661830235144,-0.2708333168931953,-0.06590289004573022,0.0,0.14266886326194397,0.0,-0.03541387045968032,-0.12186614095237978,-0.06512069427589819,Credit Services,Financial Services,MFIN
2010Q2,2010,Q2,2010-08-05,2010-06-30,3035000.0,6771000.0,0.0,0.17,0.0,0.0,550778000.0,160590000.0,545458000.0,7800000.0,390188000.0,0.0,-16572000.0,115898323.19999999,477412323.2,9.14503308361928,69.93051282051282,0.6942978840839685,2.3812441621520644,,9.14503308361928,0.018899059717292485,17.11686947275144,9.546814102141681,0.7217032393050625,0.8688632619439868,0.0,0.022752701913119656,0.012293519348993606,2.884871794871795,0.005510387125121192,28.88791704885344,0.0,26.628534128440368,5.556251710085121,-0.28110749834818743,-0.06497382121657895,0.0,26.844036697247706,0.0,-0.29257668609395593,-0.236826992526502,-0.06815841087878548,Credit Services,Financial Services,MFIN
2010Q1,2010,Q1,2010-05-07,2010-03-31,109000.0,6512000.0,0.0,0.006153058979158969,0.0,0.0,528326000.0,160505000.0,522968000.0,6700000.0,367821000.0,0.0,-17914000.0,139903980.92,481209980.91999996,9.13211898330877,78.05492537313432,0.6835665857822633,2.25006074577116,0.0,9.13211898330877,0.0006791065698887885,21.48402655405405,320.8806901834862,0.8716487394162176,24.18348623853211,0.0,0.018841493877914166,0.01232572313306557,3.2138805970149256,0.00020631201190174248,-425.2400635866261,0.0,1.0187785045652793,-0.9524663198103847,-0.4069530633997435,-0.064255489771476,0.0,1.0189268970307346,0.0,1.2736394811745533,0.5446969993102054,-0.06515092169948711,Credit Services,Financial Services,MFIN
2009Q4,2009,Q4,2010-03-12,2009-12-31,-5759000.0,6995000.0,0.0,-0.3276650149520277,0.0,0.0,555174000.0,162977000.0,549803000.0,9700000.0,392197000.0,0.0,6619000.0,143594915.09,492715915.09000003,9.272766303496548,56.68072164948454,0.6890128140006556,2.3470919209459002,0.0,9.272766303496548,-0.03533627444363315,20.528222314510366,-6.233500394599757,0.8810747227522903,-0.5797881576662615,0.0,0.02325291252762842,0.012599653441983955,3.614639175257732,-0.01037332439919737,38.73615189910979,0.0,-3.0479063434501734,-2.565078655481767,-0.21418677496736674,-0.06785237819678439,0.0,-2.993423329871928,0.0,-1.9769750679272773,1.6808280464476333,-0.04732659097409056,Credit Services,Financial Services,MFIN
2009Q3,2009,Q3,2009-11-05,2009-09-30,2889000.0,6985000.0,0.0,0.16,0.0,0.0,579491000.0,172020000.0,574106000.0,8200000.0,407471000.0,0.0,0.0,146934331.72,516627331.72,9.787278324717452,70.0129268292683,0.6890184662056874,2.321125450529008,0.0,9.787278324717452,0.016794558772235787,21.035695307086613,12.714981976462441,0.854170048366469,1.156109380408446,0.0,0.022731243004288124,0.012053681592984188,3.830609756097561,0.004985409609467619,42.564986013904985,0.0,0.4545454545454546,-0.8518504618814471,-0.7193211435163733,0.020293170152599335,0.0,0.4423364952571143,0.0,1.0314551543056851,-0.08574490002828795,0.018971593017447403,Credit Services,Financial Services,MFIN
2009Q2,2009,Q2,2009-08-10,2009-06-30,2003000.0,7141000.0,0.0,0.11,0.0,0.0,605119000.0,172414000.0,599733000.0,8300000.0,432705000.0,0.0,0.0,134417453.85,539334453.85,9.812469007721797,72.25698795180723,0.7013397364815847,2.4614822462213044,0.0,9.812469007721797,0.011617386059136729,18.823337606777763,16.777016206939592,0.7796202967856439,1.6669995007488767,0.0,0.024840524086448466,0.01180098459972336,2.600602409638554,0.003310092725563071,28.40605533601014,0.0,0.0,7.309938949175209,0.011963909509944415,0.13082665666161586,0.0,0.06034939121228163,0.0,-0.5166213849478293,-0.3685423040705332,0.011059800836079842,Credit Services,Financial Services,MFIN
2009Q1,2009,Q1,2009-05-08,2009-03-31,1889000.0,6788000.0,0.0,0.11,0.0,0.0,640636000.0,173649000.0,635215000.0,6600000.0,466987000.0,0.0,0.0,130088470.59,566395470.59,9.891261571176567,96.24469696969697,0.7186780012362715,2.6513887209255453,0.0,9.891261571176567,0.010878265927244038,19.16447710518562,17.21657895579672,0.7491460969542006,1.7665431445209105,0.0,0.025651773634246398,0.010595720502750391,3.978787878787879,0.0029486322966551987,-61.507551106382984,0.0,-0.277809315632012,2.420951106815965,0.6967836214439238,0.13509521732724278,0.0,-0.293567688855647,0.0,0.03684183401281187,-0.10530564104860499,0.025395573586891252,Credit Services,Financial Services,MFIN
2008Q4,2008,Q4,2009-03-13,2008-12-31,2674000.0,6755000.0,0.0,0.15231434353970447,0.0,0.0,646685000.0,174946000.0,641266000.0,9000000.0,471739000.0,0.0,178482000.0,133950746.37,564525746.37,9.96514029352922,71.25177777777778,0.715417861864741,2.644530312210625,,9.96514029352922,0.015284716426783121,19.829866227979274,12.523443003926701,0.7656691000080025,1.2468212415856395,0.0,0.02488974559940707,0.010445580151078191,3.8026666666666666,0.004134934318872403,41.925116234741786,0.0,-0.3377637237404154,10.977017166550683,0.31966979731203654,0.11996647803891138,0.0,-0.3506556580864497,0.0,3.350767648762005,0.10492986100328419,0.031037672332400637,Credit Services,Financial Services,MFIN
2008Q3,2008,Q3,2008-11-06,2008-09-30,4118000.0,8100000.0,0.0,0.23,0.0,0.0,640545000.0,175329000.0,635113000.0,8400000.0,465216000.0,0.0,-963000.0,183594057.03,621973057.03,9.998660412521089,75.60869047619047,0.7131411532366969,2.605381882061724,,9.998660412521089,0.023487272499130206,22.665932966666666,11.14582667739194,1.047140273599918,0.8088878096163186,0.0,0.018143288807304373,0.012645481582090251,2.465357142857143,0.006428900389512056,54.28564666765228,0.0,-0.07999999999999996,2.8564920598693293,0.7288009591147,0.11590546941655988,0.0,-0.05917294950879598,0.0,0.12077453825554453,-0.16582903162800308,0.01583115488904029,Credit Services,Financial Services,MFIN
2008Q2,2008,Q2,2008-08-07,2008-06-30,4377000.0,8987000.0,0.0,0.25,0.0,0.0,635446000.0,174375000.0,629963000.0,7600000.0,461071000.0,0.0,-1299000.0,164928694.68,594309694.6800001,9.959531318592257,82.88986842105263,0.7137490833210061,2.600997849462366,,9.959531318592257,0.025101075268817205,18.351918847223768,9.420190466072652,0.9458276397419354,0.759652730180489,0.0,0.020160227463457907,0.01414282252150458,3.446315789473684,0.006888075461959002,28.406595707888393,0.0,0.13636363636363635,5.0395563459288635,0.8769122143791414,0.11556550915500162,0.0,0.28848984397998234,0.0,8.483341023370635,-0.04299594091500605,0.018303862451594065,Credit Services,Financial Services,MFIN
2008Q1,2008,Q1,2008-05-08,2008-03-31,3397000.0,8044000.0,0.0,0.22,0.0,0.0,703252000.0,173024000.0,697765000.0,4500000.0,530228000.0,0.0,3554000.0,158135626.16,653722626.16,9.891110548469467,155.0588888888889,0.7474632137555244,3.0380467449602366,,9.891110548469467,0.019633114481228037,19.658829706613624,11.6378882955549,0.9139519729054927,0.9785104503974095,0.0,0.021019931312864386,0.011438289546279285,7.181777777777778,0.0048304164083429555,34.191486737297296,0.0,0.01783480031737634,7.238257885957095,0.7931988518823244,0.11180980866078377,0.0,-0.1015604337476858,0.0,0.4884224138474048,-0.26395824959116027,0.013516404320901228,Credit Services,Financial Services,MFIN
2007Q4,2007,Q4,2008-03-13,2007-12-31,3781000.0,8031000.0,0.0,0.2161450953842418,0.0,0.0,721262000.0,172423000.0,715697000.0,6300000.0,548839000.0,0.0,2739000.0,175278647.57999998,685225647.5799999,9.856753711038646,113.60269841269842,0.7522218001225629,3.146616170696485,,9.856753711038646,0.0219286290112108,21.82525807246918,11.589437158159216,1.0165618715600586,0.8796614652208411,0.0,0.018975500130339377,0.011134650099409091,5.563650793650794,0.005242200476387221,68.49497756154747,0.0,0.08072547692120888,19.955083667939174,30.41047071552483,0.11089138176630008,0.0,0.049694614103275955,0.0,0.032408282350419274,-0.09352265773216073,-0.009146868396744934,Credit Services,Financial Services,MFIN
2007Q3,2007,Q3,2007-11-08,2007-09-30,3602000.0,8049000.0,0.0,0.2,0.0,0.0,715596000.0,172153000.0,709958000.0,5200000.0,543443000.0,0.0,3172000.0,192553097.0,701832097.0,9.83460162159843,136.5303846153846,0.7520444496615408,3.126056473021092,,9.83460162159843,0.020923248505689707,23.922611131817618,13.364318225985564,1.1184998054056567,0.9233545252637424,0.0,0.017272757757825104,0.011247966729830798,6.072115384615385,0.005033566425748607,258.3048565361279,0.0,-0.1666666666666666,1.4477523428790278,1.1667419297552253,0.11031862537747085,0.0,-0.15683520599250936,0.0,-0.8145376962641091,-0.6752535613363355,0.02522647591900713,Credit Services,Financial Services,MFIN
2007Q2,2007,Q2,2007-08-09,2007-06-30,4272000.0,8834495.0,0.0,0.24,0.0,0.0,679925122.0,171604363.0,-4968513878.0,5800000.0,508320759.0,0.0,4473690.0,206856836.55,690769069.55,9.813935319460922,-856.6403237931034,0.7390432883578613,2.928212833376503,,9.813935319460922,0.024894471943000658,23.414675830367216,12.10538603405899,1.205428771936294,0.0,0.0,0.0,0.012993335169045276,3.611870344827586,0.006283044796806317,78.86741087819591,0.0,11.7945664596462,2.4820777264673684,0.9454004532248367,0.049952837014383945,0.0,11.816038727089975,0.0,16.809725398368727,0.25804685331855276,0.13099564006429204,Credit Services,Financial Services,MFIN
2007Q1,2007,Q1,2007-05-10,2007-03-31,-394969.0,4180097.0,0.0,-0.022233407974021235,0.0,0.0,665889770.0,170240283.0,-4864425230.0,6700000.0,495649487.0,0.0,4948958.0,199369307.28,660032477.28,9.768548951142245,-726.0336164179105,0.7342738183228134,2.8720900563822487,,9.768548951142245,-0.002320067806748183,47.69489973079572,-126.19300962860375,1.1711053563039484,0.0,0.0,0.0,0.0062774609076814624,4.543322089552238,-0.0005931447182316677,-52.9632948984829,0.0,-1.0662917439289465,0.7065417297011748,-0.16551200290269166,0.026400186999953102,0.0,-1.0675747024255575,0.0,0.7007056547125943,0.05259017995922825,0.12101303912334699,Credit Services,Financial Services,MFIN
