Quarters,Year,Quarter,FillingDate,Date,NetIncome,Revenue,OperatingIncome,EPSDiluted,GrossProfit,GrossProfitRatio,TotalAssets,CommonStockEquity,CurrentAssets,CurrentLiability,TotalLiability,Inventory,RetainedEarnings,MarketCap,EnterpriseValue,bookValuePerShare,currentRatio,debtToAssets,debtToEquity,roic,shareholdersEquityPerShare,roe,priceToSalesRatio,peRatio,pbRatio,payoutRatio,inventoryTurnover,dividendYield,assetTurnover,quickRatio,returnOnAssets,priceToFreeCashFlowsRatio,grossProfitMargin,epsdilutedGrowth,fiveYNetIncomeGrowthPerShare,fiveYRevenueGrowthPerShare,fiveYShareholdersEquityGrowthPerShare,grossProfitGrowth,netIncomeGrowth,operatingIncomeGrowth,threeYNetIncomeGrowthPerShare,threeYRevenueGrowthPerShare,threeYShareholdersEquityGrowthPerShare,Industry,Sector,Symbol
2023Q1,2023,Q1,2023-05-03,2023-04-02,-4500000.0,837400000.0,-300000.0,-0.0999,287100000.0,0.3428469071,2832600000.0,1302700000.0,1567100000.0,607600000.0,1529900000.0,943100000.0,738400000.0,6057766042.48,7010566042.48,28.91942256790753,2.5791639236339696,0.3505966250088258,0.7623397558916097,-6.878209831254585e-05,28.91942256790753,-0.003454364013203347,7.234017246811559,-336.54255791555556,4.6501620038995926,0.0,0.5835012193828862,0.0,0.29562945703593874,0.9058591178406846,-0.0015886464732048295,-37.9321605665623,0.3428469070933843,-4.0201005025125625,0.7645267909749269,1.0057138210010979,4.76249089977166,-0.05122273628552545,-4.0,-1.0009006304413088,0.7615782619865639,0.6886333960262443,2.199623232922331,Industrial Distribution,Industrials,SITE
2022Q4,2022,Q4,2023-02-23,2023-01-01,-900000.0,890000000.0,333100000.0,-0.0199,302600000.0,0.34,2533900000.0,1302900000.0,1319300000.0,559800000.0,1231000000.0,767700000.0,742900000.0,5293466668.0,6003866668.0,28.876393786333747,2.356734548052876,0.29184261415209756,0.5675800138153351,0.022418982736508348,28.876393786333747,-0.000690766751093714,5.9477153573033705,-1470.4074077777777,4.0628341914191415,0.0,0.7651426338413443,0.0,0.35123722325269346,0.8851375491246873,-0.0003551837089072181,56.49377447171825,0.34,-1.0124375,-1.2064499256425656,0.9644554975210057,4.617869843769818,-0.2213072568193515,-1.0122783083219646,2.2721021611001966,-1.3311176673707168,0.5300868326061157,2.047736583144758,Industrial Distribution,Industrials,SITE
2022Q3,2022,Q3,2022-11-02,2022-10-02,73300000.0,1102600000.0,101800000.0,1.6,388600000.0,0.352439688,2632400000.0,1323300000.0,1476300000.0,607100000.0,1309100000.0,853500000.0,743800000.0,4898590562.14,5596790562.14,29.339788899853033,2.431724592324164,0.28905181583345996,0.5750018892163531,0.03156592352050782,29.339788899853033,0.05539182347162397,4.442763071050245,16.707334795839017,3.7017989587697424,0.0,0.836555360281195,0.0,0.4188573165172466,0.9314775160599572,0.027845312262574078,37.91478763266254,0.3524396880101578,-0.47882736156351785,2.82541983434833,0.9356649791249403,4.6739545947855925,-0.15723270440251572,-0.47903340440653874,-0.46449237243556024,0.9404434561793416,0.5470735410209777,2.150715884082153,Industrial Distribution,Industrials,SITE
2022Q2,2022,Q2,2022-08-03,2022-07-03,140700000.0,1216600000.0,190100000.0,3.07,461100000.0,0.3790070689,2594300000.0,1243600000.0,1498500000.0,613400000.0,1350700000.0,864900000.0,670500000.0,5412712540.2699995,6160212540.2699995,27.61430297433533,2.4429409846755785,0.30744324095131637,0.6413637825667418,0.06010381684192313,27.61430297433533,0.11313927307816019,4.449048611104717,9.61747075385572,4.352454599766806,0.0,0.8735113885998381,0.0,0.4689511621632039,0.9409846755787414,0.05423428285086536,66.9062118698393,0.3790070688804866,3.385714285714286,1.8091223643036416,0.7640654464847959,4.87178629870452,0.712852897473997,3.3560371517027865,3.6140776699029127,0.9846225441225083,0.47566279854723104,2.2744642903862844,Industrial Distribution,Industrials,SITE
2022Q1,2022,Q1,2022-05-04,2022-04-03,32300000.0,805300000.0,41200000.0,0.7,269200000.0,0.3342853595,2407400000.0,1099200000.0,1385900000.0,597500000.0,1308200000.0,853700000.0,529800000.0,7395528203.700001,8127428203.700001,24.46158421916262,2.3194979079497906,0.32275483924565923,0.7068777292576419,0.01612878203916207,24.46158421916262,0.02938500727802038,9.183569109276046,57.240930369195056,6.728100621997817,0.0,0.6279723556284409,0.0,0.3345102600315693,0.8070292887029289,0.013416964359890338,-57.642464565081845,0.3342853594933565,0.16666666666666663,3.7122177901637827,1.119455141388881,5.9274012279789225,-0.046742209631728045,0.17454545454545456,2.169230769230769,2.221794237218209,0.7592271020979593,2.6083896843667365,Industrial Distribution,Industrials,SITE
2021Q4,2021,Q4,2022-02-24,2022-01-02,27500000.0,805200000.0,13000000.0,0.6,282400000.0,0.3507203179,2116100000.0,1057700000.0,1128800000.0,512900000.0,1058400000.0,636600000.0,497500000.0,10606041628.199999,11159241628.199999,23.6201453644979,2.2008188730746734,0.28680119086999667,0.5737921906022502,0.005871025315861162,23.6201453644979,0.025999810910466107,13.171934461251862,96.41856025636363,10.027457339699348,0.0,0.8212378259503613,0.0,0.38051131799064314,0.8789237668161435,0.012995605122631256,250.73384463829785,0.35072031793343267,-0.6551724137931035,5.340017375237849,0.9668987534079592,5.28212212014145,-0.17063142437591777,-0.65625,-0.874274661508704,12.951896200092566,0.5484580563659748,2.1986497117609014,Industrial Distribution,Industrials,SITE
2021Q3,2021,Q3,2021-11-03,2021-10-03,80000000.0,936400000.0,103400000.0,1.74,340500000.0,0.3636266553,2151800000.0,1022700000.0,1255500000.0,540300000.0,1129100000.0,628900000.0,470000000.0,9152250830.0,9633050830.0,22.90731579523373,2.323709050527485,0.29686773863741983,0.624621101007138,0.04220195215659782,22.90731579523373,0.07822430820377432,9.77386889149936,28.60078384375,8.949106121052116,0.0,0.9475274288440133,0.0,0.4351705548842829,1.0690357208957986,0.037178176410447066,153.56125553691274,0.3636266552755233,-0.3555555555555556,3.758046764509887,0.8668723665713488,4.931299979414062,-0.12287480680061824,-0.3522267206477733,-0.3718104495747266,1.4370253918785831,0.47434559747099503,2.063184045601751,Industrial Distribution,Industrials,SITE
2021Q2,2021,Q2,2021-08-04,2021-07-04,123500000.0,1083900000.0,164600000.0,2.7,388200000.0,0.358151121,2077900000.0,936600000.0,1179700000.0,555900000.0,1141300000.0,614000000.0,390000000.0,7578500605.75,8106500605.75,21.04306515183259,2.1221442705522575,0.3059820010587613,0.6788383514840914,0.06727472196528061,21.04306515183259,0.13185991885543455,6.991881728711136,15.341094343623482,8.091501821215035,0.0,1.1330618892508144,0.0,0.5216324173444343,0.9411764705882353,0.05943500649694403,59.67323311614173,0.3581511209521174,15.875,1.8752688807531142,0.32219995586964534,3.27839112836988,0.9265508684863524,15.68918918918919,14.826923076923077,0.7742127029085083,0.42854896480202403,2.151553239228072,Industrial Distribution,Industrials,SITE
2021Q1,2021,Q1,2021-05-05,2021-04-04,7400000.0,650200000.0,10400000.0,0.16,201500000.0,0.3099046447,1906700000.0,805500000.0,1040600000.0,502100000.0,1101200000.0,621800000.0,266500000.0,7848810621.9,8465210621.9,18.14958748049342,2.072495518820952,0.3403262180731106,0.8055865921787709,0.008937135796619774,18.14958748049342,0.009186840471756674,12.071378994001845,265.16252101013515,9.744023118435754,0.0,0.7216146670955291,0.0,0.3410080243352389,0.7602071300537742,0.0038810510305763886,-142.4466537549909,0.3099046447247001,-0.36,1.4242719784744766,-0.3645048392517231,2.3718701161116833,-0.0935672514619883,-0.3565217391304348,1.6,1.3930218703039423,0.5806619006307757,2.6164910431861497,Industrial Distribution,Industrials,SITE
2020Q4,2020,Q4,2021-03-03,2021-01-03,11500000.0,675100000.0,4000000.0,0.25,222300000.0,0.3292845504,1695700000.0,795000000.0,851600000.0,368600000.0,900700000.0,458600000.0,259100000.0,6725571950.2,7238371950.2,17.94951431549403,2.310363537710255,0.33496491124609307,0.7144654088050314,0.0021058173203474598,17.94951431549403,0.014465408805031447,9.962334395200712,146.20808587391303,8.45983893106918,0.0,0.987352812908853,0.0,0.398124668278587,0.962561041779707,0.006781859998820546,181.77221487027026,0.3292845504369723,-0.7685185185185185,1.6270913996861278,-0.36081032751341735,3.8106757861708385,-0.11115553778488604,-0.7614107883817427,-0.9416909620991254,1.6873470961027384,0.5180077811791184,2.4920577662662264,Industrial Distribution,Industrials,SITE
2020Q3,2020,Q3,2020-10-28,2020-09-27,48200000.0,751900000.0,68600000.0,1.08,250100000.0,0.3326240192,1857200000.0,777200000.0,1115600000.0,406000000.0,1080000000.0,475100000.0,247600000.0,5217901976.2,5656101976.2,17.94236695649484,2.7477832512315272,0.38380357527460696,0.9171384457025219,0.030086295691038857,17.94236695649484,0.0620174987133299,6.939622258545019,27.063806930497922,6.713718445959855,0.0,1.0561986950115765,0.0,0.4048567736377342,1.4738916256157635,0.02595304759853543,89.65467313058419,0.33262401915148293,-0.4098360655737705,0.3908765094776014,-0.3885119920998325,0.0,-0.12583012932541068,-0.3906447534766119,-0.38913624220837045,1.6192107184374844,0.37442346084702716,2.469833262319179,Industrial Distribution,Industrials,SITE
2020Q2,2020,Q2,2020-07-29,2020-06-28,79100000.0,817700000.0,112300000.0,1.83,286100000.0,0.3498838205,1711100000.0,462300000.0,993400000.0,409600000.0,1248800000.0,465500000.0,199400000.0,4589849500.74,5306949500.74,11.020022114416863,2.42529296875,0.5148150312664368,1.9054726368159205,0.052556363934773274,11.020022114416863,0.17110101665585117,5.6131215613794785,14.50647756238938,9.928292236080468,0.0,1.141997851772288,0.0,0.47787972649173044,1.212158203125,0.04622757290631757,25.541733448747912,0.34988382047205574,5.357142857142858,-0.19379776989634254,-0.4253501447344081,0.6838902209101275,1.003501400560224,5.52,5.819742489270387,0.6953456016223306,0.2728173290160631,1.3432499789327466,Industrial Distribution,Industrials,SITE
2020Q1,2020,Q1,2020-04-29,2020-03-29,-17500000.0,459800000.0,-23300000.0,-0.42,142800000.0,0.310569813,1646500000.0,377500000.0,916200000.0,395400000.0,1269000000.0,545000000.0,120300000.0,3082354194.6,3976254194.6,9.038383729166256,2.3171471927162366,0.5562708776191922,2.426225165562914,-0.00840622854633579,9.038383729166256,-0.046357615894039736,6.703684633753806,-44.03363135142857,8.165176674437086,0.0,0.581651376146789,0.0,0.2792590343152141,0.860900354071826,-0.010628606134224112,-43.23077411781206,0.31056981296215747,-8.0,0.39076445260902465,-0.30526641883699085,0.0,-0.16,-8.0,-1.2403846153846154,-0.5809787984577781,0.3019714355777068,1.5596261461807486,Industrial Distribution,Industrials,SITE
2019Q4,2019,Q4,2020-02-26,2019-12-29,2500000.0,535000000.0,-10400000.0,0.06,170000000.0,0.3177570093,1443300000.0,393200000.0,765800000.0,310800000.0,1050100000.0,427100000.0,137800000.0,3745789007.1400003,4509489007.14,9.474701306547335,2.463963963963964,0.5422988983579298,1.99059003051882,0.005849966362693414,9.474701306547335,0.006358087487283825,7.001474779700935,374.578900714,9.526421686520855,0.0,0.854600796066495,0.0,0.3706783066583524,0.9954954954954955,0.001732141619898843,60.125024191653296,0.3177570093457944,-0.9259259259259258,0.0,0.0,0.0,-0.2100371747211896,-0.9277456647398844,-1.198095238095238,1.4257265543233897,0.4101456680518244,1.519934985203651,Industrial Distribution,Industrials,SITE
2019Q3,2019,Q3,2019-10-30,2019-09-29,34600000.0,652800000.0,52500000.0,0.81,215200000.0,0.3296568627,1527200000.0,384700000.0,875200000.0,359000000.0,1142500000.0,478500000.0,135300000.0,3057901730.62,3851401730.62,9.31210238539173,2.437883008356546,0.5394185437401781,2.14140889004419,0.028146976024633605,9.31210238539173,0.08994021315310631,4.684285739307598,22.09466568367052,7.948795764543799,0.0,0.9145245559038663,0.0,0.42744892613934,0.9947075208913649,0.022655840754321633,42.58916059359331,0.32965686274509803,-0.4671052631578947,0.046878417120123216,-0.44334435362757224,0.0,-0.16589147286821707,-0.4652241112828439,-0.4336569579288026,1.2238957609728356,0.406478109206922,1.4111455563147117,Industrial Distribution,Industrials,SITE
2019Q2,2019,Q2,2019-07-31,2019-06-30,64700000.0,752400000.0,92700000.0,1.52,258000000.0,0.3429027113,1530600000.0,346600000.0,893000000.0,357300000.0,1184000000.0,488000000.0,100700000.0,2872021110.52,3710121110.52,8.433227705493684,2.4993003078645395,0.5640271788840977,2.4907674552798613,0.049439877737551194,8.433227705493684,0.18667051356030007,3.8171466115364168,11.09745405919629,8.286269793768032,0.0,1.0131147540983607,0.0,0.4915719325754606,1.0344248530646516,0.04227100483470535,94.47437863552632,0.34290271132376393,3.5762711864406778,-0.32690170847971456,-0.46028462925063696,0.28862079554371295,0.9846153846153847,3.684647302904564,4.753036437246964,0.6312713515722544,-0.006044065522279871,0.7146098412172184,Industrial Distribution,Industrials,SITE
2019Q1,2019,Q1,2019-05-01,2019-03-31,-24100000.0,417300000.0,-24700000.0,-0.59,130000000.0,0.3115264798,1439300000.0,277700000.0,832200000.0,349300000.0,1161600000.0,503400000.0,36000000.0,2402142095.36,3232942095.36,6.779086062999753,2.382479244202691,0.591884944070034,3.067698955707598,-0.013089142808139732,6.779086062999753,-0.08678429960388909,5.756391314066619,-24.91848646639004,8.650133580698595,0.0,0.5707191100516488,0.0,0.2899326061279789,0.8734612081305468,-0.01674425067741263,-43.59604528784029,0.3115264797507788,-10.478599221789882,0.144567635407911,-0.35713592385323706,0.0,-0.12575655682582382,-10.476190476190476,-42.166666666666664,-0.49700663803615563,-0.55811656501084,0.2594334573689518,Industrial Distribution,Industrials,SITE
2018Q4,2018,Q4,2019-02-27,2018-12-30,-2100000.0,474600000.0,600000.0,-0.0514,148700000.0,0.313316477,1168500000.0,301800000.0,765400000.0,282400000.0,866700000.0,411700000.0,60100000.0,2258878212.33,2814478212.33,7.384411390109572,2.710339943342776,0.4902866923406076,1.8982770046388338,0.0001839851176482613,7.384411390109572,-0.006958250497017893,4.759541113211125,-268.9140728964286,7.48468592554672,0.0,0.7915958222006315,0.0,0.4061617458279846,1.1069405099150142,-0.001797175866495507,69.2907427095092,0.3133164770332912,-1.0734285714285714,0.0,0.0,0.0,-0.22146596858638742,-1.0702341137123745,-0.9781021897810219,0.8759024024365188,-0.5130319700083997,2.156309074691187,Industrial Distribution,Industrials,SITE
2018Q3,2018,Q3,2018-10-31,2018-09-30,29900000.0,578500000.0,27400000.0,0.7,191000000.0,0.3301642178,1210700000.0,304100000.0,813100000.0,299400000.0,906600000.0,426500000.0,62200000.0,2975420586.96,3541420586.96,7.478269491552433,2.7157648630594524,0.4868258032543157,1.9381782308451168,0.02791249773006108,7.478269491552433,0.09832292009207498,5.143337228971478,24.878098553177256,9.784349184347255,0.0,0.9085580304806565,0.0,0.47782274717105805,1.139946559786239,0.024696456595358057,45.77570133784616,0.33016421780466726,-0.5270270270270271,-0.08092601929110417,-0.4988485726730555,0.0,-0.1692040017398869,-0.526148969889065,-0.6806526806526807,-0.08092601929110417,-0.4988485726730555,0.0,Industrial Distribution,Industrials,SITE
2018Q2,2018,Q2,2018-08-01,2018-07-01,63100000.0,687800000.0,85800000.0,1.48,229900000.0,0.3342541436,1181000000.0,269400000.0,822700000.0,306100000.0,911600000.0,447500000.0,32300000.0,3417406569.5,3988106569.5,6.677045746809846,2.687683763475988,0.4977138018628281,2.1818856718634003,0.0798124003631227,6.677045746809846,0.2342242019302153,4.9686050734225065,13.53964567947702,12.685250814773571,0.0,1.0232402234636873,0.0,0.5823878069432684,1.124469127736034,0.053429297205757835,644.7936923584906,0.3342541436464088,4.523809523809524,-0.3313096456732994,-0.4974264096964539,0.02027127721581863,1.1188940092165898,4.711764705882353,5.165048543689321,-0.3313096456732994,-0.4974264096964539,0.02027127721581863,Industrial Distribution,Industrials,SITE
2018Q1,2018,Q1,2018-05-02,2018-04-01,-17000000.0,371400000.0,-20600000.0,-0.42,108500000.0,0.2921378568,1118600000.0,201100000.0,771300000.0,310900000.0,917500000.0,464300000.0,-30800000.0,2951647022.7799997,3510147022.7799997,5.018562817869867,2.480862013509167,0.5276238154836402,2.934858279462954,-0.0159878306221284,5.018562817869867,-0.08453505718547986,7.947353319278405,-43.40657386441176,14.677508815415216,0.0,0.5662287314236485,0.0,0.3320221705703558,0.8961080733354776,-0.015197568389057751,-66.03237187427293,0.2921378567582122,-5.347826086956521,0.38313577722951525,-0.41509585554572276,0.0,-0.177407126611069,-5.25,-16.166666666666668,0.38313577722951525,-0.41509585554572276,0.0,Industrial Distribution,Industrials,SITE
2017Q4,2017,Q4,2018-02-28,2017-12-31,4000000.0,415700000.0,-1200000.0,0.0966,131900000.0,0.317296127,910700000.0,212800000.0,601900000.0,205800000.0,697900000.0,338300000.0,-15100000.0,3175380000.0,3633980000.0,5.140096618357488,2.924684159378037,0.5219062259800153,2.2335526315789473,0.0009269057568571716,5.140096618357488,0.018796992481203006,7.63863363002165,198.46125,14.921898496240603,0.0,0.8389003842743128,0.0,0.4564620621499945,1.162779397473275,0.004392225760404085,126.00714285714285,0.317296127014674,-0.7643902439024389,0.0,0.0,0.0,-0.1771678103555833,-0.7633136094674556,-1.0355029585798816,0.0,0.0,0.0,Industrial Distribution,Industrials,SITE
2017Q3,2017,Q3,2017-11-08,2017-10-01,16900000.0,502400000.0,33800000.0,0.41,160300000.0,0.3190684713,985000000.0,205700000.0,681800000.0,253100000.0,779300000.0,374600000.0,-19200000.0,2345022275.4,2813222275.4,5.17095940930097,2.6937969182141446,0.4997969543147208,2.3932912007778318,0.029117018586936133,5.17095940930097,0.08215848322800194,4.6676398793789815,34.68967863017752,11.400205519688868,0.0,0.913240790176188,0.0,0.5100507614213198,1.0829711576451995,0.01715736040609137,187.60178203200002,0.3190684713375796,-0.6168224299065421,-0.46897112947546954,-0.5550948995564142,0.0,-0.20800395256916995,-0.6176470588235294,-0.5616083009079118,-0.46897112947546954,-0.5550948995564142,0.0,Industrial Distribution,Industrials,SITE
2017Q2,2017,Q2,2017-08-09,2017-07-02,44200000.0,608600000.0,77100000.0,1.07,202400000.0,0.3325665462,991600000.0,186900000.0,693100000.0,284400000.0,804700000.0,392600000.0,-36000000.0,2070140464.9,2540840464.9,4.702879425368021,2.4370604781997187,0.495058491327148,2.626538255751739,0.07008535934525958,4.702879425368021,0.23649010165864098,3.4014795676963523,11.708939281108599,11.076192963616908,0.0,1.0346408558329088,0.0,0.6137555465913674,0.969760900140647,0.0445744251714401,102.99206293034827,0.33256654617154124,4.962962962962963,-0.5244614258401492,-0.548521345392258,-0.2813868618161388,1.0059464816650148,5.20952380952381,7.4789915966386555,-0.5244614258401492,-0.548521345392258,-0.2813868618161388,Industrial Distribution,Industrials,SITE
2017Q1,2017,Q1,2017-05-10,2017-04-02,-10500000.0,335000000.0,-11900000.0,-0.27,100900000.0,0.3011940299,935000000.0,139900000.0,633500000.0,264300000.0,795100000.0,389300000.0,-80200000.0,1916767074.8600001,2402167074.86,3.5311343192256985,2.3968974650018917,0.5361497326203208,3.583273766976412,-0.010583036819143141,3.5311343192256985,-0.07505360972122944,5.721692760776119,-45.63731130619048,13.700979806004291,0.0,0.6013357307988698,0.0,0.3582887700534759,0.8505486189935679,-0.011229946524064172,-33.33507956278261,0.3011940298507463,-0.9285714285714285,0.6146466050112274,-0.4663987533223077,0.0,-0.09749552772808587,-0.875,-2.966666666666667,0.6146466050112274,-0.4663987533223077,0.0,Industrial Distribution,Industrials,SITE
2016Q4,2016,Q4,2017-03-15,2017-01-01,-5600000.0,361800000.0,-3000000.0,-0.14,111800000.0,0.309010503,742600000.0,148800000.0,490000000.0,185500000.0,593800000.0,289600000.0,-69700000.0,1374458156.8999999,1744658156.8999999,3.7598991093738983,2.641509433962264,0.5204686237543765,2.59744623655914,-0.003170343699224964,3.7598991093738983,-0.03763440860215054,3.7989446017136537,-61.35973914732143,9.236949979166667,0.0,0.8632596685082873,0.0,0.4872071101535147,1.0075471698113208,-0.007541071909507137,22.49522351718494,0.30901050304035377,-1.3888888888888888,0.0,0.0,0.0,-0.19219653179190752,-1.3758389261744965,-1.0940438871473355,0.0,0.0,0.0,Industrial Distribution,Industrials,SITE
2016Q3,2016,Q3,2016-11-07,2016-10-02,14900000.0,444500000.0,31900000.0,0.36,138400000.0,0.3113610799,840000000.0,152800000.0,590900000.0,207900000.0,687200000.0,310400000.0,-64200000.0,1431421721.1,1850621721.1,3.8621071054808938,2.8422318422318424,0.5298809523809523,2.912958115183246,0.030512402423993428,3.8621071054808938,0.0975130890052356,3.2202963354330705,24.01714297147651,9.36794320091623,0.0,0.9861469072164949,0.0,0.5291666666666667,1.2236652236652237,0.017738095238095237,-298.2128585625,0.3113610798650169,1.1132075471698113,-0.529259223614793,-0.6042201846381299,0.0,-0.17863501483679525,-0.44609665427509293,-0.38058252427184464,-0.529259223614793,-0.6042201846381299,0.0,Industrial Distribution,Industrials,SITE
2016Q2,2016,Q2,2016-08-17,2016-07-03,26900000.0,513400000.0,51500000.0,-3.18,168500000.0,0.3282041293,833300000.0,137100000.0,591800000.0,249900000.0,696200000.0,323300000.0,-79100000.0,980350350.23,1377650350.23,4.9184528764321405,2.3681472589035613,0.49957998319932795,3.036469730123997,0.054642448625409214,4.9184528764321405,0.1962071480671043,1.9095254192247761,9.111062734479555,7.150622539970825,6.784386617100372,1.0668110114444789,0.1861579382892898,0.6161046441857674,0.9883953581432573,0.032281291251650066,-3267.8345007666667,0.32820412933385273,-7.153846153846153,-0.5873780956972371,-0.457002718100416,-0.2484466351663371,0.7371134020618557,5.803571428571429,9.046875,-0.5873780956972371,-0.457002718100416,-0.2484466351663371,Industrial Distribution,Industrials,SITE
2016Q1,2016,Q1,2016-06-22,2016-04-03,-5600000.0,328500000.0,-6400000.0,-0.39,97000000.0,0.295281583,794800000.0,76700000.0,558300000.0,248800000.0,718100000.0,324100000.0,-36200000.0,380034004.98,579134004.98,5.382647271545221,2.2439710610932475,0.276295923502768,2.863102998696219,-0.012996808819263128,5.382647271545221,-0.07301173402868318,1.1568767274885845,-16.96580379375,4.954811016688397,-1.1607142857142858,0.7142857142857143,0.017103732599776367,0.4133115249119275,0.8822347266881029,-0.007045797684952189,46.917778392592595,0.2952815829528158,0.04878048780487796,0.42857142857142855,0.4548272807794508,0.0,-0.07265774378585087,0.05084745762711865,-0.30612244897959184,0.42857142857142855,0.4548272807794508,0.0,Industrial Distribution,Industrials,SITE
2015Q4,2015,Q4,2015-12-31,2015-12-31,-5900000.0,339800000.0,-4900000.0,-0.41,104600000.0,0.3078281342,671100000.0,-91000000.0,444600000.0,147000000.0,762100000.0,265900000.0,-89900000.0,380034004.98,727534004.98,-6.3861916781045,3.024489795918367,0.5513336313515125,-4.065934065934066,-0.01158782456731039,-6.3861916781045,0.06483516483516484,1.1184049587404357,-16.10313580423729,-4.1761978569230775,0.0,0.884543061301241,0.0,0.5063328863060647,1.1333333333333333,-0.008791536283713307,17.041883631390135,0.3078281341965862,-1.5125,0.0,0.0,0.0,-0.11655405405405406,-1.5175438596491229,-1.2279069767441861,0.0,0.0,0.0,Industrial Distribution,Industrials,SITE
2015Q3,2015,Q3,2015-09-30,2015-09-30,11400000.0,404500000.0,21500000.0,0.8,118400000.0,0.2927070457,,,,,,,,380034004.98,,,0.0,0.0,0.0,0.0,,0.0,0.939515463485785,8.334079056578949,0.0,0.0,0.0,0.0,0.0,0.0,0.0,13.195625172916667,0.2927070457354759,0.35593220338983067,0.0,0.0,0.0,-0.19728813559322034,-0.6566265060240963,-0.6221441124780316,0.0,0.0,0.0,Industrial Distribution,Industrials,SITE
2015Q2,2015,Q2,2015-06-30,2015-06-30,33200000.0,481500000.0,56900000.0,0.59,147500000.0,0.3063343718,771100000.0,92900000.0,555200000.0,223500000.0,678200000.0,302200000.0,-5200000.0,378590784.6,558190784.6,6.544382749880595,2.484116331096197,0.2615743742705226,2.1711517761033368,0.1136175275130423,6.544382749880595,0.3573735199138859,0.7862736959501558,2.850834221385542,4.0752506415500545,0.0,1.1052283256121773,0.0,0.6244326287122293,0.9821029082774049,0.04305537543768642,14.617404810810811,0.3063343717549325,1.8550724637681157,0.0,0.0,0.0,1.5170648464163823,4.387755102040816,5.153284671532846,0.0,0.0,0.0,Industrial Distribution,Industrials,SITE
2015Q1,2015,Q1,2015-03-31,2015-03-31,-9800000.0,225800000.0,-13700000.0,-0.69,58600000.0,0.2595217006,,,,,,,,380034004.98,,,0.0,0.0,0.0,0.0,,0.0,1.6830558236492472,-9.694745025,0.0,0.0,0.0,0.0,0.0,0.0,0.0,-23.03236393818182,0.2595217006200177,0.0,0.0,0.0,0.0,0.0,0.0,0.0,0.0,0.0,0.0,Industrial Distribution,Industrials,SITE
2014Q4,2014,Q4,2014-12-31,2014-12-31,,,,,,,555700000.0,78800000.0,395500000.0,113100000.0,476900000.0,242100000.0,-10300000.0,0.0,121800000.0,0.0,3.4969053934571175,0.23825805290624438,1.6802030456852792,,0.0,,0.0,0.0,0.0,0.0,,,,1.160919540229885,,0.0,0.0,0.0,0.0,0.0,0.0,0.0,0.0,0.0,0.0,0.0,0.0,Industrial Distribution,Industrials,SITE
