Quarters,Year,Quarter,FillingDate,Date,NetIncome,Revenue,OperatingIncome,EPSDiluted,GrossProfit,GrossProfitRatio,TotalAssets,CommonStockEquity,CurrentAssets,CurrentLiability,TotalLiability,Inventory,RetainedEarnings,MarketCap,EnterpriseValue,bookValuePerShare,currentRatio,debtToAssets,debtToEquity,roic,shareholdersEquityPerShare,roe,priceToSalesRatio,peRatio,pbRatio,payoutRatio,inventoryTurnover,dividendYield,assetTurnover,quickRatio,returnOnAssets,priceToFreeCashFlowsRatio,grossProfitMargin,epsdilutedGrowth,fiveYNetIncomeGrowthPerShare,fiveYRevenueGrowthPerShare,fiveYShareholdersEquityGrowthPerShare,grossProfitGrowth,netIncomeGrowth,operatingIncomeGrowth,threeYNetIncomeGrowthPerShare,threeYRevenueGrowthPerShare,threeYShareholdersEquityGrowthPerShare,Industry,Sector,Symbol
2023Q1,2023,Q1,2023-05-09,2023-03-31,45911000.0,1603304000.0,225497000.0,0.67,343179000.0,0.2140448723,11810173000.0,3296156000.0,2258024000.0,1610486000.0,8386991000.0,997332000.0,742513000.0,4263149250.0,9268071250.0,48.28471398227496,1.4020761434747027,0.4307309469556458,1.5433150008676775,0.016793025593751572,48.28471398227496,0.013928649008117334,2.6589774927275176,23.214203840038337,1.2933699891631343,0.9067761538629087,1.2634960073476034,0.009765316098187274,0.13575618240308587,1.4285811860519122,0.0038874113021037035,-10.52977837111538,0.21404487233862074,1.0633869441816461,-0.5883003502859729,0.5074583013981474,0.24379114025139392,1.2906966303556,1.0646288812028508,-0.3200630796878581,-0.48721797714710824,0.553277163457419,0.0481701680640796,Utilities—Regulated Gas,Utilities,SWX
2022Q4,2022,Q4,2023-02-28,2022-12-31,-710379000.0,1420892000.0,331644000.0,-10.57,-1180540000.0,-0.8308442865,13196614000.0,3058759000.0,3707662000.0,3422963000.0,9978506000.0,2187650000.0,747069000.0,4158336000.0,10025920000.0,45.517247023809524,1.0831732624629598,0.4539544765043518,1.958526971232451,0.26524471374231895,45.517247023809524,-0.2322441879206567,2.926567254935632,-1.463421638308565,1.3594846798979587,-0.058536358760605256,1.1891445158046305,0.009999913426909224,0.10767095256404408,0.31731631338112626,-0.05383039922210349,-29.12,-0.8308442865467608,-61.17647058823529,-6.256244050858564,0.3697158409014595,0.20303793845660917,-7.205986563350962,-61.765417918360136,5.641247972445281,-7.337275628245585,0.3707621915529482,-0.00127446099221962,Utilities—Regulated Gas,Utilities,SWX
2022Q3,2022,Q3,2022-11-09,2022-09-30,-11318000.0,1125588000.0,49937000.0,-0.17,190226000.0,0.1690014464,13102577000.0,3412915000.0,1709639000.0,1313728000.0,9574970000.0,-41300000.0,1111203000.0,4684200750.0,10797004750.0,50.81994430960287,1.301364513811078,0.47991139452948833,1.8424355719377716,0.004536381322100034,50.81994430960287,-0.003316226744586373,4.161558891885841,-103.46794376214879,1.3724926492455864,-3.6721152147022442,-22.647990314769977,0.008872591551504277,0.08590584890285323,1.768283845666683,-0.0008637995411131719,-22.866826216639737,0.1690014463551495,-0.8784530386740333,-1.786629623322735,0.34581009216105174,0.4107740307419956,0.07913726202092174,-0.8612070383160665,0.09367060884800701,-2.7211956220785587,0.26345995038134135,0.14631138024185608,Utilities—Regulated Gas,Utilities,SWX
2022Q2,2022,Q2,2022-08-09,2022-06-30,-6081000.0,1146120000.0,45660000.0,-0.0905,176276000.0,0.1538023942,12923008000.0,3458852000.0,1643838000.0,2350417000.0,9341500000.0,0.0,1156253000.0,5838278600.0,11714792600.0,51.59000671190991,0.6993814289124015,0.4714441869880449,1.7614159264403333,0.0028003216285239253,51.59000671190991,-0.0017580977734809123,5.093950546190626,-240.0213205064956,1.6879237966816736,-6.816148659759908,0.0,0.00709952416453713,0.0886883301472846,0.994974508778655,-0.00047055608106100373,-45.56242956812187,0.1538023941646599,-1.0565625,-1.2415306105273085,0.45095646028553216,0.42970637300256465,-0.4420868728557141,-1.062529562982005,-0.7290111220577588,-1.221795401818294,0.29311797621342084,0.150099018628813,Utilities—Regulated Gas,Utilities,SWX
2022Q1,2022,Q1,2022-05-10,2022-03-31,97250000.0,1267409000.0,168494000.0,1.6,315956000.0,0.2492928486,13249487000.0,3489082000.0,2046576000.0,2630198000.0,9624421000.0,0.0,1190738000.0,4755099730.0,10455260730.0,57.44574147554209,0.7781071995340275,0.4773639160519951,1.8127481669963619,0.013756336187130246,57.44574147554209,0.027872661060989682,3.751827334349054,12.223906760925452,1.3628512399536612,0.3698714652956298,0.0,0.007564510113860429,0.09565721299247285,0.5511182047891452,0.007339906820543316,199.59283621558092,0.24929284863844267,0.36752136752136766,0.09804647145834387,0.5148316835256825,0.5917140812055838,0.3325404457040673,0.366312151397221,0.48416249735748007,-0.09868671478049261,0.336061933938775,0.30627259344192836,Utilities—Regulated Gas,Utilities,SWX
2021Q4,2021,Q4,2022-03-01,2021-12-31,71177000.0,1084427000.0,113528000.0,1.17,237108000.0,0.2186481893,12765257000.0,2953820000.0,1614767000.0,3112049000.0,9614720000.0,0.0,1114313000.0,4248322350.0,10347633350.0,48.70512968489785,0.5188758274692976,0.4952511336042823,2.1402820754142096,0.01146136617891878,48.70512968489785,0.024096593563588845,3.917573382071822,14.921682390378914,1.4382468633836862,0.5047978981974515,0.0,0.008457456153250708,0.08495144281074796,0.33146650325878546,0.005575837603582913,-28.50706482717897,0.21864818932025853,8.312499999999998,-0.14504155969797963,0.32344658535717474,0.39021993982429676,0.7591049714739333,8.658381751667743,4.621589502352068,-0.13784831219217175,0.15722783611964763,0.10105711056358378,Utilities—Regulated Gas,Utilities,SWX
2021Q3,2021,Q3,2021-11-09,2021-09-30,-9294000.0,888696000.0,20195000.0,-0.16,134789000.0,0.1516705375,10369635000.0,2909816000.0,1392606000.0,1355234000.0,7276272000.0,0.0,1079869000.0,3991933439.9999995,7948297440.0,48.75043559844525,1.027576049597339,0.3995371100332847,1.4238199253835981,0.002395336806138493,48.75043559844525,-0.00319401639141444,4.491899862270112,-107.37931568754036,1.3718851776194783,-3.783301054443727,0.0,0.00880826309568929,0.08570176288750761,0.7017821276620864,-0.0008962706980525352,-33.680380682393434,0.15167053750663895,-1.372093023255814,-3.9907976575278825,0.30923385828737016,0.424285837221487,-0.16514505859326611,-1.3699988056849397,-0.6592481355245841,-1.6249728088941418,0.10290626799975246,0.23973096184981488,Utilities—Regulated Gas,Utilities,SWX
2021Q2,2021,Q2,2021-08-05,2021-06-30,25119000.0,821421000.0,59266000.0,0.43,161452000.0,0.1965520726,9039022000.0,2846881000.0,1006795000.0,1272403000.0,5991612000.0,0.0,1108279000.0,3879197330.0,6947872330.0,48.575784462606855,0.7912548147088619,0.34475411167270087,1.0946154756732016,0.008218347259000326,48.575784462606855,0.008823340350369404,4.722544626933083,38.608198276205265,1.3626130948220174,1.3739002348819618,0.0,0.008896428065957656,0.09087498625404386,0.4890659641638695,0.002778951085637362,-29.493768000243296,0.19655207256692975,-0.7881773399014779,1.2751828289056473,0.21473679674984253,0.40274657351269966,-0.4385879505671426,-0.7858439975105078,-0.6583166621505537,-0.02896121953852784,0.020048144468115075,0.22697255028080032,Utilities—Regulated Gas,Utilities,SWX
2021Q1,2021,Q1,2021-05-06,2021-03-31,117293000.0,885907000.0,173453000.0,2.03,287582000.0,0.3246187241,8928645000.0,2773722000.0,1000904000.0,1036035000.0,5949637000.0,0.0,1112377000.0,3957695999.9999995,6939255000.0,48.154895833333335,0.9660909139170009,0.3442744111788519,1.1082235350190106,0.02351117451992887,48.154895833333335,0.042287222728160934,4.46739443304997,8.435490608987749,1.4268538808142992,0.27809843724689454,0.0,0.008241916508999176,0.09922076642088469,0.6066899284290589,0.01313670775352811,-19.29021377811138,0.3246187240872913,0.12777777777777763,0.28035560593191006,-0.0022581837878150723,0.3825265866515724,0.12439495476333837,0.13278413041798656,0.13520075918714616,0.246555016092574,-0.012827210165901418,0.24044708681956248,Utilities—Regulated Gas,Utilities,SWX
2020Q4,2020,Q4,2021-02-25,2020-12-31,103544000.0,914080000.0,152795000.0,1.8,255766000.0,0.2798070191,8735853000.0,2674953000.0,871013000.0,911967000.0,5895184000.0,0.0,1067978000.0,3499200000.0,6295481000.0,46.44015625,0.9550926733094509,0.32963386632078173,1.0765172322653893,0.022447247084288018,46.44015625,0.03870871749896167,3.828111325048136,8.448582245229082,1.308135133589263,0.31085335702696437,0.0,0.009198388203017833,0.10463546032654167,0.7662645687837388,0.011852763548104576,-64.36020526402913,0.27980701907929284,4.625,0.2880826636653441,0.09693782427097036,0.37994495929288485,0.7029495971769093,4.666502490012586,1.8157710452602094,-0.10616545580723008,0.028017258520052043,0.2274307760172374,Utilities—Regulated Gas,Utilities,SWX
2020Q3,2020,Q3,2020-11-05,2020-09-30,18273000.0,791226000.0,54264000.0,0.32,150190000.0,0.1898193437,8429657000.0,2619238000.0,732828000.0,839222000.0,5703135000.0,0.0,1054118000.0,3550700100.0,6311380100.0,46.54685361909332,0.873223056592892,0.33033669104211477,1.0631431737016643,0.007621376470011297,46.54685361909332,0.00697645651139759,4.487592799023288,48.57850517156461,1.3556233148724934,1.7442127729436874,0.0,0.008976257949805447,0.09386218205556882,0.6927797412365262,0.0021677038579387036,-36.84789593300194,0.1898193436514978,-0.5294117647058824,4.633142844406971,0.3104590806477654,0.41438434275688585,-0.06208042165477016,-0.5186882655077044,-0.1969454803764873,0.5157134907449787,0.1290457243906229,0.2921519925034149,Utilities—Regulated Gas,Utilities,SWX
2020Q2,2020,Q2,2020-08-06,2020-06-30,37965000.0,757247000.0,67572000.0,0.68,160131000.0,0.2114646872,8426035000.0,2611295000.0,867200000.0,918017000.0,5727819000.0,0.0,1085742000.0,3829651100.0,6499045100.0,47.08259709350546,0.9446448159456742,0.34049051540849284,1.0986828374427249,0.010025767205174601,47.08259709350546,0.014538763333901378,5.057334132720236,25.218300408270775,1.4665716052763091,0.8281048333991835,0.0,0.008209364033188298,0.08986990915656058,0.7838035679077838,0.004505677937487798,-35.068138197534935,0.2114646872156641,-0.4809160305343511,5.482702793913518,0.18811409479429936,0.4220058892815122,-0.3655766152675869,-0.47664801080753216,-0.5445802133811408,0.8228521656936918,0.1588646609581329,0.3047931840364894,Utilities—Regulated Gas,Utilities,SWX
2020Q1,2020,Q1,2020-05-07,2020-03-31,72542000.0,836320000.0,148373000.0,1.31,252404000.0,0.3018031376,8093225000.0,2547895000.0,672919000.0,979815000.0,5460325000.0,0.0,1079801000.0,3847363600.0,6423056600.0,46.06572048454167,0.6867816883799492,0.32578582703434045,1.034837777851913,0.021056384913328296,46.06572048454167,0.02847134595420926,4.600348670365411,13.259089906536904,1.5100165430679051,0.4136362383171128,0.0,0.007799106900112066,0.1033358148327768,0.5506968152151172,0.008963299549932196,63.16369128728801,0.3018031375550029,-0.21556886227544902,-0.1507145931041348,-0.04006826032795779,0.38186696357981315,0.07921223885957636,-0.2090756449115768,0.0735796359005528,-0.10056390087958608,0.09766484297576859,0.2763949785093023,Utilities—Regulated Gas,Utilities,SWX
2019Q4,2019,Q4,2020-03-02,2019-12-31,91718000.0,848137000.0,138204000.0,1.67,233878000.0,0.2757549783,8170048000.0,2505914000.0,859856000.0,1079861000.0,5579592000.0,0.0,1039072000.0,4177134480.0,6802589480.0,45.57533100538338,0.7962654452749012,0.3274147226552402,1.0674723873205545,0.021715625778493428,45.57533100538338,0.036600617579054986,4.92507045441951,11.38580889247476,1.666910548406689,0.3247127063389956,0.0,0.0071297680605198034,0.10381052840815623,0.5875635845724588,0.011226127435236611,-43.11836244271027,0.27575497826412476,15.699999999999998,0.32095792793968353,0.14324248151689806,0.42437165814800326,0.8139076751256438,16.13394358303755,2.6124209315698677,0.21515839783255641,0.14168185079414583,0.300884205374011,Utilities—Regulated Gas,Utilities,SWX
2019Q3,2019,Q3,2019-11-06,2019-09-30,5353000.0,725230000.0,38258000.0,0.1,128936000.0,0.1777863574,7840211000.0,2423710000.0,765402000.0,782344000.0,5332147000.0,0.0,977498000.0,4977156800.0,7478957800.0,44.333455277117245,0.9783445645393842,0.32273123771796447,1.043970194453957,0.005213156644551123,44.333455277117245,0.0022085975632398264,6.862866676778402,232.44707640575382,2.0535281861278785,4.044087427610686,0.0,0.004349471167956774,0.09250133701758792,0.6711165420837892,0.0006827622368836757,-1864.8020981641064,0.17778635743143553,-0.7560975609756097,1.3118321279778344,0.42672421138775557,0.41799963093905,-0.08124015762058473,-0.7572996010155967,-0.3027392516721646,0.8807001541464141,0.16648112741161802,0.2952399643441147,Utilities—Regulated Gas,Utilities,SWX
2019Q2,2019,Q2,2019-08-07,2019-06-30,22056000.0,713011000.0,54869000.0,0.41,140337000.0,0.1968230504,7666885000.0,2419363000.0,752081000.0,726504000.0,5164340000.0,0.0,1002070000.0,4822328350.0,7193692350.0,44.857013071289515,1.0352055873057822,0.31431409235954366,0.9960514399864758,0.008889010525651697,44.857013071289515,0.009116449247177872,6.763329527875446,54.66005111987668,1.9932223275300152,2.5724519405150525,0.0,0.011765685760489537,0.09299878633891079,0.6967270655082423,0.0028767876393085328,-24.965202006605853,0.196823050415772,-0.768361581920904,0.9753166754888266,0.3566015822385454,0.4218064828588425,-0.4008453410182517,-0.7673638578615954,-0.6094177107061504,1.170798518860232,0.14575410985630205,0.295357801832377,Utilities—Regulated Gas,Utilities,SWX
2019Q1,2019,Q1,2019-05-08,2019-03-31,94809000.0,833539000.0,140480000.0,1.77,234225000.0,0.281000649,7569432000.0,2347000000.0,830380000.0,974478000.0,5140478000.0,0.0,1009809000.0,4416818440.0,6648970440.0,43.9768404879237,0.8521280110992757,0.30770987836339636,0.9924111631870473,0.023696960898798327,43.9768404879237,0.0403958244567533,5.298874365806519,11.646622261599639,1.8818996335747764,0.2911326983725174,0.0,0.0062492946846146565,0.1101190948013008,0.6027370551207929,0.01252524628003792,-195.8590944969181,0.281000649039817,0.30147058823529405,0.16553077761799817,0.19218243898808185,0.3872104192427082,0.09931757593962377,0.36801627611681864,0.04171919260830231,0.11696996949423463,0.013186474839770238,0.26257465869968727,Utilities—Regulated Gas,Utilities,SWX
2018Q4,2018,Q4,2019-02-28,2018-12-31,69304000.0,786654000.0,134854000.0,1.36,213064000.0,0.2708484289,7357729000.0,2252042000.0,839769000.0,938645000.0,5024308000.0,0.0,944285000.0,3894691500.0,6101648500.0,44.23488047769637,0.8946609207954019,0.31155238253542633,1.0178842135271011,0.02109395521483716,44.23488047769637,0.03077384880033321,4.950958744250967,14.0493027098003,1.7294044693660242,0.37090211243218285,0.0,0.006600009269026827,0.10691532672649401,0.6297801618290195,0.009419210737443577,-46.20804759983864,0.27084842891538086,4.44,0.10110420907705064,0.3303345542903404,0.44948575952579395,0.8230386830148965,4.620306544481388,2.3984526599632066,-0.024588314525700133,0.06805204619774546,0.314416342863195,Utilities—Regulated Gas,Utilities,SWX
2018Q3,2018,Q3,2018-11-07,2018-09-30,12331000.0,668146000.0,39681000.0,0.25,116873000.0,0.1749213495,6654596000.0,1946233000.0,721193000.0,712710000.0,4708815000.0,0.0,902730000.0,3893119380.0,6012519380.0,39.32339926858344,1.0119024568197443,0.3288809718876999,1.1245159238385127,0.007386000894564224,39.32339926858344,0.006335829266074514,5.826749512831028,78.92951463790446,2.0003357151995673,2.072013624199173,0.0,0.006562860653916038,0.1004036909227848,0.7028721359318657,0.0018530050509452415,-64.04947732096146,0.17492134952540314,-0.4318181818181818,4.776478291974174,0.6149401459744928,0.337167219187769,-0.09618671265398922,-0.42782237483179436,-0.25604634594472986,3.787480069280173,0.2581578780672759,0.1948906511405437,Utilities—Regulated Gas,Utilities,SWX
2018Q2,2018,Q2,2018-08-08,2018-06-30,21551000.0,670883000.0,53338000.0,0.44,129311000.0,0.1927474686,6476393000.0,1933019000.0,696059000.0,663647000.0,4543826000.0,0.0,916275000.0,3723959020.0,5781400020.0,39.58995207471429,1.0488392172344636,0.3230457138719037,1.0823333862729752,0.010584633467182228,39.58995207471429,0.011148881619890957,5.550832291174467,43.199376131038,1.926498922152343,2.2729803721405037,0.0,0.013154011560524637,0.10358898850023462,0.6706381555254526,0.0033276238795267674,-40.48265575231821,0.19274746863462033,-0.7300613496932515,1.0231250193806614,0.5467473573802614,0.33110259354666466,-0.37619817168769143,-0.7275164051535573,-0.5883142945353504,3.180079232287632,0.19567115818672792,0.1957102726260215,Utilities—Regulated Gas,Utilities,SWX
2018Q1,2018,Q1,2018-05-08,2018-03-31,79091000.0,754330000.0,129560000.0,1.63,207295000.0,0.2748067822,6327633000.0,1879538000.0,663933000.0,602851000.0,4451257000.0,0.0,920454000.0,3274374080.0,5254753080.0,38.820596497025775,1.101321885507364,0.323263691178044,1.0882961663983384,0.02519010763643707,38.820596497025775,0.042080021792589455,4.340771386528442,10.350021114918258,1.7421164562780853,0.30141229722724455,0.0,0.0072804754183737,0.11921203394697512,0.7695865147441076,0.012499302661832632,125.81648722382324,0.27480678217756155,-0.18500000000000005,-0.06460924316765124,0.17456077794158303,0.3004926819930257,0.0006951450874000126,-0.18010677447778986,-0.008479505311170294,0.05780582818082769,-0.010891347158581007,0.16452970324655666,Utilities—Regulated Gas,Utilities,SWX
2017Q4,2017,Q4,2018-02-28,2017-12-31,96465000.0,740433000.0,130668000.0,2.0,207151000.0,0.2797700805,6237066000.0,1814768000.0,657032000.0,815881000.0,4424663000.0,0.0,857398000.0,3860223200.0,5855023200.0,37.83525487334515,0.8053037146348548,0.3268238623737507,1.1232410974846372,0.028656620289510104,37.83525487334515,0.05315555486982358,5.213467254971078,10.004206707095838,2.1271166341923595,0.24492821230498107,0.0,0.00612063053763316,0.11871495347331582,0.5848365141485095,0.015466406800890033,-37.49973965416748,0.2797700804799354,8.523809523809524,0.4908384290149916,0.4613666908084558,0.3356330494894869,1.0169121870953295,8.453645629165033,3.3365193150139385,0.5926342844188457,0.14411582508176293,0.18247006728340084,Utilities—Regulated Gas,Utilities,SWX
2017Q3,2017,Q3,2017-11-07,2017-09-30,10204000.0,593153000.0,30132000.0,0.21,102707000.0,0.1731543126,5855070000.0,1715691000.0,538918000.0,656406000.0,4141674000.0,0.0,784934000.0,3696885360.0,5508667360.0,36.02273872511968,0.821013214382562,0.3195408423810475,1.0904842422091157,0.006477773996316386,36.02273872511968,0.0059474579047159425,6.232599953131823,90.57441591532734,2.154750103602572,2.3083104664837317,0.0,0.006371309279658052,0.10130587678712637,0.6101498158152119,0.0017427631095785362,-42.634068641018544,0.1731543126309738,-0.43243243243243246,3.239220634132926,0.5453159253302033,0.3124346720436938,-0.11449559002301982,-0.42879534258844604,-0.3058422410615555,4.05843565978124,0.33942293331540535,0.1521824748002135,Utilities—Regulated Gas,Utilities,SWX
2017Q2,2017,Q2,2017-08-08,2017-06-30,17864000.0,560469000.0,43408000.0,0.37,115987000.0,0.2069463253,5665239000.0,1716568000.0,483585000.0,490035000.0,3930834000.0,0.0,801222000.0,3475537260.0,5161269260.0,36.08433709612999,0.986837674859959,0.30279993483064,0.9993393795060842,0.008552037774531791,36.08433709612999,0.010406811731315043,6.201123095122121,48.638844323779665,2.0247011828252655,1.3184057321988356,0.0,0.006776506260214859,0.09893121896534286,0.7171671411225728,0.0031532650255355513,-31.568529542667697,0.20694632530969598,-0.7448275862068966,5.4539257023917385,0.3258795453100494,0.29799996478141677,-0.43900421761337255,-0.7422519766837883,-0.6367288186656848,0.8139156556675252,0.20902724552259566,0.14374410822683353,Utilities—Regulated Gas,Utilities,SWX
2017Q1,2017,Q1,2017-05-09,2017-03-31,69308000.0,654737000.0,119492000.0,1.45,206752000.0,0.315778702,5551913000.0,1715381000.0,454404000.0,496828000.0,3815269000.0,0.0,803522000.0,3940712300.0,5487507300.0,36.09049021670524,0.9146102876649465,0.2864230761541112,0.9270220434993742,0.02383756720480938,36.09049021670524,0.04040385197224407,6.018771353994047,14.21449291568073,2.2972810705027045,0.30872337969642755,0.0,0.005429729036550068,0.11792998197197975,0.686338129090953,0.012483625013576402,85.56906824745403,0.31577870198262814,0.06617647058823518,-0.14879662480718214,-0.03504534520083552,0.28325457080804783,0.022375844966300247,0.06333231052470083,0.012961691377804905,-0.04329333820988676,0.05148947725667064,0.13844249629390057,Utilities—Regulated Gas,Utilities,SWX
2016Q4,2016,Q4,2017-02-28,2016-12-31,65180000.0,641525000.0,117963000.0,1.36,202227000.0,0.315228557,5581126000.0,1663490000.0,533307000.0,628375000.0,3897263000.0,0.0,759263000.0,3638070840.0,5210088840.0,35.03411819215703,0.8487081758504078,0.28669555211618586,0.9618837504283164,0.023483248250648462,35.03411819215703,0.03918268219225844,5.670972822571217,13.953938478060756,2.1870109468647243,0.3278152807609696,0.0,0.005873167659374109,0.11494544290883238,0.626800875273523,0.01167864692536954,-1422.7887524442706,0.3152285569541327,26.2,0.14306555497290202,0.20239422721543118,0.3164155208530775,1.0664084852448295,25.367313915857604,6.591415148979986,0.11036841974766533,0.16325070812066264,0.14799576417256605,Utilities—Regulated Gas,Utilities,SWX
2016Q3,2016,Q3,2016-09-30,2016-09-30,2472000.0,539969000.0,15539000.0,0.05,97864000.0,0.1812400342,5532796000.0,1625179000.0,544300000.0,613044000.0,3892501000.0,0.0,720401000.0,3317022660.0,4874294660.0,34.22798593121459,0.8878644925975949,0.29685280281434556,1.0106123694682247,-0.25600284204078116,34.22798593121459,0.001521063218267034,6.142987208524934,335.459411407767,2.041019887655452,8.643608414239482,0.0,0.006441620148594342,0.0975942362595693,0.7229807322149797,0.00044679037506533764,-42.02859318576334,0.18124003415010861,-0.736842105263158,1.1516923421161789,0.47982169828927784,0.32161492619427895,-0.1389910436205592,-0.7235826903723582,-0.44732536633945086,1.7891527666280602,0.36043503470772204,0.16390092457256258,Utilities—Regulated Gas,Utilities,SWX
2016Q2,2016,Q2,2016-06-30,2016-06-30,8943000.0,547748000.0,28116000.0,0.19,113662000.0,0.2075078321,5366840000.0,1643945000.0,431762000.0,582721000.0,3709528000.0,0.0,741148000.0,3736599829.9999995,5201845830.0,34.629052303414575,0.7409412051393377,0.2752778171139814,0.8986748340120868,0.006628499094001405,34.629052303414575,0.005439963015794324,6.8217498375165215,104.45599435312535,2.27294698423609,2.3887957061388794,0.0,0.005717229827096578,0.10206154832266287,0.5936563123690412,0.0016663436957315664,-75.1014959601238,0.20750783206876156,-0.879746835443038,1.1306770286169285,0.3621014004980882,0.29847798490269434,-0.49137464256787294,-0.8814648887946346,-0.7903293163107028,-0.13653846777429263,0.29884661111621225,0.1643060654922729,Utilities—Regulated Gas,Utilities,SWX
2016Q1,2016,Q1,2016-03-31,2016-03-31,75446000.0,731248000.0,134096000.0,1.58,223469000.0,0.3055994683,5302147000.0,1652282000.0,470228000.0,578067000.0,3649865000.0,0.0,753105000.0,3123726449.9999995,4500481450.0,34.83108122351751,0.8134489600686425,0.2711286578814205,0.8700476068855074,0.027692098968746536,34.83108122351751,0.04566169697424532,4.271774350152068,10.350868336293507,1.8905528535685796,0.25475174296848074,0.0,0.006152907531323686,0.13791545198577104,0.6731901319397232,0.014229330118535001,15.611450982548025,0.3055994683062381,0.1449275362318842,0.06177468575450942,0.12253048104066636,0.29425401398192536,0.12223232176127033,0.1410638394410079,0.14040787168540472,-0.08930297603742221,0.1621187176379882,0.16684364292443724,Utilities—Regulated Gas,Utilities,SWX
2015Q4,2015,Q4,2015-12-31,2015-12-31,66119000.0,685405000.0,117586000.0,1.38,199129000.0,0.2905274983,5358685000.0,1594408000.0,558174000.0,535045000.0,3750252000.0,0.0,699221000.0,2613315320.0,4165997320.0,33.65362939823121,1.043228139689185,0.29646807005823256,0.9964068168248027,0.023712378213420864,33.65362939823121,0.04146931023928631,3.812804575397028,9.881105733601537,1.6390505566956513,0.29020402607419954,0.0,0.007342397548872902,0.1279054469520041,0.8585894644375707,0.012338661443992323,-156.654796786956,0.29052749834039726,16.436241610738254,0.41972909244672996,0.41430938723133753,0.31917986309714413,1.1123038898494766,16.70522565320665,8.19718420023465,0.03453211913571138,0.36954907191378067,0.18801630410622644,Utilities—Regulated Gas,Utilities,SWX
2015Q3,2015,Q3,2015-09-30,2015-09-30,-4210000.0,505396000.0,12785000.0,-0.0894,94271000.0,0.1865289793,5172140000.0,1550109000.0,478571000.0,494680000.0,3622031000.0,0.0,654492000.0,2746988640.0,4274258640.0,32.90962167211583,0.9674355138675508,0.301660241215435,1.0065285731519524,0.0029241542702572714,32.90962167211583,-0.0027159380404861854,5.435319313963704,-163.1228408551069,1.7721261150022354,-4.5270783847980995,0.0,0.006938142998654701,0.09771506571747865,0.7520558745047303,-0.0008139764198184891,-50.15773440210346,0.18652897925587064,-1.8940000000000001,0.18169313387843367,0.5848719209540133,0.3364807474393487,-0.09715943916641127,-1.8506769044251363,-0.4895596278995488,0.06581792424299826,0.33139017012601163,0.19901290281981143,Utilities—Regulated Gas,Utilities,SWX
2015Q2,2015,Q2,2015-06-30,2015-06-30,4949000.0,538604000.0,25047000.0,0.1,104416000.0,0.1938641377,5129760000.0,1551832000.0,480841000.0,466190000.0,3577928000.0,0.0,678288000.0,2493899490.0,3986723490.0,33.10998741172203,1.031427100538407,0.3005468092074483,0.993492207919414,0.005471502838847188,33.10998741172203,0.0031891338753164003,4.630302578517798,125.9799701959992,1.6070679622536461,3.8347140836532634,0.0,0.007609769389703832,0.10499594522940645,0.789705913897767,0.0009647624840148467,-1990.3427693535514,0.19386413765957922,-0.9346405228758169,5.826721806963968,0.3519582265712714,0.3178842571635673,-0.5028283020664699,-0.9312476556964839,-0.8066704745438266,2.25238629172792,0.2932385504719341,0.19100878533078447,Utilities—Regulated Gas,Utilities,SWX
2015Q1,2015,Q1,2015-03-31,2015-03-31,71983000.0,734220000.0,129556000.0,1.53,210020000.0,0.2860450546,5137417000.0,1553851000.0,527245000.0,477582000.0,3583566000.0,0.0,692603000.0,2711420040.0,4198200040.0,33.33585771904231,1.1039884250243936,0.29680148603860657,0.9812993652544549,0.02656826752803165,33.33585771904231,0.04632554858863559,3.6929258805262726,9.416876345803871,1.7449678508428415,0.23648639262047982,0.0,0.006278260007254353,0.14291617752656638,0.8395961321825361,0.014011515903809248,20.564585548620013,0.2860450546157827,0.22400000000000003,0.08023258355955784,0.06513385817716842,0.29750438911753285,0.09796007988205895,0.22532597964116705,0.15291039662552391,-0.09853267567632619,0.10340845693958745,0.18530924719794772,Utilities—Regulated Gas,Utilities,SWX
2014Q4,2014,Q4,2014-12-31,2014-12-31,58746000.0,627683000.0,112373000.0,1.25,191282000.0,0.3047429993,5196730000.0,1488523000.0,606783000.0,470117000.0,3708207000.0,0.0,639164000.0,2875463010.0,4497681010.0,31.996797145375208,1.2907063560773169,0.31977493539206386,1.1163979327158533,0.02217503462428382,31.996797145375208,0.03946596727091217,4.581075176482396,12.236845955469308,1.9317558479109829,0.28904095597998164,0.0,0.0059051359523487655,0.12078422392543003,0.887317412473916,0.011304416431101865,-150.5241590326127,0.30474299925280757,30.25,0.23091007256450657,0.22320905865299673,0.3128497566169891,1.075497493543977,28.82030456852792,5.143958447238928,0.05151396499425619,0.20075284894075185,0.2022874430214393,Utilities—Regulated Gas,Utilities,SWX
2014Q3,2014,Q3,2014-09-30,2014-09-30,1970000.0,432475000.0,18290000.0,0.04,92162000.0,0.2131036476,4643918000.0,1454219000.0,450516000.0,393998000.0,3189699000.0,0.0,598552000.0,2259601540.0,3669407540.0,31.26478618880743,1.1434474286671505,0.31201476856395827,0.9963911900477164,0.009274282365160291,31.26478618880743,0.0013546790407772144,5.224814243597896,286.75146446700506,1.5538247953024955,8.618781725888326,0.0,0.007514156677375959,0.093127182693579,0.7014071137416941,0.00042421076341141254,-42.334455081967214,0.21310364760968842,-0.8095238095238095,1.2289716140248637,0.31353447759419667,-0.388025149374159,-0.07751286209036494,-0.7953671964267165,-0.3163894599140348,1.1234033422012655,0.20989331309490844,0.20719951721490004,Utilities—Regulated Gas,Utilities,SWX
2014Q2,2014,Q2,2014-06-30,2014-06-30,9627000.0,453153000.0,26755000.0,0.21,99906000.0,0.2204685835,4564503000.0,1467106000.0,410491000.0,382612000.0,3097397000.0,0.0,613760000.0,2454840580.0,3817617580.0,31.549309707109373,1.0728649388937095,0.3044508898340082,0.9472164928778153,0.007322448317313301,31.549309707109373,0.006561898049629679,5.4172444626869956,63.748846473460056,1.6732537253613575,1.7630622208372286,0.0,0.006914094600798884,0.09927762124375863,0.6435893280921665,0.002109101472821904,-56.956858004640374,0.22046858345856699,-0.8609271523178809,16.589485887215016,0.12443557704910728,0.30625238762041523,-0.5039719579766846,-0.8639927666247545,-0.7894384763703616,1.3415336868689898,0.15039912830301197,0.18299755172678978,Utilities—Regulated Gas,Utilities,SWX
2014Q1,2014,Q1,2014-03-31,2014-03-31,70783000.0,608396000.0,127065000.0,1.51,201412000.0,0.3310541161,4603021000.0,1472224000.0,499813000.0,417074000.0,3130797000.0,0.0,621304000.0,2482218000.0,3776642000.0,31.70163652024117,1.198379664040434,0.29975748535581304,0.9372147173256243,0.02833573932965851,31.70163652024117,0.048078960810311475,4.0799380666539555,8.766999138211153,1.6860328319603541,0.21676108670160915,0.0,0.006181165393208815,0.1321731966897392,0.8031596311445931,0.015377509683314501,38.127551725726924,0.3310541160691392,0.23770491803278693,0.35471978576665325,-0.1563747374797957,0.29472114143168493,0.1650932481836272,0.23524073783222518,0.2609157305600762,0.017536783353537377,-0.04600783924384402,0.17797004499576694,Utilities—Regulated Gas,Utilities,SWX
2013Q4,2013,Q4,2013-12-31,2013-12-31,57303000.0,538357000.0,100772000.0,1.22,172872000.0,0.3211103413,4567302000.0,1414523000.0,494672000.0,434164000.0,3152779000.0,0.0,567714000.0,2591484410.0,3942839410.0,30.517637159931823,1.1393666909278521,0.30486970206918657,0.9843827212424259,0.023478321700650975,30.517637159931823,0.04051047596963782,4.813691305211969,11.306059063225309,1.8320553359683793,0.2669493743783048,0.0,0.0059027945300276765,0.11787199532678154,0.7762873015726776,0.012546356689354022,-80.56094286247202,0.32111034127911403,19.484848484848484,0.7584746644103033,1.6147620305849937,0.30628440502236015,1.2734948315316026,19.744847890088323,10.385380183030167,0.2576651106811445,0.13547079576152732,0.19625291924095117,Utilities—Regulated Gas,Utilities,SWX
2013Q3,2013,Q3,2013-09-30,2013-09-30,-3057000.0,387346000.0,8851000.0,-0.066,76038000.0,0.1963051122,4467069000.0,1362678000.0,348195000.0,406393000.0,3104391000.0,0.0,525971000.0,2316850000.0,3627441000.0,29.407989295811124,0.8567937932001781,0.2964906071520274,0.9719420141808996,0.0016013558911869904,29.407989295811124,-0.0022433766451061808,5.981344844144512,-189.4708864900229,1.700218246717126,-5.001962708537782,0.0,0.0065999093596909595,0.08671144323044931,0.5055598890728925,-0.0006843413432834818,-47.04932680787117,0.19630511222524566,-1.3,0.8276892082694487,-0.02701309530617189,0.26774648969212617,-0.2284400970056113,-1.302433715868619,-0.6938217794382178,0.3959943885506692,0.23473250575034219,0.1942772210005514,Utilities—Regulated Gas,Utilities,SWX
2013Q2,2013,Q2,2013-06-30,2013-06-30,10108000.0,411574000.0,28908000.0,0.22,98551000.0,0.239449042,4383875000.0,1377987000.0,305844000.0,374701000.0,3005888000.0,0.0,544300000.0,2152074950.0,3401692950.0,29.742224428568345,0.8162348112228149,0.2890908157737162,0.9197024355091884,0.0073000498538221366,29.742224428568345,0.007335337706378942,5.228889458517788,53.227021913335975,1.5617527233566064,1.5125643055005935,0.0,0.007104306474084464,0.09388360753899233,0.5611060552280351,0.002305722676855522,-126.4438866039953,0.23944904197058123,-0.8728323699421966,4.468611021728571,-0.13959678814047927,0.2510834333965032,-0.5287392048660591,-0.8748591732385822,-0.7911181120568811,10.972730005334226,0.045094695569690035,0.18383643158858257,Utilities—Regulated Gas,Utilities,SWX
2013Q1,2013,Q1,2013-03-31,2013-03-31,80773000.0,613505000.0,138394000.0,1.73,209122000.0,0.3408643776,4406294000.0,1380624000.0,370225000.0,415907000.0,3025670000.0,0.0,549656000.0,2200160070.0,3423073070.0,29.850684309528443,0.8901629450814725,0.2850454372767682,0.9097292238871698,0.03345194654375627,29.850684309528443,0.05850470511884481,3.5862137553891165,6.8097014782167316,1.5935983077217257,0.1690911566984017,0.0,0.006207730149379541,0.13923378694204244,0.6852445378413924,0.018331277940146527,27.377433552336868,0.34086437763343413,0.2910447761194029,0.5282469205761541,-0.2987515084078942,0.24321729426507896,3.190149031764817,0.29458432837016973,0.20122210552811798,0.22160317956288775,-0.10304078312259143,0.1618538282772501,Utilities—Regulated Gas,Utilities,SWX
2012Q4,2012,Q4,2012-12-31,2012-12-31,62393000.0,488566000.0,115211000.0,1.34,-95483000.0,-0.1954352124,4489738000.0,1310179000.0,458417000.0,535129000.0,3179559000.0,0.0,484369000.0,1961504909.9999998,3254484910.0,28.327582106332837,0.8566476494452739,0.2936719247314654,1.0063586731278704,0.027536961489290405,28.327582106332837,0.047621737182476594,4.014820740698288,7.859475061304954,1.4971274230467744,0.2181654993348613,0.0,0.006939569679690478,0.10881837648432938,0.5557314217693304,0.013896801996018476,-30.776428750745282,-0.19543521243803294,15.00208986415883,0.3450995877692416,1.5444899525726041,0.23864939015057646,-1.5813095491765852,15.135251472587223,17.258478605388273,0.31495777439676464,-0.04233971515114125,0.162299435936582,Utilities—Regulated Gas,Utilities,SWX
2012Q3,2012,Q3,2012-09-30,2012-09-30,-4414000.0,371799000.0,6310000.0,-0.0957,164255000.0,0.441784405,4271249000.0,1266252000.0,349816000.0,465153000.0,3006391000.0,0.0,435746000.0,2017901160.0,3256934160.0,27.447262322798803,0.7520450260451937,0.2952560246429089,0.9959407764015378,0.0013020217476586383,27.447262322798803,-0.003485878008484883,5.427398029580499,-114.2898255550521,1.593601557983719,-3.0833710919800636,0.0,0.006744631634980575,0.08704690361063006,0.45067321934933235,-0.0010334213715941169,-65.67192241351255,0.4417844050145374,-0.13523131672597857,0.5641412750317293,-0.07921663472300441,0.23733691772567195,-0.04799026284521981,-0.1352880658436214,-0.5897269180754227,0.4827494174509823,0.13852331044488095,-0.4627491082572543,Utilities—Regulated Gas,Utilities,SWX
2012Q2,2012,Q2,2012-06-30,2012-06-30,-3888000.0,409768000.0,15380000.0,-0.0843,172535000.0,0.4210553289,4232751000.0,1281967000.0,355614000.0,467401000.0,2952069000.0,0.0,453824000.0,2012876100.0,3202874100.0,27.79995229214555,0.7608327752828942,0.28883414120036827,0.9536618337289493,0.004452762627315873,27.79995229214555,-0.0030328393788607664,4.912233507740965,-129.42876157407406,1.5701465794361322,-3.4987139917695473,0.0,0.006757991711462023,0.09680890749302286,0.47620565638498846,-0.000918551551933955,549.2158526603001,0.4210553288690186,-1.0495882352941177,-9.564367573639268,-0.12031238403692719,0.23033598237541636,-0.584150803329975,-1.0492657028092094,-0.8857550344294809,-5.349008583471003,0.02533691940272559,0.1510158033399305,Utilities—Regulated Gas,Utilities,SWX
2012Q1,2012,Q1,2012-03-31,2012-03-31,78919000.0,657645000.0,134623000.0,1.7,414898000.0,0.6308844437,4437097000.0,1295625000.0,585939000.0,689334000.0,3142545000.0,0.0,471265000.0,1968946320.0,3144017320.0,28.12418598593384,0.850007398445456,0.3139735281874613,1.0752578871201157,0.032119097341000644,28.12418598593384,0.0609119150988905,2.9939349040895924,6.237237927495281,1.5196884283646888,0.15477895056957133,0.0,0.006203825810751407,0.14821515058156268,0.688772061148877,0.017786178665916027,24.18615271226415,0.6308844437348418,0.4285714285714286,0.44510373280718013,-0.24497884869434236,0.2401525246885679,0.6352142263141093,0.42648760031812594,0.32081747184176446,0.5226319369424981,-0.08072044434822157,0.14861509305035223,Utilities—Regulated Gas,Utilities,SWX
2011Q4,2011,Q4,2011-12-31,2011-12-31,55324000.0,517651000.0,101924000.0,1.19,253727000.0,0.4901507,4276007000.0,1226020000.0,461632000.0,847568000.0,3050976000.0,0.0,406125000.0,1957429320.0,3188968320.0,26.61326734392637,0.544654824155702,0.2931417090757803,1.0223944144467463,0.02625223257369104,26.61326734392637,0.04512487561377465,3.7813687600333044,8.845299146844045,1.5965720950718585,0.2199587882293399,0.0,0.006216827282427751,0.12105943699343803,0.3648981556642063,0.012938238875661335,-17.850635806522217,0.49015069998898875,4.5,0.07935505538835659,1.6199725420453486,0.2393691653001471,0.6773564449380561,4.513304121419953,15.914252268071408,0.7081738888841442,1.594748669959776,0.13916080448410215,Utilities—Regulated Gas,Utilities,SWX
2011Q3,2011,Q3,2011-09-30,2011-09-30,-15747000.0,352592000.0,-6834000.0,-0.34,151266000.0,0.4290114353,3939237000.0,1188254000.0,286644000.0,681663000.0,2751791000.0,0.0,363125000.0,1659515770.0,2797638770.0,25.898607266624527,0.4205069073721179,0.2939551491824432,0.9745046092838736,-0.001899984723449869,25.898607266624527,-0.013252217118562193,4.706617762172709,-26.34653854702483,1.3966001965909647,-0.7720835714739316,0.0,0.007326233483156354,0.08950768892554574,0.2617128991891888,-0.003997474637854995,-24.23499868567089,0.4290114353133367,-4.777777777777779,-0.310133641746901,-0.10476532940549822,0.2891533633026642,-0.10486605478527934,-4.883353884093712,-1.3322637106184365,0.10358337067607969,-0.10551016045545848,0.11646084062112165,Utilities—Regulated Gas,Utilities,SWX
2011Q2,2011,Q2,2011-06-30,2011-06-30,4055000.0,388505000.0,20568000.0,0.09,168987000.0,0.4349673749,3925044000.0,1223145000.0,326082000.0,626631000.0,2702601000.0,0.0,391079000.0,1770809040.0,2826396040.0,26.668956043956044,0.5203732340085313,0.2908377587614304,0.9332916375409294,0.007326796913922013,26.668956043956044,0.003315224278397083,4.558008365400703,109.17441676942047,1.4477507082152974,2.9977805178791614,0.0,0.006864658879310893,0.09898105600854411,0.3941554120367489,0.0010331094377540736,-59.441074149911046,0.4349673749372595,-0.9391891891891891,-0.04234920907685997,-0.210247064031932,0.30699493268600386,-0.5096624244851059,-0.9408452347955477,-0.8371947599635888,2.4056622131327243,-0.17955315550766782,0.12180879990014232,Utilities—Regulated Gas,Utilities,SWX
2011Q1,2011,Q1,2011-03-31,2011-03-31,68549000.0,628440000.0,126335000.0,1.48,344634000.0,0.5483960283,3941934000.0,1231578000.0,390300000.0,477690000.0,2711016000.0,0.0,399339000.0,1783384110.0,2797703110.0,26.912090553503923,0.8170570872323055,0.28480791408481215,0.9115898465221042,0.03393230191166728,26.912090553503923,0.05565948725943464,2.8377953503914455,6.5040486002713385,1.448048040806185,0.1669754482195218,0.0,0.0064181350141108975,0.1594242825983388,0.6676128870187779,0.017389687397100003,22.58191442753311,0.5483960282604544,0.5257731958762887,0.33896755467555606,-0.19886142666752382,0.3308426612776303,0.4466257823223483,0.5238190507947094,0.4661134965765348,0.3107959166116958,-0.27402060651476545,0.12083113586324594,Utilities—Regulated Gas,Utilities,SWX
2010Q4,2010,Q4,2010-12-31,2010-12-31,44985000.0,468112000.0,86170000.0,0.97,238233000.0,0.5089230782,3984193000.0,1167461000.0,445894000.0,596961000.0,2817197000.0,0.0,343131000.0,1678129210.0,2761794210.0,25.511024189847692,0.7469399173480344,0.30113024143157724,1.0276668770948236,0.023458963267370972,25.511024189847692,0.03853233641209428,3.584888253238541,9.326048738468378,1.4374177895450042,0.2532177392464155,0.0,0.00678791593169396,0.1174923001973047,0.5856580245610685,0.011290868690347079,-189.51205081874647,0.5089230782376867,9.818181818181818,0.2831138976675228,1.6736162254038893,0.34127868799279104,0.6484659350392339,10.062248186946011,467.3152173913044,-0.01984911460444839,1.5272578376022712,0.11549282378771089,Utilities—Regulated Gas,Utilities,SWX
2010Q3,2010,Q3,2010-09-30,2010-09-30,-4964000.0,307683000.0,184000.0,-0.11,144518000.0,0.4696977084,3772481000.0,1119091000.0,270814000.0,474306000.0,2653820000.0,0.0,309699000.0,1526564730.0000002,2582316730.0,24.624089598873415,0.5709689525327531,0.28511899728587103,0.9611425701752583,3.3651983325658163e-05,24.624089598873415,-0.004435742937795049,4.961485457435089,-76.88178535455279,1.3641113457261296,-2.2888799355358582,0.0,0.0074428550435591415,0.08155985411192263,0.32170371026299477,-0.0013158449306968014,-22124.126521739134,0.46969770835567776,-4.0228310502283104,0.7440851133611215,-0.16738381493971793,0.26258392442118056,-0.13845071598049385,-3.998992950654582,-0.9923432233365237,0.5024221043659549,-0.2264851783055143,0.1100668171471008,Utilities—Regulated Gas,Utilities,SWX
2010Q2,2010,Q2,2010-06-30,2010-06-30,-993000.0,385825000.0,24031000.0,-0.0219,167742000.0,0.4347618739,3747912000.0,1140385000.0,268317000.0,459653000.0,2607816000.0,0.0,326028000.0,1339034500.0,2384764500.0,25.12359278271023,0.5837381677047686,0.2876374898877028,0.9453298666678359,0.08537010116035777,25.12359278271023,-0.0008707585596092548,3.470574742435042,-337.1184541792548,1.1741951183153059,-11.431017119838872,0.0,0.008477003393116458,0.10294398587800353,0.36719220803519176,-0.00026494752278068427,37.18507359066926,0.43476187390656384,-1.0154225352112676,0.7072172264237545,-0.1126194282537233,0.2535246976986467,-0.369151444721492,-1.0153601039475313,-0.8025909374691946,-1.7411294164315896,-0.15851990470045615,0.11188896593354893,Utilities—Regulated Gas,Utilities,SWX
2010Q1,2010,Q1,2010-03-31,2010-03-31,64648000.0,668751000.0,121732000.0,1.42,265899000.0,0.3976053868,3840990000.0,1161831000.0,359205000.0,500369000.0,2679388000.0,0.0,338470000.0,1353012320.0,2437167320.0,25.692288980783264,0.717880204409146,0.2924141952986079,0.9667154689451392,0.03395978359883566,25.692288980783264,0.05564320456245358,2.0231929671880864,5.232228065833437,1.164551746338323,0.16616136616755353,0.0,0.007939321646383826,0.17410901876859872,0.5174421277097502,0.016831077404523314,10.531901485194757,0.39760538675830015,0.3921568627450979,0.6154594751097765,0.01055331309731821,0.2841038812776503,0.11495530098455242,0.3935161234695637,0.3457741418384832,0.2059567682092768,-0.2178478628548546,0.1329165957188032,Utilities—Regulated Gas,Utilities,SWX
2009Q4,2009,Q4,2009-12-31,2009-12-31,46392000.0,498805000.0,90455000.0,1.02,238484000.0,0.4781106845,3906292000.0,1102127000.0,417632000.0,474230000.0,2804206000.0,0.0,285316000.0,1290155130.0,2495524130.0,24.372017425532384,0.8806528477742868,0.3252916064646473,1.152937910059367,0.02442175398355875,24.372017425532384,0.042093152604010246,2.586491975822215,6.952465565183653,1.1706047760376075,0.23019055009484393,0.0,0.008277299180293149,0.12769270704801383,0.6395335596651414,0.011876224306836252,31.22350266214908,0.47811068453604116,6.666666666666667,-0.0590508672336093,1.9079281977885292,0.28122357914251706,0.6858401136692986,6.591418585030734,172.28544061302682,-0.07795302091938341,1.6085908135325342,0.13499505727755934,Utilities—Regulated Gas,Utilities,SWX
2009Q3,2009,Q3,2009-09-30,2009-09-30,-8297000.0,317509000.0,522000.0,-0.18,141463000.0,0.4455401264,3713268000.0,2291568000.0,279204000.0,387801000.0,1421700000.0,0.0,249754000.0,1147390900.0,2342444900.0,51.088351354364065,0.7199671996719967,0.3306742201209285,0.5358261242956788,7.353009485908777e-05,51.088351354364065,-0.0036206649769939185,3.61372716993849,-34.57246293841147,0.5007012229181067,-1.2837170061468,0.0,0.009282799785147329,0.0855066211218797,0.5053597076851272,-0.002234419923366695,78.22941978591396,0.4455401264216132,-12.533834586466165,0.5994439941120945,-0.05218375953127818,1.7342369641308402,0.9670587908115023,-12.968013468013469,-0.9644535240040858,0.29390867592728415,-0.175401590077154,1.5430216882334522,Utilities—Regulated Gas,Utilities,SWX
2009Q2,2009,Q2,2009-06-30,2009-06-30,-594000.0,387648000.0,14685000.0,-0.0133,71916000.0,0.1855188212,3681411000.0,1080343000.0,259299000.0,376101000.0,2601068000.0,0.0,268948000.0,993453300.0,2194676300.0,24.152537446903644,0.689439804733303,0.33356721105032827,1.1366741858835574,0.0010558415097412176,24.152537446903644,-0.0005498253795322411,2.5627716381872214,-418.12007575757576,0.9195721173738342,-17.882154882154882,0.0,0.0106919972987155,0.10529875637357525,0.5035190015447978,-0.0001613511775783796,27.04157275845174,0.18551882119861318,-1.011875,0.9448278766114987,0.08031068321106177,0.25774893303246205,-0.5543188606983057,-1.011884516116124,-0.8570510761323482,-1.1438387130548184,-0.1920114343084933,0.18367003202459684,Utilities—Regulated Gas,Utilities,SWX
2009Q1,2009,Q1,2009-03-31,2009-03-31,49981000.0,689862000.0,102729000.0,1.12,161362000.0,0.233904752,3723935000.0,1087735000.0,329500000.0,400471000.0,2636200000.0,0.0,280198000.0,936013680.0,2164389680.0,24.485300738339635,0.8227811751662417,0.3362459334010932,1.1511608985644481,0.027258084485366846,24.485300738339635,0.045949610888681526,1.356812927802952,4.681847502050779,0.8605162838375157,0.20003601368520038,0.0,0.010681467817863517,0.18525081667644575,0.6318135395571715,0.013421555424571052,9.74080755942222,0.23390475196488572,0.6000000000000002,-0.05673244773240843,0.1287911679867036,0.25785812090500004,1.1922557723079343,0.6003137807377049,0.22117613494525873,0.005705204067931929,-0.09405283057150149,0.21083431746079556,Utilities—Regulated Gas,Utilities,SWX
2008Q4,2008,Q4,2008-12-31,2008-12-31,31232000.0,-839309000.0,84123000.0,0.7,-839309000.0,1.0,3820384000.0,1037841000.0,438076000.0,509895000.0,2782543000.0,0.0,240982000.0,1120373280.0,2442281280.0,23.36216909778498,0.8591494327263456,0.35292447041972747,1.299146015622817,0.02089010552117669,23.36216909778498,0.0300932416429877,-1.3348758085520351,8.968151895491802,1.079523048328212,0.3170146004098361,0.0,0.008837233247833259,-0.2196923136522402,0.5252610831641809,0.008175094440768258,-43.17929934096427,1.0,2.8421052631578947,-0.29824138666355415,-0.8114167298503002,0.27511130768760134,-4.491418183633399,2.8717487714251466,11.68058486584263,-0.08231399929341818,-0.24417500340643405,0.22829954936159882,Utilities—Regulated Gas,Utilities,SWX
2008Q3,2008,Q3,2008-09-30,2008-09-30,-16686000.0,374422000.0,6634000.0,-0.38,240392000.0,0.6420349232,3509876000.0,1010951000.0,270434000.0,359020000.0,2498925000.0,0.0,220072000.0,1318761060.0,2631200060.0,23.19705835111631,0.7532560860119213,0.3776782997462019,1.3112445608145202,0.0019229317693795554,23.19705835111631,-0.01650525099633909,3.5221249285565484,-19.75849604458828,1.3044757461044107,-0.587378640776699,0.0,0.0074319755847204036,0.10667670310859985,0.45955378530443985,-0.004754014101922689,-62.0710279582039,0.6420349231615664,-5.041335453100159,0.2554129975483318,0.3210100994318604,0.3188341425065951,-0.009607620177650336,-5.123302752293578,-0.6162656177695511,0.1029347260790546,0.05660031347623738,0.1894138400682041,Utilities—Regulated Gas,Utilities,SWX
2008Q2,2008,Q2,2008-06-30,2008-06-30,-2725000.0,447304000.0,17288000.0,-0.0629,242724000.0,0.5426376692,3492230000.0,1029949000.0,269413000.0,386306000.0,2462281000.0,0.0,246617000.0,1288022520.0,2578284520.0,23.773174222140153,0.6974082721987233,0.37419442591123725,1.2687744732991633,0.0035487828345540768,23.773174222140153,-0.0026457620717142303,2.879523813782126,-118.16720366972477,1.2505692223595537,-3.5776146788990824,0.0,0.00756896703948934,0.1280854926508277,0.49142130849637333,-0.000780303702791626,-29.06319147975992,0.5426376692361347,-1.055175438596491,0.4840480880452344,0.3585137464343412,0.30560466660741886,-0.22429595919567413,-1.0554402669270833,-0.8337372571648394,0.15820957357342835,0.07786293182160965,0.1861464754616504,Utilities—Regulated Gas,Utilities,SWX
2008Q1,2008,Q1,2008-03-31,2008-03-31,49152000.0,813607000.0,103980000.0,1.14,312908000.0,0.3845935445,3585616000.0,1032754000.0,401200000.0,471330000.0,2552862000.0,0.0,259157000.0,1202615520.0,2486156520.0,24.010834185808612,0.8512082829440095,0.36282468619060154,1.2596901101327131,0.027575683802718808,24.010834185808612,0.04759313447345641,1.4781282855236004,6.1168188476562495,1.1644743278651064,0.18827311197916666,0.0,0.007694894873799732,0.22690857024288155,0.6038889949716759,0.013708104827733924,13.209458491685156,0.3845935445491496,0.1399999999999999,0.49619418396199305,0.5683871082030003,0.18201680037728643,1.3749857691206095,0.13943946032408372,0.11092117352934892,0.2913164781677423,0.29258760510230125,0.20006455609199525,Utilities—Regulated Gas,Utilities,SWX
2007Q4,2007,Q4,2007-12-31,2007-12-31,43137000.0,-834453000.0,93598000.0,1.0,-834453000.0,1.0,3670188000.0,983673000.0,502459000.0,527932000.0,2686515000.0,0.0,219768000.0,1280467240.0,2661622240.0,22.869734027713196,0.951749467734481,0.3850336821982961,1.4366013909093773,0.024467519311908444,22.869734027713196,0.04385298773067879,-1.5344989352306242,7.420933537334538,1.3017204294516571,0.21923175000579548,0.0,0.007385585280573051,-0.2273597428796563,0.5882405309774744,0.011753348874771537,-66.99807660108831,1.0,5.545454545454545,-0.1131779354915961,-2.928271348786027,0.2827247506465033,-4.63281076539297,5.629426915647135,10.068826868495742,-0.08013623028830694,-0.5968830506574566,0.20224936546811348,Utilities—Regulated Gas,Utilities,SWX
2007Q3,2007,Q3,2007-09-30,2007-09-30,-9318000.0,371524000.0,8456000.0,-0.22,229699000.0,0.618261539,3408703000.0,941604000.0,291629000.0,399276000.0,2467099000.0,0.0,186142000.0,1235236800.0,2580949800.0,22.18252921221259,0.7303945140704675,0.4003114967775133,1.4491686526395384,0.0022045758057742232,22.18252921221259,-0.009895879796602393,3.324783324899603,-33.14114616870573,1.3118431952285674,-0.9793947198969736,0.0,0.007388057091563333,0.10899277525792068,0.4496814233763111,-0.0027335910462131783,-34.5936875122525,0.6182615389584523,-26.5,0.5501806690109194,0.2927538767884258,0.3055932736104774,0.006921795546203752,-26.64985163204748,-0.5207707565882687,0.5246445338357985,0.17194871723952776,0.1872039265710773,Utilities—Regulated Gas,Utilities,SWX
2007Q2,2007,Q2,2007-06-30,2007-06-30,-337000.0,426537000.0,17645000.0,-0.008,228120000.0,0.5348187848,3383058000.0,954114000.0,308055000.0,424448000.0,2428944000.0,0.0,204626000.0,1427661060.0,2740639060.0,22.59541514706579,0.7257779515983113,0.39423562942166523,1.3978644061401468,0.0015877349129229134,22.59541514706579,-0.0003532072687330864,3.347097813319829,-1059.0957418397627,1.4963212572082583,-26.940652818991097,0.0,0.0063593525482862154,0.1260803095897262,0.4604662997587455,-9.961401785012258e-05,-34.93005137991779,0.5348187847713094,-1.0068376068376068,0.9872612075871953,0.2725883257903318,0.1612219147863265,-0.23834326638954276,-1.0067719636685153,-0.8218234694186669,0.9668424747132074,0.2591770167286085,0.17666143174910562,Utilities—Regulated Gas,Utilities,SWX
2007Q1,2007,Q1,2007-03-31,2007-03-31,49764000.0,793716000.0,99031000.0,1.17,299505000.0,0.3773452973,3479501000.0,952000000.0,450396000.0,507199000.0,2527501000.0,0.0,214098000.0,1631723730.0,2915869730.0,22.678005669501417,0.8880064826626235,0.38458244443671663,1.405625,0.027132395771114995,22.678005669501417,0.05227310924369748,2.0558029950259287,8.197309952978056,1.7139955147058823,0.17299654368619885,0.0,0.005276015689249062,0.22811201951084364,0.6495221796572943,0.01430205078256911,15.899555964804584,0.377345297310373,0.06363636363636349,-0.09853192168631877,0.23475456619763543,0.22737981812065491,1.3936468172970387,0.06545057486029932,0.0832057227861393,-0.006127195191564575,0.3743649982997413,0.1650138138857239,Utilities—Regulated Gas,Utilities,SWX
