Year,Date,FillingDate,NetIncome,Revenue,OperatingIncome,EPSDiluted,GrossProfit,GrossProfitRatio,TotalAssets,CommonStockEquity,CurrentAssets,CurrentLiability,TotalLiability,Inventory,RetainedEarnings,EnterpriseValue,bookValuePerShare,currentRatio,debtToAssets,debtToEquity,roic,shareholdersEquityPerShare,roe,priceToSalesRatio,peRatio,pbRatio,payoutRatio,inventoryTurnover,dividendYield,assetTurnover,quickRatio,returnOnAssets,priceToFreeCashFlowsRatio,grossProfitMargin,epsdilutedGrowth,fiveYNetIncomeGrowthPerShare,fiveYRevenueGrowthPerShare,fiveYShareholdersEquityGrowthPerShare,grossProfitGrowth,netIncomeGrowth,operatingIncomeGrowth,threeYNetIncomeGrowthPerShare,threeYRevenueGrowthPerShare,threeYShareholdersEquityGrowthPerShare,Industry,Sector,Price,MarketCap,AvgVolume,Symbol
2022,2022-12-31,2023-03-31,-40490938.0,4480442.0,-7089374.0,-6.22,748452.0,0.1670486974,153490336.0,137653966.0,95422167.0,3244738.0,4827221.0,35020.0,-188724411.0,-1023888.1000000015,21.133792782415103,29.408281038407416,0.03144967380877973,0.03506779455958428,-0.05408380954918235,21.133792782415103,-0.29415017363175716,3.3436303605760322,-0.3699825847452583,0.10883044154354404,0.0,106.56739006282125,0.0,0.029190384989449758,29.125481625943298,-0.2638012206840175,-0.46158997580810524,0.16704869742761985,0.9268751469550905,-250.40345862448902,10.142087198140368,158.95026212682234,-0.9119158178973116,0.6597903078041631,0.5271897881049654,0.63366447169346,-0.9876477155299332,-0.39624593705986333,Real Estate—Development,Real Estate,1.69,15607353,57257,AEI
2021,2021-12-31,2022-03-31,-119017591.0,19798822.0,-14994122.0,-85.06,8497008.0,0.4291673515,184210143.0,148377518.0,142731573.0,13537003.0,13920357.0,47290.0,-148233473.0,-38628189.96,106.04878268426981,10.54380892136908,0.07556780953153051,0.09381715766400675,-0.24794664741352482,106.04878268426981,-0.802126849163227,0.7886553573742923,-0.13119444704606734,0.10523458843677383,-0.0006196562993784676,238.98951152463522,0.004723189992644146,0.10747954307814635,10.080943174792825,-0.6460968384352213,-0.9232663155627296,0.42916735147171886,-7.925498426023085,-3439.118758323318,228.21018605903996,801.6259537612893,1.0461770455610497,-28.896428206301085,-7.869946954670408,-2969.37588384915,119.9775058453828,920.7595901070483,Real Estate—Development,Real Estate,1.69,15607353,57257,AEI
2020,2020-12-31,2021-04-14,-3980997.0,16238200.0,-1690441.0,-9.53,4152626.0,0.2557319161,103316578.0,57101337.0,81901192.0,7763020.0,8592724.0,90068.0,-43010991.0,30733010.599999994,136.73004231109067,10.550171453892943,0.0831688792480138,0.1504820106051107,-0.029454788877282128,136.73004231109067,-0.06971810484927875,3.075924154155017,-12.546473056874948,0.8747163240678585,0.0,134.1827730159435,0.0,0.15716935572527382,9.471042455127,-0.03853202532511288,30.77432718185313,0.25573191609907503,0.4384207424867413,-384.50872844783436,628.8143246637827,1033.8358353578608,-0.031840466138642304,0.46144200533661184,-0.07606426183425549,-384.50872844783436,628.8143246637827,1033.8358353578608,Real Estate—Development,Real Estate,1.69,15607353,57257,AEI
2019,2019-12-31,2019-12-31,-7391956.0,24257953.0,-1570948.0,-16.97,4289196.0,0.1768160735,35872780.0,15247872.0,11761733.0,7031518.0,13649449.0,116698.0,-40494115.0,63724432.4,35.00397608837385,1.6727160479429903,0.3804959916683346,0.8951707490723951,-0.06336488532540026,35.00397608837385,-0.48478607375507876,2.5068198623354574,-8.22655308013197,3.988118368254927,0.0,171.11481773466554,0.0,0.6762217202012222,0.9731230155423054,-0.206060305334574,10.211979911338782,0.1768160734749548,-591.5766185090995,-685.2655658506623,901.0264409503311,263.9261875736341,-0.11512595108266789,-0.4813925012074463,0.6286448848217342,-685.2655658506623,901.0264409503311,263.9261875736341,Real Estate—Development,Real Estate,1.69,15607353,57257,AEI
2018,2018-12-31,2018-12-31,-4989870.0,20380940.0,-4230312.0,-0.02863764696402616,4847239.0,0.2378319645708196,48702456.0,20046563.0,9686082.0,7896830.0,19500842.0,198817.0,-35263650.0,24333234423.0,0.11505037085858132,1.2265785131502134,0.40040777409664924,0.9727773284627395,-0.10185378270411961,0.11505037085858132,-0.24891399089210456,1193.4744006900564,-4874.702177010623,1213.3815732901446,0.0,78.13064778162833,0.0,0.4184786902738539,0.6569615909168616,-0.10245622931213161,3042.4196828140607,0.2378319645708196,-0.15814256943988303,-0.15814256943988303,0.8946512779986193,-0.12924588756589278,0.5009297130724315,-0.15814256943988306,0.13694702122810928,-0.15814256943988303,0.8946512779986193,-0.12924588756589278,Real Estate—Development,Real Estate,1.69,15607353,57257,AEI
2017,2017-12-31,2017-12-31,-4308511.0,10757093.0,-4901567.0,-0.02472722074094582,3229491.0,0.30021967830900037,60178972.0,23022071.0,9395438.0,12761298.0,25433377.0,63853.0,-32235614.0,24339988950.0,0.13212727820138495,0.7362446986192157,0.4226289707973077,1.104738882961485,-0.08207282371129423,0.13212727820138495,-0.18714697735056068,2261.2177985260514,-5645.600104537275,1056.5569948941604,0.0,117.88955883043866,0.0,0.1787516908730179,0.48975825186434796,-0.07159495845160001,-3389.2851497462716,0.30021967830900037,0.0,0.0,0.0,0.0,0.0,0.0,0.0,0.0,0.0,0.0,Real Estate—Development,Real Estate,1.69,15607353,57257,AEI
TTM,,,,,,,,,,,,,,,,-1279889.0,16.34900973228409,18.184859400962562,0.011485734148694771,0.012942435601465846,-0.048098007704621124,16.34900973228409,-0.3694194220775406,4.517139242653194,-0.2654014392802506,0.1033701751772028,0.0,96.01146855583299,0.0,0.022192513942592473,18.03478522769504,-0.3456485390580206,-0.5124692671510459,0.042925599852509634,,,,,,,,,,,Real Estate—Development,Real Estate,1.69,15607353,57257,AEI
