Quarters,Year,Quarter,FillingDate,Date,NetIncome,Revenue,OperatingIncome,EPSDiluted,GrossProfit,GrossProfitRatio,TotalAssets,CommonStockEquity,CurrentAssets,CurrentLiability,TotalLiability,Inventory,RetainedEarnings,MarketCap,EnterpriseValue,bookValuePerShare,currentRatio,debtToAssets,debtToEquity,roic,shareholdersEquityPerShare,roe,priceToSalesRatio,peRatio,pbRatio,payoutRatio,inventoryTurnover,dividendYield,assetTurnover,quickRatio,returnOnAssets,priceToFreeCashFlowsRatio,grossProfitMargin,epsdilutedGrowth,fiveYNetIncomeGrowthPerShare,fiveYRevenueGrowthPerShare,fiveYShareholdersEquityGrowthPerShare,grossProfitGrowth,netIncomeGrowth,operatingIncomeGrowth,threeYNetIncomeGrowthPerShare,threeYRevenueGrowthPerShare,threeYShareholdersEquityGrowthPerShare,Industry,Sector,Symbol
2023Q1,2023,Q1,2023-05-08,2023-03-31,1439000.0,106786000.0,9895000.0,0.06,69078000.0,0.6468825501,765224000.0,339482000.0,364753000.0,125825000.0,425742000.0,103654000.0,-96252000.0,651090240.0,869640240.0,20.710224499755977,2.898891317305782,0.3741479619039654,0.8433643020837629,0.010509710832038707,20.710224499755977,0.0042388108942447615,6.097149813645983,113.11505211952743,1.9178932609092678,0.28214037526059765,0.36378721515812223,0.0006235694763294256,0.1395486811704808,1.9270415259288696,0.001880495122996665,34.140330344502125,0.646882550147023,1.2307692307692308,-0.547839840572637,0.6241801069041157,0.3360356690324865,0.19293337477981556,1.3391468300730616,0.9909456740442656,1.149028327443892,0.5577572315494634,0.22529137895668683,Drug Manufacturers—Specialty & Generic,Healthcare,ANIP
2022Q4,2022,Q4,2023-03-09,2022-12-31,-4243000.0,94232000.0,4970000.0,-0.26,57906000.0,0.6145046269,760087000.0,338540000.0,344261000.0,99439000.0,421547000.0,105355000.0,-97286000.0,656754750.0,895045750.0,20.7375191424196,3.462031999517292,0.3769555327219121,0.8463372127370473,0.005889865784379451,20.7375191424196,-0.012533230932829207,6.96955121402496,-38.69636754654726,1.9399620428900572,-0.09592269620551497,0.34479616534573587,0.0006197138277264078,0.12397528177695448,2.148714287150917,-0.005582255715464151,-87.0796539379475,0.6145046268783428,0.5094339622641509,0.6871871263063325,0.4146812705767045,0.37521521058790963,0.13703929153494218,0.5066279069767442,6.281615302869288,0.3610614536994953,0.4303668671894249,0.15834857924817963,Drug Manufacturers—Specialty & Generic,Healthcare,ANIP
2022Q3,2022,Q3,2022-11-09,2022-09-30,-8600000.0,83821000.0,-941000.0,-0.53,50927000.0,0.6075685091,739110000.0,336675000.0,309377000.0,81627000.0,402435000.0,95893000.0,-92636000.0,523978420.0,754429420.0,20.651107158191746,3.790130716552121,0.38794225487410533,0.8516581272740774,-0.0010621213059513572,20.651107158191746,-0.025543922180144056,6.251159256033691,-15.23193081395349,1.5563330214598647,-0.0472093023255814,0.3430281668109247,0.00077484107074486,0.113408017751079,2.4099133865020153,-0.011635615808201756,-84.63550638022936,0.6075685090848355,0.42391304347826086,-2.2911708045831225,0.23326820430327247,0.3051473514837951,0.3206867041829828,0.4237083696307713,0.9109070251846241,-2.6088047617499064,0.1896924499928169,0.15100878305334664,Drug Manufacturers—Specialty & Generic,Healthcare,ANIP
2022Q2,2022,Q2,2022-08-08,2022-06-30,-14923000.0,73855000.0,-10562000.0,-0.92,38561000.0,0.522117663,751334000.0,336958000.0,322399000.0,96312000.0,414376000.0,92545000.0,-83630000.0,482790240.0,706350240.0,20.70784169124877,3.3474437245618405,0.3819140355687351,0.8515749737355991,-0.013424921781729254,20.70784169124877,-0.04428741861003448,6.537001421704692,-8.088022515579977,1.4327905554994986,-0.02727333646049722,0.3813712248095521,0.0008430162134180674,0.09829849308030783,2.219816845252928,-0.019862005446312826,-37.70325966419367,0.5221176629882879,0.26399999999999996,-4.94957115643534,0.17068925696367004,0.3542801319041966,0.27660067536251076,0.258668653750621,0.42728554386725953,-2.650495795097615,-0.01044830894098665,0.1818037132709345,Drug Manufacturers—Specialty & Generic,Healthcare,ANIP
2022Q1,2022,Q1,2022-05-10,2022-03-31,-20130000.0,64477000.0,-18442000.0,-1.25,30206000.0,0.4684771314,744846000.0,346094000.0,301399000.0,79532000.0,398752000.0,83155000.0,-68300000.0,453611070.0,663857070.0,21.447233066864968,3.789656993411457,0.38552533006822887,0.8297081139805949,-0.022637395134847693,21.447233066864968,-0.05816338913705525,7.035238457124246,-5.633520491803279,1.310658578305316,-0.020119225037257823,0.4121339666887138,0.0008928353534229225,0.08656420253314108,2.6220389277272043,-0.027025720753014716,-21.477796875,0.4684771313801821,0.6527777777777778,-13.48201758123154,0.257433744678911,0.4355692725347391,0.11745773371314416,0.6056498060572817,0.22261096825865195,-33.63635162893228,-0.11251696563858236,0.2615198227270407,Drug Manufacturers—Specialty & Generic,Healthcare,ANIP
2021Q4,2021,Q4,2022-03-15,2021-12-31,-51046000.0,60929000.0,-23723000.0,-3.6,27031000.0,0.4436475242,771598000.0,333890000.0,321775000.0,87537000.0,412858000.0,81693000.0,-47765000.0,652907520.0,839127520.0,23.564824617121886,3.6758742017661103,0.3713332590286652,0.8581269280301895,-0.06326377987322947,23.564824617121886,-0.15288268591452275,10.715874542500288,-3.197642910316185,1.955456946898679,-0.0037221329780981857,0.4149437528307199,0.0002910059911700818,0.0789646940505289,2.6140489164581835,-0.0661562108766482,0.0,0.4436475241674736,-8.72972972972973,-37.451656459197565,0.2974210478776635,0.601149046033929,-0.022316261574074073,-10.478749718911626,-5.660022459292533,-8.782528116591001,-0.11696186957064238,0.4012531126406864,Drug Manufacturers—Specialty & Generic,Healthcare,ANIP
2021Q3,2021,Q3,2021-11-01,2021-09-30,-4447000.0,52061000.0,-3562000.0,-0.37,27648000.0,0.531069322525499,470454000.0,191403000.0,191384000.0,84872000.0,279051000.0,61684000.0,-23439000.0,397351740.0,584087740.0,15.80928388535558,2.2549721934206803,0.42935122243619994,1.0553126126549741,-0.005647352372832283,15.80928388535558,-0.023233700621202384,7.63242619235128,-22.33819091522375,2.075995360574286,0.0,0.39577524155372545,0.0,0.11066119110476264,1.437081723065322,-0.00945257134597644,-66.39126817042606,0.531069322525499,0.6837606837606838,-2.655992196465771,0.27969765802837315,0.07358549870047809,0.050815248375204285,0.6847440805331064,0.7709766604513598,-1.853625059420288,-0.007225012508160949,-0.038456461372340885,Drug Manufacturers—Specialty & Generic,Healthcare,ANIP
2021Q2,2021,Q2,2021-08-06,2021-06-30,-14106000.0,48625000.0,-15553000.0,-1.17,26311000.0,0.5411002570694088,480159000.0,191917000.0,191799000.0,89454000.0,288242000.0,67634000.0,-18992000.0,423579249.99999994,604025250.0,15.88059577989243,2.144107586021866,0.4263316942929321,1.0666433927166432,-0.03047463443093226,15.88059577989243,-0.07350052366387554,8.711141388174806,-7.507075889692329,2.207096036307362,0.0,0.32992281988349054,0.0,0.10126853813007775,1.3069175218548081,-0.029377768614146565,-19.511688700538944,0.5411002570694088,-164.4870930232558,-12.83002708591918,0.4639848371690517,0.10559882450623706,-0.23815728515172574,-165.02325581395348,-6.107717569786535,-5.908931856319024,-0.005851203337449608,0.001941970252086277,Drug Manufacturers—Specialty & Generic,Healthcare,ANIP
2021Q1,2021,Q1,2021-05-07,2021-03-31,86000.0,54521000.0,3045000.0,0.007156528251643505,34536000.0,0.6334439940573358,463843000.0,203712000.0,182798000.0,82768000.0,260131000.0,59927000.0,-4886000.0,433824560.0,592174560.0,16.970343218927024,2.2085588633288227,0.3954419922258178,0.9004035108388313,0.008900403979843832,16.970343218927024,0.0004221646245680176,7.957017662918875,1261.1179069767443,2.1295974709393657,0.0,0.33348907837869407,0.0,0.11754192690199054,1.4129736129905277,0.000185407562472647,21.766321810245348,0.6334439940573358,1.023855094172145,-0.9393484737380754,1.5178779497079988,0.20726355042311323,0.05575935436537051,1.023658872077029,8.19939577039275,-0.9630991891591693,0.1323733489635646,0.09477248092975701,Drug Manufacturers—Specialty & Generic,Healthcare,ANIP
2020Q4,2020,Q4,2021-03-11,2020-12-31,-3635000.0,57252000.0,331000.0,-0.3,32712000.0,0.5713686858101027,461190000.0,195700000.0,170321000.0,78565000.0,265490000.0,60803000.0,-4972000.0,348363840.0,526185840.0,16.313771257085694,2.1678991917520523,0.4026236475205447,0.948829841594277,0.0013244205324850701,16.313771257085694,-0.0185743484925907,6.084745336407462,-23.95899862448418,1.7800911599386817,0.0,0.40359850665263225,0.0,0.12413972549274703,1.3193788582702222,-0.00788178408031397,-44.50227899846704,0.5713686858101027,-8.499999999999998,-2.2035364650989364,2.022861404776548,0.16410470302526134,-0.004534250327135511,-9.37557603686636,-0.8818700927908637,0.6353025436422173,0.1696814177241925,0.08185295554010219,Drug Manufacturers—Specialty & Generic,Healthcare,ANIP
2020Q3,2020,Q3,2020-11-05,2020-09-30,434000.0,52979000.0,2802000.0,0.04,32861000.0,0.6202646331565337,462581000.0,195100000.0,165819000.0,75900000.0,267481000.0,59195000.0,-1337000.0,338266110.0,508312110.0,16.270536235509965,2.184703557312253,0.40629857257431673,0.9633316248077909,0.0503925551152255,16.270536235509965,0.0022245002562788314,6.384909303686366,194.85375,1.7338088672475656,0.0,0.3398597854548526,0.0,0.11452913111433458,1.3391963109354414,0.000938214064131471,-45.57,0.6202646331565337,1.0388349514563107,-0.9096226461723166,1.5183824446210352,0.1881468988668218,0.18311431143114312,1.0351815823605708,1.247811090474927,-0.9114095105227226,0.05979185930017247,0.02829582512593819,Drug Manufacturers—Specialty & Generic,Healthcare,ANIP
2020Q2,2020,Q2,2020-08-06,2020-06-30,-12336000.0,48470000.0,-11307000.0,-1.03,27775000.0,0.5730348669279967,465391000.0,191344000.0,156544000.0,79088000.0,274047000.0,52563000.0,-1771000.0,387012780.00000006,549518780.0,15.989303919110888,1.9793647582439813,0.4087057979204583,0.9940630487498955,-0.026530798328786465,15.989303919110888,-0.06447027343423363,7.984583866309058,-7.843157830739301,2.0226021197424537,0.0,0.3937180145729886,0.0,0.10414898440236274,1.2753388630386404,-0.026506743791779384,21.46255434782609,0.5730348669279967,-0.7457627118644069,-4.274654136736568,1.3543072341471667,0.21326196427019348,-0.006971755452270289,-0.7595207531022679,-0.44185156847742924,-5.439395207391007,0.044697113589341676,0.04569065880877679,Drug Manufacturers—Specialty & Generic,Healthcare,ANIP
2020Q1,2020,Q1,2020-05-07,2020-03-31,-7011000.0,49774000.0,-7842000.0,-0.59,27970000.0,0.5619399686583357,482232000.0,201171000.0,158662000.0,79356000.0,281061000.0,52902000.0,10565000.0,484887480.0,664439480.0,16.902285330196605,1.999369927919754,0.4146676288591383,0.9940100710340953,-0.01389507896796058,16.902285330196605,-0.03485094770120942,9.741782456704303,-17.290239623448866,2.4103249474327813,0.0,0.4121583304979018,0.0,0.10321587949368768,1.2953399868945008,-0.014538645299357986,-8.684137115839244,0.5619399686583357,-0.43902439024390244,-2.52705448813129,1.5195582710153384,0.3226149208912999,-0.07295084683968049,-0.4500517063081696,-0.6788696210661529,-6.894185982397916,0.3160902906846892,0.13135346550284693,Drug Manufacturers—Specialty & Generic,Healthcare,ANIP
2019Q4,2019,Q4,2020-02-27,2019-12-31,-4835000.0,47966000.0,-4671000.0,-0.41,30171000.0,0.6290080473668849,456789000.0,212791000.0,187695000.0,61676000.0,243998000.0,48163000.0,17584000.0,733009620.0,856426620.0,17.90265858993774,3.0432421038977884,0.40664070281902587,0.8729175576034701,-0.007405586651077794,17.90265858993774,-0.02272182564112204,15.281858399699788,-37.90122130299897,3.4447397681292915,0.0,0.3694744928679692,0.0,0.10500690690887915,2.180118684739607,-0.010584755762507416,213.76775153105862,0.6290080473668849,-2.28125,-1.2185831053982923,1.1651724642969585,0.445557874626228,-0.1696435943305353,-2.2413350449293965,-1.6374181222707425,-3.3416348053421077,0.2175697966347537,0.21642427594909658,Drug Manufacturers—Specialty & Generic,Healthcare,ANIP
2019Q3,2019,Q3,2019-11-06,2019-09-30,3895000.0,51337000.0,7328000.0,0.32,36335000.0,0.7077741200303874,456775000.0,213130000.0,182386000.0,170707000.0,243645000.0,46174000.0,22419000.0,865741520.0,992681520.0,17.941745938210286,1.0684154721247519,0.40854468830386953,0.875582977525454,0.01803543217032225,17.941745938210286,0.018275231079622766,16.863889981884412,55.56749165596919,4.062035002111387,0.0,0.32490145969593276,0.0,0.11239012642986153,0.7637238074595653,0.00852717421049751,43.590026685463975,0.7077741200303874,-0.39622641509433965,-0.4539224536210026,1.7925375805703425,1.0260474773428272,-0.06171723692704971,-0.4085041761579347,-0.2113646147223418,0.47827515731853404,0.2861215504225251,0.2183978983686603,Drug Manufacturers—Specialty & Generic,Healthcare,ANIP
2019Q2,2019,Q2,2019-08-07,2019-06-30,6585000.0,54357000.0,9292000.0,0.53,38725000.0,0.7124197435472892,446906000.0,207656000.0,168912000.0,166794000.0,239250000.0,45296000.0,18524000.0,980196209.9999999,1125302210.0,17.522234410598262,1.012698298499946,0.41551243438217433,0.8942433640251185,0.026223072729754455,17.522234410598262,0.03171109912547675,18.032566366797283,37.21321981776765,4.7202884096775435,0.0,0.34510773578240905,0.0,0.12162960443583215,0.7006427089703466,0.014734642184262462,1247.0689694656487,0.7124197435472892,12.250000000000002,3.6413917583589117,6.751228892086774,1.1488865018205172,0.014752895550547665,13.665924276169266,1.1108587005906405,4.631567518915421,0.6688761210921947,0.21988885276011982,Drug Manufacturers—Specialty & Generic,Healthcare,ANIP
2019Q1,2019,Q1,2019-05-09,2019-03-31,449000.0,52887000.0,4402000.0,0.04,38162000.0,0.7215761907463082,434390000.0,199712000.0,151832000.0,165068000.0,234678000.0,42032000.0,11939000.0,824404460.0000001,970065460.0000001,17.001106665531626,0.9198148641771876,0.42333847464260227,0.920795946162474,0.005612654469125155,17.001106665531626,0.002248237461945201,15.588036001285763,459.02252783964366,4.1279665718634835,0.0,0.3503283212790255,0.0,0.1217500402863786,0.6399968497831197,0.0010336333709339534,-137.5382816149483,0.7215761907463082,-0.9130434782608696,-0.8863110311772417,3.1270931400257247,0.8444387861630378,0.03171213063343156,-0.9173112338858195,-0.6153778942769769,-0.6764148059173781,1.4958519041602758,0.20945204993028302,Drug Manufacturers—Specialty & Generic,Healthcare,ANIP
2018Q4,2018,Q4,2019-02-27,2018-12-31,5430000.0,57122000.0,11445000.0,0.46,36989000.0,0.6475438535065299,430604000.0,197263000.0,152877000.0,165549000.0,233341000.0,40503000.0,11488000.0,528084600.00000006,668091600.0,16.81696504688832,0.9234546871319066,0.42501927525057825,0.9277715537125564,0.02226477781284144,16.81696504688832,0.02752670292959146,9.244854872028291,24.313287292817684,2.677058546204813,0.0,0.4970742907932746,0.0,0.13265552572665373,0.6514687494337024,0.012610194053004616,20.136686367969496,0.6475438535065299,0.09523809523809533,0.2818429112063803,3.3952010388855802,2.9026920007743855,0.05387771382984786,0.07802263251935676,0.13159976270516116,0.8386247950229255,2.084390969439692,0.20001119258008576,Drug Manufacturers—Specialty & Generic,Healthcare,ANIP
2018Q3,2018,Q3,2018-11-06,2018-09-30,5037000.0,50703000.0,10114000.0,0.42,35098000.0,0.6922272843815948,439443000.0,192465000.0,156793000.0,46902000.0,246978000.0,40006000.0,6058000.0,657174840.0,818806840.0,16.441568426447976,3.342991770073771,0.4682473039734391,1.0691190606084222,0.0200951392692393,16.441568426447976,0.026170992128438937,12.961261463818708,32.61737343656939,3.4145160938352426,0.0,0.390066490026496,0.0,0.11538015169202832,2.3833312012280925,0.011462237423283566,94.59836476176767,0.6922272843815948,0.826086956521739,2.4249462838628726,4.240059038201458,3.248420073802422,0.14418907905460474,0.8138278718041051,0.39253751893157096,0.07445622398916021,1.468871386625027,0.20063642990181574,Drug Manufacturers—Specialty & Generic,Healthcare,ANIP
2018Q2,2018,Q2,2018-08-07,2018-06-30,2777000.0,47268000.0,7263000.0,0.23,30675000.0,0.6489591266818989,424177000.0,185110000.0,152367000.0,39678000.0,239067000.0,37756000.0,1021000.0,780157200.0,929769200.0,15.849815908896309,3.8400877060335703,0.4823599582249863,1.1053211603911188,0.01477418559043385,15.849815908896309,0.015001890767651667,16.504975882203606,70.23381346777097,4.214559991356491,0.0,0.43947981777730694,0.0,0.11143461338073493,2.8002671505620245,0.006546795323650268,333.6857142857143,0.6489591266818989,0.21052631578947373,1.009987567598409,-0.8733391610334306,-0.9140345501299718,0.18941450174486235,0.23422222222222222,0.11106011932078935,-0.24465286035540126,1.3525397854379604,0.2026776700369213,Drug Manufacturers—Specialty & Generic,Healthcare,ANIP
2018Q1,2018,Q1,2018-05-08,2018-03-31,2250000.0,46483000.0,6537000.0,0.19,25790000.0,0.5548264957081084,418019000.0,179644000.0,143394000.0,39650000.0,238375000.0,34294000.0,-1756000.0,674711580.0,825271580.0,15.50125118646993,3.6164943253467845,0.4844995083955514,1.1273964062256463,0.013541781174008425,15.50125118646993,0.012524771214179154,14.51523309597057,74.96795333333333,3.7558258555810378,0.0,0.6034000116638479,0.0,0.11119829481435055,2.6928373266078185,0.00538253045914181,32.670520046484604,0.5548264957081084,1.2309833813535624,1.3459163588262284,111.8634931853327,1.430383640190668,-0.039120715350223545,1.23366912451968,-0.11410760265618647,-0.49669520514565974,1.4165177866053695,0.21298307957688556,Drug Manufacturers—Specialty & Generic,Healthcare,ANIP
2017Q4,2017,Q4,2018-02-27,2017-12-31,-9629000.0,47286000.0,7379000.0,-0.82257,26840000.0,0.5676098633845112,412138000.0,174756000.0,131605000.0,39228000.0,237382000.0,37727000.0,-4006000.0,746911050.0,917274050.0,15.079471913020969,3.3548740695421637,0.4889308920798373,1.153076289226121,-0.043410813682200344,15.079471913020969,-0.05509968184211129,15.795606522014973,-19.392227905286116,4.274022351163908,0.0,0.5419460863572507,0.0,0.11473341453590788,2.292546140511879,-0.023363533573705894,-21.769485572719322,0.5676098633845112,-3.0564250000000004,0.149555402058361,7.463477673962099,1.1842760108663506,-0.009082182677397918,-3.040042372881356,-0.2091951559318401,-1.446468746506267,1.1891793007330465,0.21759845106604914,Drug Manufacturers—Specialty & Generic,Healthcare,ANIP
2017Q3,2017,Q3,2017-11-02,2017-09-30,4720000.0,48164000.0,9331000.0,0.4,27086000.0,0.5623702350303131,370469000.0,182801000.0,125582000.0,36384000.0,187668000.0,38478000.0,5623000.0,606416970.0,739669970.0,15.822816584436943,3.451572119613017,0.4083580542501532,0.8275884705225901,0.020682410427116285,15.822816584436943,0.025820427678185567,12.590668756747778,32.11954290254237,3.3173613382858957,0.0,0.5477935443630126,0.0,0.1300081788219797,2.2044030343007917,0.01274060717630895,41.524032456861136,0.5623702350303131,0.7391304347826088,1.2549490895653448,143.28195638728977,0.8720028004091638,0.14567295491075205,0.7605371130175308,0.33414355161567055,-0.3195848653169582,1.6938672904509329,0.7867702360606789,Drug Manufacturers—Specialty & Generic,Healthcare,ANIP
2017Q2,2017,Q2,2017-08-03,2017-06-30,2681000.0,44764000.0,6994000.0,0.23,23642000.0,0.528147618622107,359219000.0,176546000.0,112856000.0,28292000.0,182673000.0,42307000.0,903000.0,540352800.0,686364800.0,15.290663433223628,3.9889721476035627,0.4297684699305994,0.8744519841854248,0.014344755294802291,15.290663433223628,0.015185843916033216,12.071146456974354,50.387243565833636,3.060691264599594,0.0,0.4992554423617841,0.0,0.1246147893068017,2.2579527781705075,0.007463413683574644,-234.62996092053842,0.528147618622107,1.3,1.1064597613100822,119.00740218896908,0.6650680122718649,0.16796759213516452,1.3272569444444444,0.5122162162162163,2.1038175583375525,5.5519023193598676,0.8752117729723348,Drug Manufacturers—Specialty & Generic,Healthcare,ANIP
2017Q1,2017,Q1,2017-05-04,2017-03-31,1152000.0,36628000.0,4625000.0,0.1,20242000.0,0.5526373266353609,357138000.0,172212000.0,106981000.0,32425000.0,184926000.0,45893000.0,-1778000.0,570701770.0,712376770.0,14.939880281079205,3.299336931380108,0.42700860731705953,0.8855422386360997,0.009796021478622845,14.939880281079205,0.006689429308062156,15.581024625969205,123.85021050347223,3.3139489118063783,0.0,0.3570479158041531,0.0,0.10255979481320945,1.7740323824209714,0.003225643868756615,-12.25602426715344,0.5526373266353609,2.0789814415192063,1.031445145585804,89.02151359964932,0.26986978681506163,-0.04962674303957932,2.066666666666667,2.563174114021572,-0.7027409119813008,1.9128573640573867,0.6208177028217688,Drug Manufacturers—Specialty & Generic,Healthcare,ANIP
2016Q4,2016,Q4,2017-03-02,2016-12-31,-1080000.0,38205000.0,1298000.0,-0.09268,21299000.0,0.5574924748069624,322864000.0,169648000.0,103007000.0,31948000.0,153216000.0,26183000.0,-2916000.0,698766740.0,792044740.0,14.71744599635638,3.2242080881432327,0.37366507260022797,0.7111371781571253,0.0030106516815257642,14.71744599635638,-0.006366122795435254,18.289929066876063,-161.75156018518518,4.1189211779685,0.0,0.6456861322231983,0.0,0.11833155755983944,2.293101289595593,-0.0033450616978046486,65.3480538670158,0.5574924748069624,-1.4212727272727272,0.9544895023653608,92.59112072227448,0.25695358917546945,-0.025484992679355785,-1.424695241840346,-0.8361318015402096,-1.259442099928839,1.9914191037577902,2.4154592461638535,Drug Manufacturers—Specialty & Generic,Healthcare,ANIP
2016Q3,2016,Q3,2016-11-03,2016-09-30,2543000.0,38525000.0,7921000.0,0.22,21856000.0,0.567319922128488,319379000.0,168830000.0,95475000.0,30491000.0,150549000.0,28261000.0,-1836000.0,760702749.9999999,863355749.9999999,14.72568687309202,3.1312518448066644,0.3719969064966701,0.7037137949416573,0.01388369406565137,14.72568687309202,0.015062488894153882,19.745691109669043,74.78399036570978,4.505732097376058,0.0,0.589823431584162,0.0,0.12062471233237,2.0869108917385457,0.007962326890622113,-152140.55,0.567319922128488,1.2,1.0505336703478758,52.33266184901511,-0.03234856310744059,0.118411626240917,1.2604444444444445,0.5250288794763188,0.7654793188720018,3.065178609549044,2.805044755434477,Drug Manufacturers—Specialty & Generic,Healthcare,ANIP
2016Q2,2016,Q2,2016-08-04,2016-06-30,1125000.0,31337000.0,5194000.0,0.1,19542000.0,0.6236078756741232,307999000.0,163776000.0,79824000.0,24730000.0,144223000.0,25052000.0,-4379000.0,636459640.0,738438640.0,14.363795825293808,3.2278204609785686,0.3798486358721944,0.7143476455646737,0.008848466176821517,14.363795825293808,0.006869138335287222,20.31016498069375,141.43547555555554,3.8861593884329815,0.0,0.47082069295864604,0.0,0.10174383683063906,2.0451273756570965,0.003652609261718382,-11.03164349845738,0.6236078756741232,-0.1666666666666666,1.0172011409096937,87.57977554100087,2.252218968711903,0.13980752405949257,-0.16419019316493313,-0.0833039181080127,1.0041443936176044,-0.9139883710227638,-0.9220943525741809,Drug Manufacturers—Specialty & Generic,Healthcare,ANIP
2016Q1,2016,Q1,2016-05-05,2016-03-31,1346000.0,20555000.0,5666000.0,0.12,17145000.0,0.8341036244222817,291588000.0,160178000.0,116552000.0,16211000.0,131410000.0,13922000.0,-5504000.0,383555699.99999994,421007699.99999994,14.056867046950417,7.189686015668373,0.3950745572520131,0.7191936470676372,0.009596163501536864,14.056867046950417,0.008403151493962965,18.65997081002189,71.23991456166418,2.39455917791457,0.0,0.24493607240339033,0.0,0.07049329876400949,6.182715440133243,0.004616102171557128,-5.142738194202353,0.8341036244222817,-0.52,1.0161227039089828,73.51463221788565,0.26638242718938837,0.18282166264229044,-0.5319888734353269,-0.09604339502233568,1.210457921020347,49.75846181059855,1.2039240118283387,Drug Manufacturers—Specialty & Generic,Healthcare,ANIP
2015Q4,2015,Q4,2016-02-23,2015-12-31,2876000.0,18035000.0,6268000.0,0.25,14495000.0,0.8037149986138065,285265000.0,160082000.0,192583000.0,11756000.0,125183000.0,13387000.0,-4350000.0,515462875.0,474205875.0,14.01400682832881,16.381677441306568,0.3976197570679894,0.7085556152471858,0.018825830193114262,14.01400682832881,0.017965792531327695,28.58125173274189,44.80727355702365,3.2199927224797293,0.0,0.2644356465227459,0.0,0.06322191646363907,15.02347737325621,0.010081853714966785,143.3035515707534,0.8037149986138065,-0.358974358974359,1.0446677698520352,24.99058320636201,0.7233444370302554,-0.13265916706558162,-0.3691599034876069,-0.2583126257247663,1.2577030199222397,2.274901240564425,1.029942368525786,Drug Manufacturers—Specialty & Generic,Healthcare,ANIP
2015Q3,2015,Q3,2015-11-03,2015-09-30,4559000.0,19972000.0,8451000.0,0.39,16712000.0,0.8367714800721009,283276000.0,155893000.0,197522000.0,12190000.0,127383000.0,13741000.0,-7226000.0,449781840.0,414061840.0,13.694044272663387,16.203609515996718,0.4066458153885257,0.7389234923954251,0.02512374783449628,13.694044272663387,0.029244417645436293,22.520620869216902,24.664500987058563,2.8851958715272654,0.0,0.23724619751109818,0.0,0.07050367839139214,14.155701394585726,0.016093844872138833,-27.20674086619889,0.8367714800721009,0.2580645161290323,1.0683354128394498,66.59127973979196,0.7696057087749554,0.020580152671755725,0.2766732007840941,0.004397432850011885,1.2499084525028639,59.71708574277402,0.6201470256924656,Drug Manufacturers—Specialty & Generic,Healthcare,ANIP
2015Q2,2015,Q2,2015-08-04,2015-06-30,3571000.0,19516000.0,8414000.0,0.31,16375000.0,0.8390551342488215,270121000.0,149500000.0,208948000.0,6949000.0,120621000.0,12701000.0,-11785000.0,703895200.0,650836200.0,13.178772919605077,30.06878687580947,0.42081881823331024,0.7603478260869565,0.02015360594500908,13.178772919605077,0.02388628762541806,36.067595818815334,49.27857742929151,4.708329096989966,0.0,0.2473033619400047,0.0,0.07224910317968614,26.71046193696935,0.013220001406776963,698.3087301587302,0.8390551342488215,-0.1842105263157895,1.0523373464291144,0.0,-0.11169928517590227,0.020376370887337986,-0.18265049210345616,-0.12051844883453539,1.1443257621737626,52.25192262835069,0.4350949077690146,Drug Manufacturers—Specialty & Generic,Healthcare,ANIP
2015Q1,2015,Q1,2015-05-05,2015-03-31,4369000.0,18799000.0,9567000.0,0.38,16048000.0,0.8536624288525986,265985000.0,144740000.0,202993000.0,9073000.0,121245000.0,10737000.0,-15356000.0,708441300.0,655050300.0,12.779445523574077,22.373305411660972,0.4217230294941444,0.7749896365897472,0.023544820360930176,12.779445523574077,0.030185159596517894,37.68505239640407,40.5379549095903,4.8945785546497165,0.0,0.25621682034087734,0.0,0.07067691787130853,20.162460046291194,0.016425738293512793,-202.87551546391754,0.8536624288525986,-0.7912087912087912,1.0572471741159617,0.13881659211482855,-0.13107316891503337,-0.07578898871227828,-0.7920019043084979,-0.11186409209060527,1.121373230468756,46.02270289366804,0.08623572996017584,Drug Manufacturers—Specialty & Generic,Healthcare,ANIP
2014Q4,2014,Q4,2015-02-23,2014-12-31,21005000.0,21037000.0,10772000.0,1.82,17364000.0,0.8254028616247564,263709000.0,139785000.0,203478000.0,13233000.0,123924000.0,7518000.0,-19725000.0,636473930.0,578127930.0,12.38460175423053,15.376558603491272,0.41974676632196856,0.7918660800515077,0.0897955739587928,12.38460175423053,0.1502664806667382,30.254975994676048,7.575266960247561,4.553234824909683,0.0,0.488560787443469,0.0,0.0797735382561839,14.081009597219074,0.07965219237872048,61.1817677593002,0.8254028616247564,2.0847457627118646,1.089609844924276,1.740197920223932,0.22376143503799475,0.2120619852017311,2.1136970056329676,0.3138187583851689,1.9039580629022048,51.63032100384655,0.05771542354174724,Drug Manufacturers—Specialty & Generic,Healthcare,ANIP
2014Q3,2014,Q3,2014-11-10,2014-09-30,6746000.0,17387000.0,8199000.0,0.59,14326000.0,0.8239489273595215,107637000.0,99492000.0,57565000.0,8145000.0,8145000.0,7346000.0,-40730000.0,317725800.0,282675800.0,8.855540720961281,7.067526089625537,0.0,0.0,0.06705206339169087,8.855540720961281,0.06780444658867045,18.27375625467303,11.774599762822415,3.1934808828850563,0.0,0.4166893547508848,0.0,0.1615336733651068,6.092081031307551,0.0626736159499057,-17.296847950351136,0.8239489273595215,3.8095238095238093,1.0796809622056078,123.69583361964723,-0.33047992389072056,2.1624724061810157,3.8548455353364366,4.332926829268293,1.1367986469664193,23.562708205848537,-0.41808645145396417,Drug Manufacturers—Specialty & Generic,Healthcare,ANIP
2014Q2,2014,Q2,2014-08-07,2014-06-30,-2363000.0,6647000.0,-2460000.0,-0.21,4530000.0,0.681510455844742,95423000.0,91595000.0,67160000.0,3828000.0,3828000.0,5912000.0,-47476000.0,386864520.0,333903520.0,8.15409952817591,17.54440961337513,0.0,0.0,-0.02542625983111272,8.15409952817591,-0.02579835143839729,58.20137204754025,-40.92938214134574,4.223642338555598,0.0,0.35808525033829497,0.0,0.06965825849113945,15.871212121212121,-0.02476342181654318,227.43358024691358,0.681510455844742,-1.6363636363636365,0.9653064538801894,2.9156651576490944,0.06897633754264945,-0.4527002537151142,-1.7034831795177137,-1.703862660944206,0.9633263842333244,18.07164325427172,0.8462332297706576,Drug Manufacturers—Specialty & Generic,Healthcare,ANIP
2014Q1,2014,Q1,2014-05-12,2014-03-31,3359000.0,10899000.0,3495000.0,0.33,8277000.0,0.7594274704101294,96652000.0,92092000.0,67936000.0,4560000.0,4560000.0,5090000.0,-45113000.0,313217850.0,261844850.0,9.217495746171554,14.898245614035087,0.0,0.0,0.03617423698050949,9.217495746171554,0.036474395170047344,28.73821910266997,23.311837600476334,3.401140707118968,0.0,0.5151277013752456,0.0,0.11276538509291065,13.657894736842104,0.034753548814302856,-42.008831813304724,0.7594274704101294,-0.08333333333333326,1.063251233068809,11.148773729465772,-0.30528949363468294,0.08557582275617169,-0.02153525458872001,0.010167283124021084,1.0458889576319257,44.062585310990414,-0.16959628367709573,Drug Manufacturers—Specialty & Generic,Healthcare,ANIP
2013Q4,2013,Q4,2014-02-28,2013-12-31,3432929.0,10532330.0,3459823.0,0.36,7624525.0,0.7239162654417398,44500000.0,40962000.0,27716000.0,3538000.0,3538000.0,3518000.0,-48472000.0,190880479.99999997,179775479.99999997,4.309067957079739,7.833804409270774,0.0,0.0,0.08197580644358758,4.309067957079739,0.08380765099360382,18.12329085776841,13.900701121403907,4.6599404325960645,0.0,0.8265505969300739,0.0,0.23668157303370788,6.67552289429056,0.07714447191011235,-65.95264675446279,0.7239162654417398,1.769230769230769,1.2361482292963077,-0.7660958112683081,-0.7625007589959317,0.4642546921003867,1.8822880450160069,3.26985243572988,1.0640696831650278,17.23923852923462,-0.47010099369958297,Drug Manufacturers—Specialty & Generic,Healthcare,ANIP
2013Q3,2013,Q3,2013-11-07,2013-09-30,1191043.0,7836222.0,810291.0,0.13,5207103.0,0.6644915113430937,43285828.0,36688805.0,26094759.0,6597023.0,6597023.0,2809160.0,-51904465.0,92621612.61999999,81691806.61999999,3.870043013833244,3.955535549898795,0.0,0.0,0.02399585284302365,3.870043013833244,0.032463390399332985,11.819676959126475,19.44128226688709,2.5245197443743397,0.0,0.9359093109684034,0.0,0.18103435609456286,3.0991103108174705,0.02751577259882842,-55.62455378317851,0.6644915113430937,1.0054605056743378,1.0145105579621954,6.646972141433893,-0.8070099973613953,0.28475309270986743,1.2598677449661442,1.2146560616970177,1.0214378280880376,30.84585809403712,-0.49989571567582125,Drug Manufacturers—Specialty & Generic,Healthcare,ANIP
2013Q2,2013,Q2,2013-08-09,2013-06-30,-4583266.0,6151539.0,-3774834.0,-23.80731891021479,4052999.0,0.6588593521068468,41658023.0,35494810.0,24118984.0,6163213.0,6163213.0,2584686.0,-53095509.0,1085784.5999999999,-11509142.4,184.37425655143755,3.913378297975423,0.0,0.0,-0.10634890002228495,184.37425655143755,-0.12912496221278547,0.17650617187016124,-0.059225484621664985,0.03058995385522559,0.0,0.8119129364263202,0.0,0.14766756934192485,3.0864474422675316,-0.1100212076794907,0.35836899856260895,0.6588593521068468,-43.08770925541489,-1.9776729368617325,933.3781305362467,5.735034965745917,26.94400854936569,-1.0008591451592976,-0.28286234638534663,-2.958207494697474,0.0,11.42754427054135,Drug Manufacturers—Specialty & Generic,Healthcare,ANIP
2013Q1,2013,Q1,2013-05-10,2013-03-31,-2290649.0,145040.0,-2942509.0,-0.539999,145040.0,1.0,35356386.0,26030650.0,31926746.0,9325736.0,9325736.0,0.0,-247247536.0,29384992.8,8165435.800000001,6.378108760332927,3.4235095224655727,0.23105345099468028,0.31383061890502156,-0.08603861447991096,6.378108760332927,-0.08799814833667234,202.5992333149476,-3.2070597459497288,1.1288612769946198,0.0,0.0,0.0,0.004102229226708861,3.1513622088379942,-0.06478741916665351,-7.088460388921012,1.0,0.44728298140206146,0.8831298302020512,-0.4114262925417047,-0.8132446632729392,-0.9262848189114203,0.42551822259049976,0.19055723602481056,0.916705942089027,-0.9756168228285491,-0.5663262679739979,Drug Manufacturers—Specialty & Generic,Healthcare,ANIP
2012Q4,2012,Q4,2013-02-28,2012-12-31,-3987331.0,1967573.0,-3635228.0,-0.97699,1967573.0,1.0,38769170.0,28175505.0,35173144.0,10593665.0,10593665.0,0.0,-244956887.0,30119617.62,3209162.620000001,6.903647633359298,3.3202054246570945,0.20335452113109462,0.27981347628019443,-0.10081224056168892,6.903647633359298,-0.14151764094379143,15.308005151524238,-1.888457317689452,1.0690000984898052,0.0,0.0,0.0,0.050750970423148085,3.284447922414009,-0.10284798462283304,-9.276648641856141,1.0,0.3969186362690795,0.5592832383553276,0.10588795881606998,-0.8246151832005536,16.82496398902005,0.3486684912889396,0.3186033425517613,0.9529563768941619,-0.2912151720655866,-0.3178288731076488,Drug Manufacturers—Specialty & Generic,Healthcare,ANIP
2012Q3,2012,Q3,2012-11-08,2012-09-30,-6121815.0,110383.0,-5334966.0,-1.619997,110383.0,1.0,43211746.0,32289680.0,38583132.0,10922066.0,10922066.0,0.0,-240969556.0,42862677.660000004,12406798.660000004,8.452346642311939,3.532585501680726,0.17572111064431417,0.23515922115053478,-0.13115645866461753,8.452346642311939,-0.18959045119059711,388.3086857577707,-1.7504072591216822,1.3274420080967049,0.0,0.0,0.0,0.0025544674820591603,3.4836902651934167,-0.14167016070121305,-5.461733259291503,1.0,0.25000000000000006,0.28650132551360646,-0.5026310029701778,-0.7956560243461247,0.014736164736164736,0.16643269251193746,-50.04362934362934,0.7873452589172428,1.328177658901436,-0.3609632719696412,Drug Manufacturers—Specialty & Generic,Healthcare,ANIP
2012Q2,2012,Q2,2012-08-01,2012-06-30,-7344116.0,108780.0,108780.0,-2.159996,108780.0,1.0,47294679.0,30921041.0,42929685.0,16373638.0,16373638.0,0.0,-234847741.0,51517073.7,19577663.700000003,9.18320652401497,2.6218782288945195,0.22153940404162592,0.33885130193385143,,9.18320652401497,-0.2375119259406564,473.5895725317154,-1.7536853210107246,1.666084712348462,0.0,0.0,0.0,0.0023000473266770664,2.5905693652198734,-0.1552841916952222,-7.301142569000213,1.0,0.33333189299833615,0.397466541957423,-0.6915316489309326,-0.812896260542421,-0.045789473684210526,0.28451142712872757,1.0156925880003203,0.6402833812815081,-0.7862210566991518,0.20388896934831607,Drug Manufacturers—Specialty & Generic,Healthcare,ANIP
2012Q1,2012,Q1,2012-05-08,2012-03-31,-10264477.0,114000.0,-6931935.0,-3.239987,114000.0,1.0,54574918.0,37996376.0,50190652.0,6084953.0,16578542.0,0.0,-227503625.0,79061611.68,40081468.68000001,11.764891515806246,8.248322049488303,0.19227860314879447,0.27617341717010063,-0.1429560734886074,11.764891515806246,-0.27014357895605623,693.5229094736843,-1.9256122762026744,2.0807671679004334,0.0,0.0,0.0,0.0020888716681168444,8.130503555245209,-0.1880804841520788,-10.209999588044084,1.0,-0.5737947549679169,-0.13536182247576395,-0.5472667754509679,-0.5404543236851517,0.770928805555124,-0.543784578062102,0.1738607913777526,0.4020697469252417,-0.6068979113201765,-0.11329563176923851,Drug Manufacturers—Specialty & Generic,Healthcare,ANIP
2011Q4,2011,Q4,2012-03-13,2011-12-31,-6648905.0,114373.0,-8390759.0,-2.05871,64373.0,0.5628338856198578,62379755.0,37815292.0,58026381.0,7227703.0,24564463.0,0.0,-217239148.0,58133538.0,18245064.0,11.708822126050542,8.02832947064925,0.2779228613514112,0.4584589747449259,,11.708822126050542,-0.17582582728701393,508.2802584526068,-2.1858312759770215,1.5373023696339565,0.0,0.0,0.0,0.0018334954986597815,7.917485541395378,-0.10658754591132973,-5.285099154808343,0.5628338856198578,0.5234448839266265,-1.148648392876865,-0.9983625667264383,-0.5794318199353834,-0.6478192839635855,0.4778493525561442,0.35595443026043416,-0.3462123177593961,-0.9925238051086355,-0.3546547894609624,Drug Manufacturers—Specialty & Generic,Healthcare,ANIP
2011Q3,2011,Q3,2011-11-09,2011-09-30,-12733691.0,182784.0,-13028207.0,-4.319983,182784.0,1.0,74890908.0,44148857.0,70543909.0,11499718.0,30742051.0,0.0,-210590243.0,238122375.88220197,188998509.88220197,15.217966213516869,6.134403382761212,0.2734154725430756,0.46380210930489096,,15.217966213516869,-0.28842628926950475,1302.7528442434893,-4.6750462195564895,5.393624933080418,0.0,0.0,0.0,0.002440670101102259,6.052339631284871,-0.1700298653075484,-18.770603620565318,1.0,0.249999956597049,-2.6676081863216003,-0.7204711237334646,0.04929028330031066,1.2565090181845118,0.14968316682393748,0.0028117231595823386,0.4930490935807095,-0.41712439433119025,-0.24111558212583573,Drug Manufacturers—Specialty & Generic,Healthcare,ANIP
2011Q2,2011,Q2,2011-08-05,2011-06-30,-14975231.0,81003.0,-13064942.0,-5.759977,81003.0,1.0,42763850.0,11530516.0,38139321.0,11481498.0,31233334.0,0.0,-197856551.0,258460686.0,241086516.0,4.4166139990822435,3.321807049916309,0.46188161262374644,1.7130053850148597,,4.4166139990822435,-1.2987476883081381,3190.754490574423,-4.3148029903512,22.415361636894655,0.0,0.0,0.0,0.001894193343209276,3.233550709149625,-0.3501843496317567,-18.18898833714973,1.0,0.19999997222211027,-0.4002098704571823,-0.9038452596891134,-0.06954994390279215,0.42110526315789476,0.1319046859381047,0.20543667393402912,0.2825680122248023,-0.0927118002130447,-0.8386648425306429,Drug Manufacturers—Specialty & Generic,Healthcare,ANIP
2011Q1,2011,Q1,2011-05-10,2011-03-31,-17250676.0,57000.0,-16442921.0,-7.199971,57000.0,1.0,56805267.0,26135868.0,52486561.0,12632886.0,30669399.0,0.0,-182881320.0,167834388.765421,135671700.765421,11.100017455349768,4.1547561657724135,0.33775623306198,0.7340997054316314,,11.100017455349768,-0.660038380971315,2944.4629607968595,-2.432287128420663,6.421611433200574,0.0,0.0,0.0,0.0010034280800053277,4.064710233275279,-0.30368092451708745,-15.6929998003172,1.0,-0.2773697077650197,-0.22460282781834875,-0.8457275442709381,0.27635875824601164,-0.6014877789585548,-0.29980563957915074,-0.24866382911896825,-0.525566251406952,-0.599070744046786,-0.6749839842113494,Drug Manufacturers—Specialty & Generic,Healthcare,ANIP
2010Q4,2010,Q4,2011-03-16,2010-12-31,-13271735.0,143032.0,-13168413.0,-5.63656,143032.0,1.0,44766650.0,19147122.0,40625130.0,8183327.0,25619528.0,0.0,-165630644.0,139014346.514579,119406428.514579,8.131866461053123,4.964378180170486,0.4143113902871892,0.9686747177983198,,8.131866461053123,-0.6931451630171886,971.9108067745609,-2.6186166788776863,7.260325939040811,0.0,0.0,0.0,0.00319505703464521,4.662559738844604,-0.2964647790263511,-9.764055682145148,1.0,0.021426648057796045,-0.24367281104694835,-0.6619502688641883,-0.35644985944675833,1.7864643198067445,-0.14513079748062743,-0.1715485441199013,-1.5426395985831114,-0.8606543831857729,-0.7934127022043019,Drug Manufacturers—Specialty & Generic,Healthcare,ANIP
2010Q3,2010,Q3,2010-11-12,2010-09-30,-11589711.0,51331.0,-11240177.0,-5.759977,51331.0,1.0,40763252.0,15303788.0,36676815.0,7095131.0,25459464.0,0.0,-152358909.0,119606699.52,102445015.52,7.738472025015878,5.169293562021617,0.4505119709291104,1.1999861080145648,,7.738472025015878,-0.7573099548948273,2330.10655393427,-2.5800190254959765,7.8154963673046165,0.0,0.0,0.0,0.0012592469315254827,5.007098107138543,-0.284317625100176,-11.015454712485568,1.0,0.05882359669384327,-0.7040509812190724,-0.8394287062232376,-0.5455894819164763,0.0,-0.07368298473896208,-0.09763580392549007,-1.6093257096824314,-0.5532146135608856,-0.8129146607449703,Drug Manufacturers—Specialty & Generic,Healthcare,ANIP
2010Q2,2010,Q2,2010-08-12,2010-06-30,-10794351.0,0.0,-10240352.0,-6.119976,0.0,0.0,51783193.0,26625610.0,47318456.0,6690250.0,25157583.0,0.0,-140769198.0,113710292.99466999,85795513.99466999,14.835936411708001,7.07274855199731,0.35662793138306476,0.6935928604077052,,14.835936411708001,-0.40541234548241334,0.0,-2.633560206506857,4.270711281156375,0.0,0.0,0.0,0.0,6.940737341653899,-0.20845278891937002,-12.781121911724274,0.0,0.10526313481061977,-0.254561209638016,-1.0,-0.2698994104914475,-1.0,-0.0240912624061719,-0.1429705430675806,-0.6615496676922233,-1.0,-0.6977244088188279,Drug Manufacturers—Specialty & Generic,Healthcare,ANIP
2010Q1,2010,Q1,2010-05-14,2010-03-31,-10540419.0,2279874.0,-8959419.0,-6.839973,2279874.0,1.0,47316121.0,23005689.0,42452263.0,6225015.0,24310432.0,0.0,-129974847.0,100800337.56850201,77722753.56850201,14.707159528745706,6.81962420974086,0.38222526736712,0.7861280312013259,,14.707159528745706,-0.45816576065163706,44.21311772865606,-2.390804805020133,4.381539608246552,0.0,0.0,0.0,0.04818387373724063,6.6338392758892955,-0.22276591523637368,-16.34042462728832,1.0,0.6706436918869205,-0.3089709268022105,26.35308482046836,-0.40909637881218763,1.142797125109613,0.6755386290999251,0.6166607393553561,-1.4071499470985387,17.693738794696852,-0.4255270808721397,Drug Manufacturers—Specialty & Generic,Healthcare,ANIP
2009Q4,2009,Q4,2010-03-30,2009-12-31,-32485898.0,1063971.0,-23372036.0,-20.7677,1063971.0,1.0,36436928.0,15830394.0,31410270.0,3930117.0,20606534.0,0.0,-119434428.0,81653903.764251,68471855.764251,10.120111158631191,7.992197178862614,0.45767900630920366,1.0534429528412244,,10.120111158631191,-2.052121886543064,76.7444824757921,-0.6283796107795065,5.158046209352149,0.0,0.0,0.0,0.029200348613362796,7.613796230493901,-0.8915652274527645,-13.279348480160722,1.0,-1.7470611655866362,-1.7081351434263277,5.6761315616483765,-0.6578935108083372,100.40783454060237,-4.099381906383053,-2.66875921034208,-2.49952177009174,-0.9685502137732848,-0.6364965932339448,Drug Manufacturers—Specialty & Generic,Healthcare,ANIP
2009Q3,2009,Q3,2009-11-09,2009-09-30,-6370556.0,10492.0,-6370556.0,-7.55997,10492.0,1.0,15958987.0,11181759.0,14218628.0,4777228.0,4777228.0,0.0,-86948530.0,60259612.194607005,47090354.194607005,13.2266992984328,2.9763343930831856,0.0,0.0,,13.2266992984328,-0.5697275357124044,5743.386598799752,-2.3647705237426293,5.389099532068881,0.0,0.0,0.0,0.0006574352118965947,2.764684666505346,-0.3991829807242778,-16.1605391193246,1.0,-0.23529405997670572,-0.34471637013556244,-0.4094654535942099,-0.6567747910709814,-0.9088943497477489,-0.37869903289565804,-0.37869903289565804,-5.296658870623526,-0.9449381264510682,-0.08800907695186551,Drug Manufacturers—Specialty & Generic,Healthcare,ANIP
2009Q2,2009,Q2,2009-08-07,2009-06-30,-4620701.0,115163.0,-4620701.0,-6.119976,115163.0,1.0,9529471.0,5812949.0,7733059.0,3716522.0,3716522.0,0.0,-80577973.0,54868248.0,48882425.0,7.6279513790926945,2.0807246667717827,0.0,0.0,,7.6279513790926945,-0.7948979081013785,476.43989823120273,-2.9686106069187335,9.438969445629061,0.0,0.0,0.0,0.012084931052311298,1.6421686727537197,-0.4848853624718518,-13.361398279546327,1.0,-0.13333350617354373,-0.09204990595660585,13.07999229570755,-0.8405080886710874,0.6829806511954171,-0.14074144845272762,-0.13747052133541426,-0.4801242457175972,-0.5316686104188305,0.6069839451802651,Drug Manufacturers—Specialty & Generic,Healthcare,ANIP
2009Q1,2009,Q1,2009-05-11,2009-03-31,-4050612.0,68428.0,-4062260.0,-5.399978,68428.0,1.0,13215809.0,10111083.0,11652109.0,3104726.0,3104726.0,0.0,-75957272.0,36213043.68,26050697.68,13.268110474385841,3.753023294165089,0.0,0.0,,13.268110474385841,-0.4006110918088596,529.2138259192144,-2.235035327994881,3.581519771917608,0.0,0.0,0.0,0.005177738267857836,3.388091896032049,-0.30649746829724916,-7.851222979406852,1.0,-2.53110524044309,0.13126655955432837,3.9050782185985433,-0.29530264440409704,-0.9810435678250383,-2.4757595961520145,-1.1853289995362795,0.1115470077783471,-0.42776811452454705,0.5256614755318314,Drug Manufacturers—Specialty & Generic,Healthcare,ANIP
2008Q4,2008,Q4,2009-03-16,2008-12-31,-1165389.0,3609751.0,-1858878.0,-1.52926,3609751.0,1.0,17679371.0,13826419.0,16087080.0,3852952.0,3852952.0,0.0,-71906660.0,27434124.0,15673204.0,18.143502012311384,4.17526094277842,0.0,0.0,,18.143502012311384,-0.08428711729334978,7.600004543249659,-5.885185976528009,1.9841814427871742,0.0,0.0,0.0,0.2041787007015125,3.897538562639763,-0.06591801258087746,-9.605197160538133,1.0,0.8230015978073986,0.6317561678881936,34.98172850394364,-0.16504622305857977,42.90783583905026,0.8230259477327851,0.7221754833290613,0.6625775124286172,25.360236276069283,0.4358638728357662,Drug Manufacturers—Specialty & Generic,Healthcare,ANIP
2008Q3,2008,Q3,2008-11-10,2008-09-30,-6585084.0,82212.0,-6690835.0,-8.639965,82212.0,1.0,19821910.0,15251647.0,18551812.0,4570263.0,4570263.0,0.0,-70741271.0,133889681.236052,128188984.236052,20.053075086383263,4.059243855331739,0.0,0.0,-0.4386958995313752,20.053075086383263,-0.4317621565723361,1628.590488445142,-5.083066565136147,8.77870312865568,0.0,0.0,0.0,0.004147531695986915,3.8408297290549798,-0.33221238518386975,-22.102771319394805,1.0,-0.09090907943062398,-1.0095234876354238,0.42128929380248414,-0.3432580525945357,2.1780122927055547,-0.08879150975014001,-0.21348967320394202,-1.5175566703776504,-0.3312999523191836,0.17753585070982075,Drug Manufacturers—Specialty & Generic,Healthcare,ANIP
2008Q2,2008,Q2,2008-08-11,2008-06-30,-6048067.0,25869.0,-5513714.0,-7.919968,25869.0,1.0,24329618.0,20708256.0,23454040.0,3621362.0,3621362.0,0.0,-64156187.0,129081480.443545,118755903.443545,27.37539708244377,6.476579806161328,0.0,0.0,-0.26625680115215883,27.37539708244377,-0.2920606641138684,4989.813307184081,-5.3356502351720385,6.233334204654655,0.0,0.0,0.0,0.00106327193464361,6.289542442870942,-0.24858865437180314,-26.900241312391827,1.0,-0.6923077251809356,-0.2473838710470356,0.0,2.418531674555885,-0.43266004342390946,-0.6676787151074908,-0.389679694224364,-0.6676826796765524,-0.5961350634427897,0.3471878682460533,Drug Manufacturers—Specialty & Generic,Healthcare,ANIP
2008Q1,2008,Q1,2008-05-09,2008-03-31,-3626638.0,45597.0,-3967615.0,-4.679981,45597.0,1.0,28717392.0,25790593.0,27944547.0,2926799.0,2926799.0,0.0,-58108120.0,123968053.580664,110861930.580664,34.15221686357702,9.547818965361133,0.0,0.0,-0.15383961896494586,34.15221686357702,-0.14061863563974664,2718.77653311981,-8.545659477225461,4.80671590531726,0.0,0.0,0.0,0.0015877834588879103,9.432964477574306,-0.12628716423831246,-50.09314213052707,1.0,-1.111123591450817,0.03135655247919983,-0.8202124871425386,1.5374837650318,-0.8614944396686584,-1.1663675940704776,-0.9710528172197709,0.0670887158858495,0.1331717759588501,0.37216629607064794,Drug Manufacturers—Specialty & Generic,Healthcare,ANIP
2007Q4,2007,Q4,2008-03-17,2007-12-31,-1674064.0,329207.0,-2012942.0,-2.21682,329207.0,1.0,31241342.0,29725492.0,31006910.0,1515850.0,1515850.0,0.0,-54481482.0,102762990.790332,87114042.790332,39.36285796765215,20.45513078470825,0.0,0.0,,39.36285796765215,-0.0563174530466981,312.1531157913775,-15.346335443318177,3.457066103071801,0.0,0.0,0.0,0.010537543489649068,20.232536200811428,-0.05358489401639661,80.59892986805565,1.0,-0.026309831846521383,-0.35277828347886103,-0.9405630323368219,1.1373123869852229,6.517342954353436,0.011210576925348662,0.06250867425685487,0.7109243394065882,3.2788609121454972,0.3306463667030456,Drug Manufacturers—Specialty & Generic,Healthcare,ANIP
2007Q3,2007,Q3,2007-11-13,2007-09-30,-1693044.0,43793.0,-2147158.0,-2.159991,43793.0,1.0,33415371.0,31180503.0,33346262.0,2234868.0,2234868.0,0.0,-52807418.0,152241492.47674,126838928.47674,41.36332678888859,14.920908975384675,0.0,0.0,-0.06594108105210025,41.36332678888859,-0.05429816189944081,3476.3887488123673,-22.480439444683658,4.882586162152035,0.0,0.0,0.0,0.0013105645303174997,14.745819887349052,-0.050666622854494116,-73.43344916613528,1.0,0.40000016666731475,0.42558081132346076,-0.9876356171466317,0.6654321724378153,-0.3693949255536676,0.294655813064068,0.18383744545854355,0.5992139554754333,1.7642843562060964,0.07335444458147791,Drug Manufacturers—Specialty & Generic,Healthcare,ANIP
2007Q2,2007,Q2,2007-08-14,2007-06-30,-2400309.0,69446.0,-2630797.0,-3.599986,69446.0,1.0,35155261.0,32544712.0,35071415.0,2610549.0,2610549.0,0.0,-51114374.0,151342295.47542,123960127.47542,49.08082837166935,13.434497877649491,0.0,0.0,-0.08083638902688707,49.08082837166935,-0.07375419392250268,2179.280238968695,-15.762792985759333,4.650288362527836,0.0,0.0,0.0,0.001975408460201732,13.354675970456789,-0.0682773767488172,-73.95343138688678,1.0,-0.250000347223669,0.5435294439450827,0.0,5.58017669703348,0.0,-0.3210155320420601,-0.39302702024360525,0.3480386949486235,8.757908272367601,0.026225094729821027,Drug Manufacturers—Specialty & Generic,Healthcare,ANIP
2007Q1,2007,Q1,2007-05-01,2007-03-31,-1817018.0,50608.0,-1888547.0,-2.879988,0.0,0.0,19048389.0,16617672.0,18918939.0,2430717.0,2430717.0,0.0,-48714065.0,139504355.781802,128213613.781802,25.6011363443789,7.783275058346981,0.0,0.0,-0.11853980441182248,25.6011363443789,-0.10934251199566342,2756.567257781418,-19.194135085866236,8.394939783490852,0.0,0.0,0.0,0.0026568126049924747,7.677741999582839,-0.09538958911433403,39.23934742131055,0.0,-1.2079413718411551,0.5214005306440067,0.0,0.6379649602902125,-1.0,-1.2021215544984727,-1.1902427299822234,0.5424876936873803,3.2590125670358603,0.35973039393682504,Drug Manufacturers—Specialty & Generic,Healthcare,ANIP
