Quarters,Year,Quarter,FillingDate,Date,NetIncome,Revenue,OperatingIncome,EPSDiluted,GrossProfit,GrossProfitRatio,TotalAssets,CommonStockEquity,CurrentAssets,CurrentLiability,TotalLiability,Inventory,RetainedEarnings,MarketCap,EnterpriseValue,bookValuePerShare,currentRatio,debtToAssets,debtToEquity,roic,shareholdersEquityPerShare,roe,priceToSalesRatio,peRatio,pbRatio,payoutRatio,inventoryTurnover,dividendYield,assetTurnover,quickRatio,returnOnAssets,priceToFreeCashFlowsRatio,grossProfitMargin,epsdilutedGrowth,fiveYNetIncomeGrowthPerShare,fiveYRevenueGrowthPerShare,fiveYShareholdersEquityGrowthPerShare,grossProfitGrowth,netIncomeGrowth,operatingIncomeGrowth,threeYNetIncomeGrowthPerShare,threeYRevenueGrowthPerShare,threeYShareholdersEquityGrowthPerShare,Industry,Sector,Symbol
2023Q1,2023,Q1,2023-03-30,2023-03-31,17875000.0,773936000.0,61877000.0,0.12,320650000.0,0.414310744,5199436000.0,1353652000.0,2637842000.0,1670863000.0,3855486000.0,65079000.0,-61457000.0,23647103919.555073,23948882919.555073,10.308087895126667,1.5787302729188448,0.43787556958100843,1.6818990405214929,0.002777821386213481,10.308087895126667,0.013205018719730033,30.554340306633975,330.7287261476234,17.46911607972734,0.0,6.965165414342568,0.0,0.14884999065283236,1.406848437005308,0.0034378728769812726,68.73398845347047,0.41431074404085094,1.1875,1.231375693674769,2.6634346141876852,0.0,0.5865201450702344,1.2163964989165041,1.7894589111879458,1.231375693674769,2.6634346141876852,0.0,Lodging,Consumer Cyclical,ATAT
2022Q4,2022,Q4,2022-12-31,2022-12-31,-82603000.0,626173000.0,-78379000.0,-0.64,202109000.0,0.3227686278,4762026000.0,1197305000.0,2124659000.0,1347614000.0,3574620000.0,57460000.0,-78304000.0,16003780464.372581,16713577464.372581,9.29829927726042,1.5766079901218004,0.48276888870409357,1.9201105816813593,-0.01624690088683308,9.29829927726042,-0.06899077511578086,25.55808133594483,-48.43583303382619,13.366502657528851,0.0,7.380160111381831,0.0,0.13149298218867347,1.4346081296276234,-0.0173461883660442,-324.547879060911,0.32276862783927124,0.0,0.0,0.0,0.0,0.0,0.0,0.0,0.0,0.0,0.0,Lodging,Consumer Cyclical,ATAT
2022Q2,2022,Q2,2022-06-30,2022-06-30,61223000.0,514583000.0,81885000.0,0.47,147794000.0,0.2872111982,4485921000.0,653149000.0,1644367000.0,1515638000.0,3849085000.0,40209000.0,-107356000.0,11182789700.320002,12406118700.320002,5.040258076424983,1.0849338694332025,0.55407930723702,3.8054961425340927,0.01086415150329899,5.040258076424983,0.09373512016400545,21.731751146695483,45.664169104421546,17.121345512769675,0.0,9.122062224875028,0.0,0.11471066922489273,1.0394889808780197,0.013647810561086564,54.345272218998616,0.2872111981934887,7.499095840867992,3.407496763564078,0.4769368743477422,0.0,0.5232882924667347,7.491400832177531,5.289170506912442,3.407496763564078,0.4769368743477422,0.0,Lodging,Consumer Cyclical,ATAT
2022Q1,2022,Q1,2022-03-31,2022-03-31,7210000.0,452114000.0,13020000.0,0.0553,97023000.0,0.2145985305,,,,,,,,10685868508.37408,,,0.0,0.0,0.0,0.0,,0.0,23.635340883879024,370.5224864207379,0.0,0.0,0.0,0.0,0.0,0.0,0.0,-126.47944072311812,0.214598530459132,0.0,1.0939800271729054,1.1550629953054385,0.0,0.0,0.0,0.0,1.0939800271729054,1.1550629953054385,0.0,Lodging,Consumer Cyclical,ATAT
2021Q2,2021,Q2,2021-06-30,2021-06-30,61702000.0,570483000.0,82280000.0,0.49,178035000.0,0.3120776605087268,2158555000.0,512307000.0,1293221000.0,1080185000.0,1658939000.0,42714000.0,-247514000.0,10467550704.926785,9775795704.926785,4.077033050446972,1.1972217721964293,0.11495884978608374,0.4843677716681599,0.0771666376730829,4.077033050446972,0.12043950209542326,18.348576039823772,42.41171560454598,20.43218364169684,0.0,9.187807276302852,0.0,0.2642893046505648,1.1163069289056966,0.028584863485062922,82.90735256088253,0.3120776605087268,4.444444444444445,3.502210146396853,0.6885838856050224,0.0,1.0409134157944815,4.040601258067151,3.2687418936446173,3.502210146396853,0.6885838856050224,0.0,Lodging,Consumer Cyclical,ATAT
2021Q1,2021,Q1,2021-03-31,2021-03-31,12241000.0,419858000.0,19275000.0,0.09,87233000.0,0.20776786437319283,2107310000.0,-307370000.0,1272908000.0,973506000.0,2424879000.0,36883000.0,-307969000.0,10624217615.100098,9947717615.100098,-2.446106824064254,1.3075502359512936,0.09891330653771871,-0.6781436054266845,-0.10511228771597786,-2.446106824064254,-0.039824966652568565,25.304311493648086,216.98018166612403,-34.56491399648664,0.0,9.018382452620449,0.0,0.19923884003777328,1.217364864726052,0.005808827367591859,-412.6069989164666,0.20776786437319283,0.0,1.1655889832801256,1.0769626514964137,0.0,0.0,0.0,0.0,1.1655889832801256,1.0769626514964137,0.0,Lodging,Consumer Cyclical,ATAT
2020Q2,2020,Q2,2020-06-30,2020-06-30,-24659000.0,337847000.0,-27461000.0,-0.19624,54479000.0,0.1612534668059802,,,,,,,,11438302902.467617,,,0.0,0.0,0.0,0.0,,0.0,33.85645840415223,-115.9647887431325,0.0,0.0,0.0,0.0,0.0,0.0,0.0,737.0990399837361,0.1612534668059802,0.7157968520996623,0.0,0.0,0.0,2.6601352998537298,0.6664276824847141,0.7136197726561685,0.0,0.0,0.0,Lodging,Consumer Cyclical,ATAT
2020Q1,2020,Q1,2020-03-31,2020-03-31,-73924000.0,202150000.0,-95890000.0,-0.690492,-32816000.0,-0.16233489982686125,,,,,,,,11494463458.077265,,,0.0,0.0,0.0,0.0,,0.0,56.861060885863296,-38.87256999782637,0.0,0.0,0.0,0.0,0.0,0.0,0.0,-43.96647551064794,-0.16233489982686125,0.0,0.0,0.0,0.0,0.0,0.0,0.0,0.0,0.0,0.0,Lodging,Consumer Cyclical,ATAT
