Quarters,Year,Quarter,FillingDate,Date,NetIncome,Revenue,OperatingIncome,EPSDiluted,GrossProfit,GrossProfitRatio,TotalAssets,CommonStockEquity,CurrentAssets,CurrentLiability,TotalLiability,Inventory,RetainedEarnings,MarketCap,EnterpriseValue,bookValuePerShare,currentRatio,debtToAssets,debtToEquity,roic,shareholdersEquityPerShare,roe,priceToSalesRatio,peRatio,pbRatio,payoutRatio,inventoryTurnover,dividendYield,assetTurnover,quickRatio,returnOnAssets,priceToFreeCashFlowsRatio,grossProfitMargin,epsdilutedGrowth,fiveYNetIncomeGrowthPerShare,fiveYRevenueGrowthPerShare,fiveYShareholdersEquityGrowthPerShare,grossProfitGrowth,netIncomeGrowth,operatingIncomeGrowth,threeYNetIncomeGrowthPerShare,threeYRevenueGrowthPerShare,threeYShareholdersEquityGrowthPerShare,Industry,Sector,Symbol
2023Q1,2023,Q1,2023-05-12,2023-03-31,64181.0,0.0,-1177314.0,0.17,0.0,0.0,66956679.0,50026106.0,1964355.0,4045430.0,16930573.0,0.0,-14938813.0,282502793.44,280538438.44,1.8097760984745326,0.48557384505479023,0.0,0.0,-0.001981686057895717,1.8097760984745326,0.0012829501460697341,0.0,1100.414427322728,5.647107401083747,0.0,0.0,0.0,0.0,0.48557384505479023,0.0009585451512611609,-1696.7746191454346,0.0,-0.055555555555555455,0.0,0.0,0.0,0.0,-0.9619784184382247,-1.070894715086059,0.0,0.0,0.0,Shell Companies,Financial Services,FMIVU
2022Q4,2022,Q4,2023-03-31,2022-12-31,1688015.0,0.0,-568505.0,0.18,0.0,0.0,340189913.0,325745452.0,141760.0,2424407.0,14444461.0,0.0,-13803409.0,347765566.95000005,347711653.95000005,9.4136455811644,0.05847203048003079,9.99441744176583e-08,1.0437597759615075e-07,-0.0012541053105897268,9.4136455811644,0.005182006347704895,0.0,51.505106137978636,1.0675991477848783,0.0,0.0,0.0,0.0,0.022251626892679323,0.00496197839940069,-528.6074677377678,0.0,3.4999999999999996,0.0,0.0,0.0,0.0,-0.04569109046349716,0.3631573228422313,0.0,0.0,0.0,Shell Companies,Financial Services,FMIVU
2022Q3,2022,Q3,2022-11-10,2022-09-30,1768835.0,0.0,-892693.0,0.04,0.0,0.0,338322430.0,324057437.0,346462.0,1985412.0,14264993.0,0.0,-13544531.0,339464177.9439,339338249.9439,9.364864010007762,0.17450383094289748,1.0049584947708019e-07,1.0491967200246664e-07,-0.0022596915825564964,9.364864010007762,0.005458399647837738,0.0,47.97849685582601,1.047543241366499,0.0,0.0,0.0,0.0,0.06344375877651591,0.005228252232640916,-348.83206299564813,0.0,-0.20000000000000004,0.0,0.0,0.0,0.0,-0.17773427694298735,-0.4224528461230805,0.0,0.0,0.0,Shell Companies,Financial Services,FMIVU
2022Q2,2022,Q2,2022-08-11,2022-06-30,2151172.0,0.0,-627573.0,0.05,0.0,0.0,337703367.0,322288602.0,918250.0,1751042.0,15414765.0,0.0,-14087125.0,338768646.80999994,338143618.80999994,9.313746839593488,0.5244020417557089,1.0068007406038093e-07,1.054955086497288e-07,-0.0018195918498015219,9.313746839593488,0.006674676009795717,0.0,39.3702417577488,1.0511344326412138,0.0,0.0,0.0,0.0,0.3569657381147911,0.006370004596371111,-960.9258611974674,0.0,0.0,0.0,0.0,0.0,0.0,-0.5731003691562987,0.353249555829455,0.0,0.0,0.0,Shell Companies,Financial Services,FMIVU
2022Q1,2022,Q1,2022-05-12,2022-03-31,5039058.0,0.0,-970348.0,0.0,0.0,0.0,337468175.0,320137430.0,1363481.0,1417792.0,17330745.0,0.0,-15878600.0,0.0,-977572.0,0.0,0.9616932526068704,1.0075024111532887e-07,1.0620438853401178e-07,-0.007507816186004263,0.0,0.01574029628463001,0.0,0.0,0.0,0.0,0.0,,0.0,0.689527095652959,0.01493195024982726,0.0,0.0,1.0,0.0,0.0,0.0,0.0,-0.24893254704923615,-0.7303942635711446,0.0,0.0,0.0,Shell Companies,Financial Services,FMIVU
2021Q4,2021,Q4,2022-03-24,2021-12-31,6709195.0,0.0,-560767.0,-0.074,0.0,0.0,338024536.0,-17912015.0,1983244.0,1067207.0,19921461.0,0.0,-17912955.0,0.0,-1524181.0,0.0,1.8583498796390954,0.0,0.0,0.06832416341384888,0.0,-0.3745639449274691,0.0,0.0,0.0,0.0,0.0,,0.0,1.4281962168539,0.019848248530692458,0.0,0.0,0.0,0.0,0.0,0.0,0.0,3.9084978413918687,0.16871190199473446,0.0,0.0,0.0,Shell Companies,Financial Services,FMIVU
2021Q3,2021,Q3,2021-12-14,2021-09-30,1366853.0,0.0,-674576.0,0.0,0.0,0.0,338288968.0,316665544.0,2256271.0,779467.0,21623424.0,0.0,-19350486.0,0.0,-1710629.0,0.0,2.894633127508926,0.0,0.0,-0.0021302475522881645,0.0,0.00431639319748662,0.0,0.0,0.0,0.0,0.0,,0.0,2.194613755296889,0.004040489431508745,0.0,0.0,0.0,0.0,0.0,0.0,0.0,1.2646222416166033,-0.06742958052923985,0.0,0.0,0.0,Shell Companies,Financial Services,FMIVU
2021Q2,2021,Q2,2021-08-12,2021-06-30,-5165299.0,0.0,-631963.0,0.0,0.0,0.0,338602338.0,315298691.0,2578112.0,426732.0,23303647.0,0.0,-4895469.0,0.0,-1927681.0,0.0,6.0415248915009885,0.0,0.0,-0.0020043311882953553,0.0,-0.016382240546631385,0.0,0.0,0.0,0.0,0.0,,0.0,4.517310630559695,-0.015254764720496408,0.0,0.0,0.0,0.0,0.0,0.0,0.0,0.0,0.0,0.0,0.0,0.0,Shell Companies,Financial Services,FMIVU
