Quarters,Year,Quarter,FillingDate,Date,NetIncome,Revenue,OperatingIncome,EPSDiluted,GrossProfit,GrossProfitRatio,TotalAssets,CommonStockEquity,CurrentAssets,CurrentLiability,TotalLiability,Inventory,RetainedEarnings,MarketCap,EnterpriseValue,bookValuePerShare,currentRatio,debtToAssets,debtToEquity,roic,shareholdersEquityPerShare,roe,priceToSalesRatio,peRatio,pbRatio,payoutRatio,inventoryTurnover,dividendYield,assetTurnover,quickRatio,returnOnAssets,priceToFreeCashFlowsRatio,grossProfitMargin,epsdilutedGrowth,fiveYNetIncomeGrowthPerShare,fiveYRevenueGrowthPerShare,fiveYShareholdersEquityGrowthPerShare,grossProfitGrowth,netIncomeGrowth,operatingIncomeGrowth,threeYNetIncomeGrowthPerShare,threeYRevenueGrowthPerShare,threeYShareholdersEquityGrowthPerShare,Industry,Sector,Symbol
2023Q1,2023,Q1,2023-05-04,2023-03-31,-26206000.0,34409000.0,-29584000.0,-0.18,33988000.0,0.987764829,451761000.0,390408000.0,423648000.0,42046000.0,61353000.0,31745000.0,-890508000.0,1563345360.0000002,1482275360.0000002,2.736997076576861,10.075821719069591,0.017555742970287388,0.02031464519169689,-0.07405057886813184,2.736997076576861,-0.06712464908505973,45.43419919207185,-14.914002136915212,4.004388639577058,0.0,0.013261931012757914,0.0,0.07616638001066936,9.051515007372878,-0.05800854876804328,-48.5827825600547,0.9877648289691651,0.0,0.0023238934897956494,674.856466700785,0.5089802712978231,0.255420529679016,-0.006142977808492667,-0.052811387900355874,-0.24682677660139765,901.265005853857,0.1659315774980752,Biotechnology,Healthcare,AUPH
2022Q4,2022,Q4,2023-02-28,2022-12-31,-26046000.0,28435000.0,-28100000.0,-0.18,27073000.0,0.9521012836,470860000.0,405435000.0,442539000.0,46107000.0,65425000.0,24752000.0,-864302000.0,613046880.0,526962880.0,2.857006955161406,9.59808705836424,0.017177080236163614,0.019948943727107923,-0.06891123209840709,2.857006955161406,-0.0642421103259462,21.55958783189731,-5.884270905321355,1.5120719227496395,0.0,0.05502585649644473,0.0,0.06038950006371321,8.737783850608368,-0.05531580512254173,58.22460632538703,0.95210128362933,-1.839116719242902,-3.5885039003868675,537.4267155303297,0.4358897773356651,-0.4923685592139804,-1.897541439537212,-1.9582061269607327,0.7649687667425271,675.6867256602762,0.022988904344489833,Biotechnology,Healthcare,AUPH
2022Q3,2022,Q3,2022-11-03,2022-09-30,-8989000.0,55779000.0,-9499000.0,-0.0634,53332000.0,0.9561304434,488293000.0,423425000.0,459702000.0,41765000.0,64868000.0,25320000.0,-838256000.0,1066757119.9999999,988893119.9999999,2.9848931310624858,11.00687178259308,0.01676862047991677,0.019337545019779183,-0.02416279528878456,2.9848931310624858,-0.021229261380409755,19.12470858208286,-29.668403604405384,2.519353179429651,0.0,0.09664296998420221,0.0,0.11423264310567631,10.018316772417096,-0.01840902900512602,-69.44129149850279,0.9561304433568188,0.7464,0.5961894413365941,1132.6339697566061,0.4886363061121921,1.0055655836341757,0.7468956778825848,0.7360582400177832,0.6932037573493748,156.57236520929982,1.2233100992952883,Biotechnology,Healthcare,AUPH
2022Q2,2022,Q2,2022-08-04,2022-06-30,-35515000.0,28191000.0,-35989000.0,-0.25,26592000.0,0.9432797701,482148000.0,423768000.0,453193000.0,34626000.0,58380000.0,25863000.0,-829267000.0,1424346300.0,1281098300.0,2.990051225604335,13.08822849881592,0.017388851555953773,0.019784410337731966,-0.08171437165183283,2.990051225604335,-0.08380764946857715,50.52485899755241,-10.026371251583837,3.36114642917823,0.0,0.061825774272126204,0.0,0.058469598546504395,11.8381851787674,-0.0736599550345537,-51.10495855907574,0.9432797701394062,0.07407407407407414,-7.66700074541617,49.1651189651576,0.3901522446533971,0.24441948617155693,0.056205155461068294,0.04997096246238319,-0.4462025340861255,628.4398292577177,1.179990314228069,Biotechnology,Healthcare,AUPH
2022Q1,2022,Q1,2022-05-10,2022-03-31,-37630000.0,21625000.0,-37882000.0,-0.27,21369000.0,0.9881618497,506902000.0,448123000.0,477618000.0,33838000.0,58779000.0,26266000.0,-793752000.0,1753936500.0,1629965500.0,3.1630351155814362,14.114841302677464,0.01690859377157715,0.01912644519473448,-0.08144190868388228,3.1630351155814362,-0.08397248076978865,81.1068901734104,-11.652514615997875,3.9139622380462513,0.0,0.009746440264981344,0.0,0.04266110609151276,12.978101542644364,-0.07423525651901157,-37.45726641751201,0.9881618497109826,-0.08000000000000007,0.7101585244979077,278.0814961548751,0.03832801672133472,-0.06779217379924093,-0.12928395654522537,-0.16606642657062826,-0.926576298821249,457.65707899535323,1.0462518463468669,Biotechnology,Healthcare,AUPH
2021Q4,2021,Q4,2022-02-28,2021-12-31,-33322000.0,23404000.0,-32487000.0,-0.25,22923000.0,0.9794479576,543367000.0,479091000.0,513324000.0,40646000.0,64276000.0,19326000.0,-756122000.0,3020074980.0,2796913980.0,3.627993093734381,12.629139398710821,0.01608305252251241,0.01824079350269573,-0.066880075636633,3.627993093734381,-0.06955254847200219,129.0409750470005,-22.65826616049457,6.303760621677302,0.0,0.024888750905515886,0.0,0.04307217773622616,11.845987305023865,-0.06132503446105487,-116.34915360018492,0.9794479576140831,0.358974358974359,-0.716358317652257,333.84754216709325,4.720018040413483,0.5904391868452092,0.3369415978509601,0.3548150060572359,-0.47642507748504886,520.8155623900985,1.7516994209675008,Biotechnology,Healthcare,AUPH
2021Q3,2021,Q3,2021-11-03,2021-09-30,-50255000.0,14667000.0,-50353000.0,-0.39,14413000.0,0.9826822117679144,360066000.0,298172000.0,329219000.0,37537000.0,61894000.0,19293000.0,-722800000.0,2842443590.0,2793762590.0,2.3214344105945828,8.770519753842875,0.024734354257275055,0.029868666407308533,-0.15937837636282046,2.3214344105945828,-0.1685436593643937,193.7985675325561,-14.14010342254502,9.532899098506903,0.0,0.013165396776032758,0.0,0.04073419873023279,7.891253962756747,-0.13957163408930584,-70.50935405452336,0.9826822117679144,-0.054054054054054106,-0.9027334681614265,131.89959246388443,3.1662951847904273,1.2834283903675539,-0.06902786641140182,-0.06829464929774685,-0.8200280631765935,24.98097951620563,0.5802133789658724,Biotechnology,Healthcare,AUPH
2021Q2,2021,Q2,2021-08-05,2021-06-30,-47010000.0,6620000.0,-47134000.0,-0.37,6312000.0,0.9534743202416919,386268000.0,332257000.0,349689000.0,29315000.0,54011000.0,17376000.0,-672545000.0,1661757120.0,1549132120.0,2.591263589711594,11.928671328671328,0.023134196982406,0.02689484344949843,-0.13467051970055888,2.591263589711594,-0.14148686107440928,251.02071299093654,-8.83725335035099,5.001420948241874,0.0,0.0177255985267035,0.0,0.017138359895202293,11.023537438171585,-0.1217030662648731,-43.50035653516924,0.9534743202416919,0.07500000000000007,-2.642907521941541,29.55604129769249,3.3169159685092424,6.288683602771362,0.0668731018876913,0.06744751993352195,-0.968881361247112,149.169775588567,0.5374065118672923,Biotechnology,Healthcare,AUPH
2021Q1,2021,Q1,2021-05-06,2021-03-31,-50379000.0,914000.0,-50543000.0,-0.4,866000.0,0.9474835886214442,417078000.0,370228000.0,372246000.0,21151000.0,46850000.0,15936000.0,-625535000.0,1654301985.0,1506591985.0,2.906005447366975,17.599451562573872,0.021293379176077376,0.0239879209568158,-0.1302895108567375,2.906005447366975,-0.13607560746350897,1809.95840809628,-8.209283555648186,4.468332986700087,0.0,0.0030120481927710845,0.0,0.0021914366137748813,16.521488345704693,-0.12079035576079294,-30.23102198384562,0.9474835886214442,-7.0,-1.992138943612617,3.0637426487467323,4.8549889472160705,-0.9705582375739443,-1.2335077141337116,-5.277074018877298,-1.1473850009903939,19.10018968977219,0.6021591421811759,Biotechnology,Healthcare,AUPH
2020Q4,2020,Q4,2021-02-24,2020-12-31,-22556000.0,50030000.0,-8052000.0,-0.05,29414000.0,0.5879272436538077,463661000.0,407750000.0,419427000.0,31997000.0,55911000.0,13927000.0,-575156000.0,1751126940.0,1487183940.0,3.2203162267608083,13.10832265524893,0.018131781624937185,0.020618025751072962,-0.019096566070209143,3.2203162267608083,-0.0553182096873084,35.001537877273634,-19.408660001773363,4.294609294911098,0.0,1.480290084009478,0.0,0.10790210951535713,12.480763821608276,-0.048647611077921156,1772.3956882591094,0.5879272436538077,0.8214285714285715,-0.46092834547734524,222.81433115715095,4.208352953635536,7.165164535736743,0.3378346641615782,0.7784320739660439,-3.453553207284904,1060.7404445884727,0.6184836867268925,Biotechnology,Healthcare,AUPH
2020Q3,2020,Q3,2020-09-30,2020-09-30,-34064000.0,29000.0,-36341000.0,-0.28,-4771000.0,-164.51724137931035,461750000.0,398843000.0,411640000.0,23889000.0,62907000.0,6757000.0,-619930000.0,1802318610.0,1561858610.0,3.2596663860670008,17.231361714596677,0.017970763400108284,0.02080517898020023,-0.08738635217082272,3.2596663860670008,-0.08540703986280315,62148.917586206895,-13.227444002465946,4.518867348806422,0.0,0.7103744265206453,0.0,6.280454791553871e-05,16.458160659717862,-0.07377152138603141,-55.211328574929546,-164.51724137931035,-0.07692307692307698,-0.7431901831649443,-0.8657850359940404,3.4700276832980985,-165.51724137931035,-0.15369504843189052,-0.3528273089379444,-0.7741111425841655,-0.3166880521751923,0.6256721815650416,Biotechnology,Healthcare,AUPH
2020Q2,2020,Q2,2020-07-21,2020-06-30,-29526000.0,29000.0,-26863000.0,-0.26,29000.0,1.0,295278000.0,239039000.0,278019000.0,17143000.0,56239000.0,0.0,0.0,1829360000.0,1571212000.0,2.1233566657191587,16.217639853001224,0.0,0.0,-0.11246294833772169,2.1233566657191587,-0.12351959303711947,63081.379310344826,-15.489399173609701,7.652977129255058,0.0,0.0,0.0,9.821253191907288e-05,15.449921250656244,-0.09999390404974295,-80.4998899889989,1.0,-0.7333333333333335,-10.53478347469688,-0.8592479295343078,1.4435315329592875,1.0021006881564651,-0.785774767146486,-0.06308124579524318,-8.071212628331256,-0.935032960104439,-0.012796500015600986,Biotechnology,Healthcare,AUPH
2020Q1,2020,Q1,2020-05-14,2020-03-31,-16534000.0,30000.0,-25269000.0,-0.15,-13805000.0,-460.1666666666667,314972000.0,263408000.0,297897000.0,14178000.0,51564000.0,0.0,-556340000.0,1628152590.0,1359796590.0,2.347476583874734,21.011214557765552,0.01857625439721626,0.022212689060317075,-0.09055794302867566,2.347476583874734,-0.0627695438255482,54271.753,-24.618250120962866,6.181105319504343,0.0,0.0,0.0,9.524656159912627e-05,20.428198617576527,-0.05249355498266513,-71.34761568799298,-460.1666666666667,0.8076923076923077,0.45420012287951433,-0.8626166781515715,1.7137507342670324,-0.04086556585991103,0.7838127615062761,-0.20904306220095695,0.8392060232813006,-0.5111656560237967,-0.2293949903915725,Biotechnology,Healthcare,AUPH
2019Q4,2019,Q4,2020-02-25,2019-12-31,-76480000.0,29000.0,-20900000.0,-0.78,-13263000.0,-457.3448275862069,326683000.0,273516000.0,315137000.0,11295000.0,53167000.0,0.0,-539806000.0,1984183360.0000002,1678164360.0000002,2.7928034634863583,27.90057547587428,0.0,0.0,-0.07650237515113535,2.7928034634863583,-0.27961801137776215,68420.11586206897,-6.485955020920502,7.2543593793416115,0.0,0.0,0.0,8.877107165049911e-05,27.12589641434263,-0.23411074344241972,-78.39213622535658,-457.3448275862069,-2.714285714285715,-4.0577904779200535,-0.8612672922052337,0.972596229841083,0.2447468822959968,-3.0174397226453746,0.1295656157594436,-4.311705361532546,-0.4405462070467789,3.4032294940307874,Biotechnology,Healthcare,AUPH
2019Q3,2019,Q3,2019-10-16,2019-09-30,-19037000.0,230000.0,-24011000.0,-0.21,-17561000.0,-76.35217391304347,150844000.0,123741000.0,138638000.0,13515000.0,27103000.0,0.0,-463326000.0,492182460.0,358021460.0,1.342544673371741,10.258083610802812,0.002505900135239055,0.0030547676194632336,-0.1931176934376525,1.342544673371741,-0.15384553220032163,2139.9237391304346,-6.463498187739664,3.9775212742744928,0.0,0.0,0.0,0.001524754050542282,9.989567147613762,-0.12620322982684098,-41.69271156289708,-76.35217391304347,-0.23529411764705868,-1.5831176408691625,0.09229904969253329,-0.14203021481904884,-0.5788006832689023,-0.19722030061002452,-0.4592804181354078,-0.004437121913384422,1.904261771591386,1.4094746689836863,Biotechnology,Healthcare,AUPH
2019Q2,2019,Q2,2019-06-30,2019-06-30,-15901000.0,29000.0,-16454000.0,-0.17,-11123000.0,-383.55172413793105,151237000.0,125868000.0,138523000.0,7300000.0,25369000.0,0.0,-444289000.0,590985920.0,459904920.0,1.3715892250021795,18.975753424657533,0.0027242010883580074,0.0032732704102710775,-0.13000483944759678,1.3715892250021795,-0.12633075920805922,20378.824827586206,-9.291647066222252,4.695283312676772,0.0,0.0,0.0,0.00019175201835529664,18.046712328767125,-0.10513961530577835,-44.518713370998114,-383.55172413793105,-0.21428571428571425,-0.35267525133516875,-0.8604240515887583,-0.15783943557567892,-0.04924063767569097,-0.2794496298680399,-0.10540812898891501,-0.7216846712722181,-0.8129712476521822,1.284999276475047,Biotechnology,Healthcare,AUPH
2019Q1,2019,Q1,2019-04-11,2019-03-31,-12428000.0,30000.0,-14885000.0,-0.14,-10601000.0,-353.3666666666667,164501000.0,139345000.0,151424000.0,6496000.0,25156000.0,0.0,-428388000.0,606682580.0,466744580.0,1.5457701950169724,23.310344827586206,0.00255925495893642,0.003021278122645233,-0.10629078578922835,1.5457701950169724,-0.08918870429509491,20222.752666666667,-12.203946330865788,4.353816642147189,0.0,0.0,0.0,0.0001823697120382247,22.276785714285715,-0.07554969270703521,-46.06899384919128,-353.3666666666667,0.1764705882352941,0.41974960861346855,-0.8914795269100771,-0.3817032419631495,0.01933395004625347,0.14835880216542177,-0.01514014867353202,-0.043181399280039896,-0.8114929348530513,2.1144013907340398,Biotechnology,Healthcare,AUPH
2018Q4,2018,Q4,2019-01-22,2018-12-31,-14593000.0,29000.0,-14663000.0,-0.17,-10810000.0,-372.7586206896552,145863000.0,112575000.0,132848000.0,7261000.0,33288000.0,0.0,-415960000.0,582318880.0,464351880.0,1.3184554483275555,18.296102465225175,0.0,0.0,-0.13090578671458086,1.3184554483275555,-0.1296291361314679,20079.961379310345,-9.975996710751732,5.172719342660449,0.0,0.0,0.0,0.00019881669786032098,17.36303539457375,-0.10004593351295393,-42.70452332062188,-372.7586206896552,0.19047619047619038,-3.4007209806663,-0.9892866969245794,1.1657501973571676,-0.003062076644706319,0.20439428633736778,-0.0393393819109725,-0.4016202551518754,-0.8076136126411785,1.1323934809473415,Biotechnology,Healthcare,AUPH
2018Q3,2018,Q3,2018-11-08,2018-09-30,-18342000.0,375000.0,-14108000.0,-0.21,-10777000.0,-28.738666666666667,157695000.0,125342000.0,144047000.0,6884000.0,32353000.0,0.0,-401367000.0,534962669.99999994,420064669.99999994,1.4690638881400828,20.924898314933177,0.0,0.0,-0.11255604665634823,1.4690638881400828,-0.14633562572800818,1426.56712,-7.2914986097481185,4.26802404620957,0.0,0.0,0.0,0.0023780081803481405,20.28500871586287,-0.11631313611718824,-47.22898119537388,-28.738666666666667,-0.1052631578947368,0.48089129842585143,-0.7291825719622818,-0.37582680898014376,-0.02883054892601432,-0.1677595976316292,0.016178521617852163,-0.3460732687355361,1.48889796366539,1.0145485674817567,Biotechnology,Healthcare,AUPH
2018Q2,2018,Q2,2018-07-11,2018-06-30,-15707000.0,29000.0,-14340000.0,-0.19,-10475000.0,-361.2068965517241,167855000.0,142170000.0,153799000.0,5076000.0,25685000.0,0.0,-383025000.0,474890500.0,342588500.0,1.6854771784232365,30.299251379038612,0.0,0.0,-0.10086516142646128,1.6854771784232365,-0.11048041077583175,16375.534482758621,-7.55858056917298,3.340300344657804,0.0,0.0,0.0,0.0001727681629978255,29.65090622537431,-0.09357481159333948,-38.54630681818182,-361.2068965517241,-0.05555555555555561,0.2695500053749423,-0.9838783558412122,3.258142019768639,-0.1826803658123518,-0.014795193177413103,-0.09910324212462635,-7.1895266668877085,-0.812148131775391,0.9396254524981213,Biotechnology,Healthcare,AUPH
2018Q1,2018,Q1,2018-05-10,2018-03-31,-15478000.0,30000.0,-13047000.0,-0.18,-8857000.0,-295.23333333333335,176410000.0,152454000.0,161982000.0,5311000.0,23956000.0,0.0,-367318000.0,436229880.00000006,305002880.00000006,1.8138057393042402,30.49934099039729,0.0,0.0,-0.08557991262938329,1.8138057393042402,-0.1015257061146313,14540.996000000003,-7.045966533143818,2.8613869101499474,0.0,0.0,0.0,0.00017005838671277137,30.005083788363773,-0.08773879031800919,-30.289534786835166,-295.23333333333335,-3.4999999999999996,0.08861136808192223,-0.9842604177925356,3.3952561873287204,-286.7096774193548,-3.6452581032412965,-0.07480023066150424,0.31789696373508003,-0.8165939518239861,1.0968118236689934,Biotechnology,Healthcare,AUPH
2017Q4,2017,Q4,2018-01-04,2017-12-31,-3332000.0,31000.0,-12139000.0,-0.04,31000.0,1.0,189847000.0,165743000.0,175252000.0,8150000.0,24104000.0,0.0,-351840000.0,377349000.0,211720000.0,1.9897118847539015,21.503312883435584,0.0,0.0,-0.07323989550086579,1.9897118847539015,-0.020103413115486024,12172.548387096775,-28.3125,2.2767115353287926,0.0,0.0,0.0,0.00016328938566319195,21.297055214723926,-0.01755097525902437,-34.02605951307484,1.0,0.75,0.9701342664819773,-0.9833479881633879,4.6221413046226925,0.06896551724137931,0.7460365853658537,0.11972443799854968,0.7409310835535677,-0.8256427865263752,0.4053613917521958,Biotechnology,Healthcare,AUPH
2017Q3,2017,Q3,2017-10-20,2017-09-30,-13120000.0,29000.0,-13790000.0,-0.16,29000.0,1.0,199832000.0,167644000.0,184885000.0,6855000.0,32188000.0,0.0,-348508000.0,524222159.99999994,436676159.99999994,2.0051191273562337,26.9708242159008,0.0,0.0,-0.08225764119204981,2.0051191273562337,-0.07826107704421274,18076.626206896548,-9.988989329268291,3.1269962539667393,0.0,0.0,0.0,0.00014512190239801434,26.669730123997084,-0.06565515032627407,-61.49233548387096,1.0,-4.333333333333334,0.684344117245274,-0.986191733673895,2.159132900596886,-0.9118541033434651,-4.468945393914131,-0.3722758483431187,-0.9625311164876759,-0.8481730881680647,0.28139618820989243,Biotechnology,Healthcare,AUPH
2017Q2,2017,Q2,2017-07-13,2017-06-30,-2399000.0,329000.0,-10049000.0,-0.03,329000.0,1.0,207800000.0,178465000.0,192491000.0,3627000.0,29335000.0,0.0,-335388000.0,508624490.0,328907490.0,2.150880406879346,53.07168458781362,0.0,0.0,-0.056307959543888154,2.150880406879346,-0.013442411677359706,1545.971094224924,-53.003802626094206,2.8499957414619117,0.0,0.0,0.0,0.0015832531280076997,52.40501792114696,-0.01154475457170356,-42.88570741989882,1.0,0.967391304347826,0.9563416980410252,-0.8441300954557595,0.9832165503421596,9.966666666666667,0.9538129801120502,0.0934596301308074,0.7742884264419694,0.7513097337111022,0.3206480660883328,Biotechnology,Healthcare,AUPH
2017Q1,2017,Q1,2017-04-06,2017-03-31,-51941000.0,31000.0,-11085000.0,-0.92,30000.0,0.967741935483871,219694000.0,172663000.0,204475000.0,8316000.0,47031000.0,0.0,-332989000.0,416031200.0,216965200.0,3.046277346506704,24.58814333814334,0.0,0.0,-0.06420020502365881,3.046277346506704,-0.30082299044960414,13420.36129032258,-2.00242197878362,2.4094982711988093,0.0,0.0,0.0,0.00014110535563101404,24.31926406926407,-0.23642429925259678,-42.805967692149395,0.967741935483871,-5.257652020133315,-6.005045441590481,-0.9996727420516749,0.720977808277144,0.034482758620689655,-5.233169326773071,-0.3813084112149533,-2.8569243738858052,-0.8216517974699544,0.2184886301327048,Biotechnology,Healthcare,AUPH
2016Q4,2016,Q4,2017-01-03,2016-12-31,-8333000.0,30000.0,-8025000.0,-0.14702,29000.0,0.9666666666666667,56997000.0,35950000.0,41418000.0,7930000.0,21047000.0,0.0,-281048000.0,119028000.0,79379000.0,0.6342625264643613,5.222950819672131,0.0,0.0,-0.22322670375521558,0.6342625264643613,-0.2317941585535466,3967.6,-3.5709828393135727,3.310931849791377,0.0,0.0,0.0,0.0005263434917627244,5.010718789407314,-0.14620067722862606,-27.829787234042552,0.9666666666666667,0.29990476190476184,0.9192306660199322,-0.9846534020721468,-0.6558872108298894,-0.03333333333333333,-0.12319719638765332,-0.48886827458256027,-3.0651192839200347,-0.9833047355427011,0.041866218239614894,Biotechnology,Healthcare,AUPH
2016Q3,2016,Q3,2016-10-06,2016-09-30,-7419000.0,31000.0,-5390000.0,-0.21,30000.0,0.967741935483871,33250000.0,20103000.0,17323000.0,4766000.0,13147000.0,0.0,-272715000.0,108597789.99999999,96264789.99999999,0.5571939355303639,3.6347041544271925,0.0,0.0,-0.26811918619111574,0.5571939355303639,-0.36904939561259514,3503.154516129032,-3.6594483757918854,5.402068845445953,0.0,0.0,0.0,0.0009323308270676692,3.247587075115401,-0.22312781954887217,-25.90596135496183,0.967741935483871,-1.0999999999999999,-1.3310618269301955,-0.9944118499991423,-0.8445611751310437,-0.4444444444444444,-1.2646520146520146,-0.18409490333919157,0.5034552024687683,-0.9470570080762925,-0.7632604547939605,Biotechnology,Healthcare,AUPH
2016Q2,2016,Q2,2016-07-29,2016-06-30,-3276000.0,55000.0,-4552000.0,-0.1,54000.0,0.9818181818181818,30186000.0,19539000.0,13901000.0,3921000.0,10647000.0,0.0,-265296000.0,90166270.0,81041270.0,0.6002580565881233,3.545269064014282,0.0,0.0,-0.23296995752085572,0.6002580565881233,-0.16766467065868262,1639.3867272727273,-6.880820360195361,4.614681918214853,0.0,0.0,0.0,0.001822036705757636,3.1045651619484826,-0.10852713178294573,-17.86178090332805,0.9818181818181818,0.23076923076923075,-1.0717880613488648,-0.9615384084159476,-0.8069847308513816,-0.03571428571428571,0.232247480665573,0.06086238910666392,0.6052138652770862,-0.9207690661935735,1.8042042678705046,Biotechnology,Healthcare,AUPH
2016Q1,2016,Q1,2016-04-01,2016-03-31,-4267000.0,57000.0,-4847000.0,-0.13,56000.0,0.9824561403508771,27749000.0,16025000.0,11102000.0,3642000.0,11724000.0,0.0,-262020000.0,93955170.0,90463170.0,0.49632979217641776,3.0483250961010433,0.0,0.0,-0.30246489859594383,0.49632979217641776,-0.26627145085803433,1648.3363157894737,-5.504755683149754,5.863037129485179,0.0,0.0,0.0,0.002054128076687448,2.9047226798462384,-0.1537713070741288,-17.995627274468493,0.9824561403508771,-0.06609808102345413,0.8541885651119906,-0.957947924851137,-0.7240996670549708,0.01818181818181818,-0.08382016764033529,0.12255611875452571,0.3459186504584277,-0.9221484687015393,1.6554378894633832,Biotechnology,Healthcare,AUPH
2015Q4,2015,Q4,2016-01-19,2015-12-31,-3937000.0,57000.0,-5524000.0,-0.12194,55000.0,0.9649122807017544,33567000.0,19963000.0,16534000.0,3617000.0,13604000.0,0.0,-257753000.0,79748890.0,73992890.0,0.6182983863474464,4.571191595244678,0.0,0.0,-0.2767119170465361,0.6182983863474464,-0.19721484746781545,1399.1033333333332,-5.064064643129287,3.994834944647598,0.0,0.0,0.0,0.0016980963446241845,4.368260989770528,-0.11728781243483183,-16.48385489871848,0.9649122807017544,0.23787499999999998,0.8371216436678288,-0.9805281237083979,-0.6801242735632455,-0.017857142857142856,0.23627546071774977,0.14063472308649658,0.9089560869231771,-0.9210054407182576,2.1255720694695692,Biotechnology,Healthcare,AUPH
2015Q3,2015,Q3,2015-10-19,2015-09-30,-5155000.0,57000.0,-6428000.0,-0.16,56000.0,0.9824561403508771,38943000.0,23538000.0,21406000.0,3965000.0,15405000.0,0.0,-253690000.0,91669520.0,81075520.0,0.7292273375054217,5.398738965952081,0.0,0.0,-0.27309032203245814,0.7292273375054217,-0.2190075622397825,1608.2371929824562,-4.445660523763336,3.8945330954201713,0.0,0.0,0.0,0.001463677682767121,5.2050441361916775,-0.1323729553449914,-17.574677914110428,0.9824561403508771,-7.000000000000001,0.7091492266138726,-0.9816735138438932,-0.7533594787064859,0.01818181818181818,-6.032742155525239,-0.06212822207534699,0.6787449675739649,-0.9296996916159396,0.14892229718317507,Biotechnology,Healthcare,AUPH
2015Q2,2015,Q2,2015-08-06,2015-06-30,-733000.0,59000.0,-6052000.0,-0.02,55000.0,0.9322033898305084,44383000.0,28013000.0,26285000.0,3723000.0,16370000.0,0.0,-248480000.0,97355740.0,81627740.0,0.8689704376958154,7.060166532366371,0.0,0.0,-0.2160425516724378,0.8689704376958154,-0.02616642273230286,1650.0972881355933,-33.20454979536153,3.4753771463249206,0.0,0.0,0.0,0.0013293378095216638,6.935535858178888,-0.016515332447108125,-26.177934928744286,0.9322033898305084,0.9259259259259258,0.870418132184685,-0.9965979376125185,-0.5634357596861498,-0.03508771929824561,0.9147773514707592,-0.08536585365853659,0.9656661314076241,-0.9280550099651199,-0.1987669103849513,Biotechnology,Healthcare,AUPH
2015Q1,2015,Q1,2015-04-23,2015-03-31,-8601000.0,62000.0,-5576000.0,-0.27,57000.0,0.9193548387096774,48008000.0,27559000.0,29569000.0,2397000.0,20449000.0,0.0,-247747000.0,138905240.0,119863240.0,0.8650302897140525,12.335836462244473,0.0,0.0,-0.20232954751623788,0.8650302897140525,-0.3120940527595341,2240.4070967741936,-4.037473549587258,5.040285932000436,0.0,0.0,0.0,0.0012914514247625395,12.163120567375886,-0.1791576403932678,-34.45070436507937,0.9193548387096774,-0.7487046632124352,-1.9080143309785689,-0.996470102009438,-0.6063398719286865,-0.05,-0.7485261231957715,-0.15182813468291675,-1.0637034943851487,-0.9988355578950332,-0.5113058455453552,Biotechnology,Healthcare,AUPH
2014Q4,2014,Q4,2014-12-31,2014-12-31,-4919000.0,68000.0,-4841000.0,-0.1544,60000.0,0.8823529411764706,52378000.0,45106000.0,33551000.0,2836000.0,7272000.0,0.0,-236372000.0,115966760.0,93260760.0,1.4158008725948712,11.830394922425953,0.0,0.0,-0.10732496785350064,1.4158008725948712,-0.10905422781891544,1705.3935294117648,-5.893817849156333,2.5709830177803394,0.0,0.0,0.0,0.0012982549925541257,11.564174894217206,-0.09391347512314331,-34.46263298662704,0.8823529411764706,-0.93,0.7479488063957025,-0.9966154393473458,-0.2267228199466259,-0.01639344262295082,-0.9519841269841269,-0.1498812351543943,0.9151758250520158,-0.9381132787203523,-0.23187139890807884,Biotechnology,Healthcare,AUPH
2014Q3,2014,Q3,2014-10-21,2014-09-30,-2520000.0,72000.0,-4210000.0,-0.08,61000.0,0.8472222222222222,56395000.0,49316000.0,37181000.0,2655000.0,7079000.0,0.0,-231453000.0,100851200.0,75318200.0,1.5647924863561367,14.004143126177025,0.0,0.0,-0.08536783194095222,1.5647924863561367,-0.051099034796009406,1400.7111111111112,-10.005079365079366,2.0449995944521047,0.0,0.0,0.0,0.0012767089280964624,13.4,-0.044684812483376184,-24.93231149567367,0.8472222222222222,0.38461538461538464,0.8753905486323799,-0.993750442163381,-0.32380361534117946,0.0,0.3726661687826736,0.07837127845884413,-1.1287323439536665,-0.9851419348703291,-0.5634742416723311,Biotechnology,Healthcare,AUPH
2014Q2,2014,Q2,2014-07-29,2014-06-30,-4017000.0,71000.0,-4568000.0,-0.13,61000.0,0.8591549295774648,60179000.0,51073000.0,40613000.0,4734000.0,9106000.0,0.0,-228933000.0,122300100.0,83207100.0,1.6286552504863037,8.579002957329953,0.0,0.0,-0.0894406046247528,1.6286552504863037,-0.07865212538914887,1722.5366197183098,-7.6114077669902915,2.394613592309048,0.0,0.0,0.0,0.001179813556223932,8.282002534854247,-0.06675085993452866,-28.912553191489362,0.8591549295774648,0.4583333333333333,0.3097885536846301,-0.9919803349729891,-0.49811773664552655,0.03389830508474576,0.22616066268541707,-0.22696749932849852,-1.0913718238599348,-0.9484622990625707,-0.47629968798798744,Biotechnology,Healthcare,AUPH
2014Q1,2014,Q1,2014-06-26,2014-03-31,-5191000.0,67000.0,-3723000.0,-0.24,59000.0,0.8805970149253731,63276000.0,54621000.0,43527000.0,4487000.0,8655000.0,0.0,-224916000.0,85207200.0,41918200.0,2.500045770779934,9.700690884778249,0.0,0.0,-0.06816059757236227,2.500045770779934,-0.0950367074934549,1271.7492537313433,-4.103602388749759,1.5599714395562145,0.0,0.0,0.0,0.0010588532777040269,9.669935368843324,-0.08203742335166572,-15.911708683473389,0.8805970149253731,-4.380281690140845,0.8456072865753163,-0.9899289813529655,0.22921074254199778,-0.9147034466220287,-4.337435979769888,-1.760469004991979,0.7378583815961993,-0.926952831627609,0.38972810298444327,Biotechnology,Healthcare,AUPH
2013Q4,2013,Q4,2013-12-31,2013-12-31,1555385.640793,692643.554998,-1348683.862513,0.071,691704.385036,0.9986440789707446,23142087.023489,13300524.996009,2094349.014341,6041680.362895,9841562.02748,0.0,-205371113.010321,85207200.0,83388027.784404,0.6087754026001923,0.3466500854966528,0.05689704151615822,0.09899731676314269,0.06237279952230125,0.6087754026001923,0.11694167269786075,123.01738662716068,13.6955102588831,6.406303512498007,0.0,0.0,0.0,0.02993003847470513,0.31866936110675875,0.06721025805556338,-34.504728464385764,0.9986440789707446,1.146484475740314,1.068806608444651,-0.2791198851729356,-0.8356366430556105,7.201705856506357,1.7227498735716487,-0.3250240941826629,1.095093767747077,-0.6503296967828816,-0.6850509746694756,Biotechnology,Healthcare,AUPH
2013Q3,2013,Q3,2013-09-30,2013-09-30,-2152038.620369,84336.648636,-1017856.104228,-0.484693,84336.648636,1.0,23328292.52215,12230752.825762,4755811.473662,6947594.951434,11097539.696388,0.0,-213451210.764071,20266662.0,15772584.953139,2.3536158061190244,0.6845263011022813,0.00033243299395515594,0.0006340651501570054,-0.07549784855419375,2.3536158061190244,-0.17595307917891176,240.30670328710406,-2.354356214634867,1.6570249017960468,0.0,0.0,0.0,0.0036152088094712946,0.6592716617831331,-0.09225015582797837,-13.240458002511593,1.0,-1.039902191022112,0.7493868054209216,-0.9872401692456664,-0.6316315610337954,0.019949979637315318,-1.1772009180850267,-0.12731313539367675,0.24581027045218767,-0.8315737860536684,-0.2039560237392571,Biotechnology,Healthcare,AUPH
2013Q2,2013,Q2,2013-06-30,2013-06-30,-988442.822384,82687.043796,-902904.501217,-0.237606,82687.043796,1.0,3873935.523114,-2894046.532847,679554.440389,4470802.919708,6767982.055961,0.0,-206953315.085158,15121626.0,14690132.690997,-0.7463999888704627,0.15199829931966305,0.005888125613320579,-0.007881773398978694,0.3319869046622579,-0.7463999888704627,0.34154351395712557,182.87781623088466,-3.824608176001657,-5.2250804637630335,0.0,0.0,0.0,0.0213444553484807,0.14158163265321075,-0.255152109911591,-36.325045689894864,1.0,-0.2087602380831257,0.8984844736092474,-0.9183700107670063,-1.0894758071656072,-0.04397803738876953,-0.26821078138013615,-0.10548758695973807,-0.45282246536720705,-0.9603586477278306,-1.3749857647350308,Biotechnology,Healthcare,AUPH
2013Q1,2013,Q1,2013-03-31,2013-03-31,-779399.47909,87473.585926,-816747.751732,-0.19657,86490.736646,0.988764044944591,3644405.130473,-2921028.060347,261437.908497,4103395.744263,6565433.19082,0.0,-213037495.700034,15043938.0,15038040.90432,-0.7572491614465109,0.06371257485035876,0.007551240561015307,-0.009421265141400532,0.28497942386826,-0.7572491614465109,0.2668236877523909,171.9826372812327,-4.825490138114021,-5.150220295457508,0.0,0.0,0.0,0.024002157497414942,0.052934131736546035,-0.2138619201726465,-73.23662544550682,0.988764044944591,0.853232586442475,0.9171981359388861,-0.9143404926609829,-1.0712405621042147,0.08666407507612607,0.8491392099733266,0.8552902085679985,-1.6795776361935293,-0.9588677366158801,-1.3446108251024007,Biotechnology,Healthcare,AUPH
2012Q4,2012,Q4,2012-12-31,2012-12-31,-5166348.916456,86207.868927,-5644039.312404,-1.33933,79592.892256,0.9232671361288203,4159504.638984,-2118954.997336,444297.01557,3671984.158097,6278459.63632,0.0,-217084325.96524,15043938.0,14895168.863565,-0.5493192334088588,0.12099644128101474,0.008699855002406982,-0.017077798861464853,2.757789601748182,-0.5493192334088588,2.438158867437607,174.5077124309738,-0.7279772545018023,-7.099696793425812,0.0,0.0,0.0,0.020725513350565015,0.10046537092801228,-1.2420586980563946,-19.073325114452434,0.9232671361288203,-1.636471188048842,0.6691778106512554,-0.9229436476210928,-1.0410785481181124,0.017393561081576154,-1.9876491897894086,-2.3384289021832076,-1.1864063568601257,-0.9645614854217325,-1.3000252620136876,Biotechnology,Healthcare,AUPH
2012Q3,2012,Q3,2012-09-30,2012-09-30,-1729235.458471,87376.174752,-1690627.381255,-0.508001,78232.156464,0.8953488372093023,7739903.479807,2207772.415545,3536703.073406,3323342.646685,5532131.064262,2784861.569723,-214146812.293625,13565838.0,13326061.520446999,0.6347055316911127,1.0642005502904808,0.006300866369100519,0.0220892774964585,-0.7333627148525311,0.6347055316911127,-0.783248964565095,155.2578610645745,-1.9612479511603054,6.144581708006893,0.0,0.00328347318495602,0.0,0.01128905224463843,0.1507184347294528,-0.2234182200052603,-12.294821410225603,0.8953488372093023,-0.0333751022184975,0.8575093432896786,-0.9036525092714124,-0.9633254802591837,0.007214257456640735,0.24933615671737244,0.11500920768150502,0.2252641592381325,-0.9312838379387949,-0.7257236409334311,Biotechnology,Healthcare,AUPH
2012Q2,2012,Q2,2012-06-30,2012-06-30,-2303608.298102,88486.874447,-1910333.30056,-0.491594,77671.81201499999,0.8777777777824237,9004031.068725,3772490.413922,4910038.344312,3007570.543703,5231540.654803,2672303.608298,-205556975.715269,13565838.0,12273929.633074,1.0845413762346123,1.6325596600193562,0.006442454684378842,0.015376596299072629,-0.49127686472819027,1.0845413762346123,-0.6106333072711763,153.3090425532589,-1.4722379246481736,3.595990052071869,0.0,0.00404709345091524,0.0,0.009827473247438498,0.6364825106243743,-0.25584188687480824,-4.920760994935161,0.8777777777824237,-2.2697946043739687,0.8490716311263528,-0.8741040802733231,-0.9440006219137823,-0.9865950625211052,-4.062407566298063,-1.5042218617200536,-2.5683639684841384,-0.9098933340340871,-0.6657904854672739,Biotechnology,Healthcare,AUPH
2012Q1,2012,Q1,2012-03-31,2012-03-31,-455042.046286,5813312.485592,3788676.068196,-0.150344,5794268.875725,0.9967241379309647,9739303.003879,6157099.758447,5371300.277636,1223802.507743,3582203.245432,0.0,-207203496.005853,13565838.0,10290337.102945,1.770085199155651,4.3890253890245985,0.007203869506992051,0.011395083835168617,,1.770085199155651,-0.07390525801725435,2.333581419134485,-7.453068409129873,2.203283775187963,0.0,0.0,0.0,0.5968920448698081,3.5290745290742387,-0.046722239374292436,-7.453068409129873,0.9967241379309647,0.9174033907989144,0.9629207950401389,4.254739308201269,-0.927357805026855,53.46384810546958,0.9281305254467925,3.0228726967508863,0.9149925543633839,4.488478072228935,-0.12969283704836512,Biotechnology,Healthcare,AUPH
2011Q4,2011,Q4,2011-12-31,2011-12-31,-6331506.513925,119966.867131,-1872918.683554,-1.82022,106387.430879,0.8868067777649666,14321253.67287,6411361.410382,8317335.945152,2126346.718903,7909892.262488,0.0,-202032321.253673,13565838.0,7721567.676787999,1.8431820799046692,3.911561492399971,0.0055395978662321505,0.01237396883593763,,1.8431820799046692,-0.9875447831832269,113.07987217159331,-0.5356481103732736,2.1159059880843194,0.0,0.0,0.0,0.008376841153108244,2.91708889912462,-0.4421056046175151,-10.224211426681808,0.8868067777649666,-3.9059124979046436,0.40402725792162664,-0.897011093066032,-0.8258712425471375,-0.7966883296074302,-3.93051039674464,-0.6900241025425711,-0.7592549914457588,-0.21576858821573394,-0.5023590098763662,Biotechnology,Healthcare,AUPH
2011Q3,2011,Q3,2011-09-30,2011-09-30,2160547.364363,534836.657994,-1108220.102149,0.626385,523272.62214500003,0.9783783783774789,20124313.385371,12468921.653657,11754842.440012,1567890.527127,7655391.731714,0.0,-192488195.046738,13565838.0,6233275.60239,3.5846509776441606,7.497234173326855,0.0,0.0,,3.5846509776441606,0.1732745961820471,25.364450617280212,1.569722356445499,1.087972029724101,0.0,0.0,0.0,0.026576641287189937,4.816840811310203,0.10736005363211895,-11.695554049988042,0.9783783783774789,-0.5506173778355223,1.167230288358541,-0.5009480699239074,-0.7825578632745334,2.81052631579047,-0.5569482673442937,0.4185626579993249,1.3758834992086297,-0.8791114024371435,-0.4389601389315783,Biotechnology,Healthcare,AUPH
2011Q2,2011,Q2,2011-06-30,2011-06-30,4876512.617189,152810.473712,-1906000.908603,1.393879,137322.925701,0.8986486486509478,19335687.440631,10817536.034362,11737496.386239,2136249.122372,8518151.406269,0.0,-208552224.011894,13565838.0,4922753.706439,3.1098993319846366,5.4944417593048245,0.0,0.0,,3.1098993319846366,0.45079698386940564,88.77557716081272,0.6954682098115765,1.2540598854404548,0.0,0.0,0.0,0.007903027713971632,4.150314161430973,0.25220270198109185,-8.920284425009315,0.8986486486509478,2.5052493920165184,1.3950591638737986,-0.9209556703472833,-0.8461024574146101,8.850913218659086,2.638275623149795,-0.06280054106735108,1.5582672316975852,-0.8318421051452181,-0.6271961989787762,Biotechnology,Healthcare,AUPH
2011Q1,2011,Q1,2011-03-31,2011-03-31,-2976613.06088,137872.848309,-1793375.92987,-0.926012,-17491.331502000015,-0.12686567164260307,15136175.160251,5907954.440226,10558590.816022,2774948.297682,9228220.720026,0.0,-212684302.044428,12808068.0,2635315.378873,1.7989459703744077,3.804968483500005,0.0,0.0,,1.7989459703744077,-0.5038314176244958,92.89768186477599,-1.0757249714725643,2.1679361494043694,0.0,0.0,0.0,0.009108830127116054,3.7482387838337092,-0.1966555638637733,8.53206947901424,-0.12686567164260307,-0.2369256251335755,0.6680626269209872,-0.9483457048132921,-0.9199821859567046,-1.0606416836212686,-0.21067903625323123,0.1435931749652207,0.6285671625737161,-0.8414174855103551,-0.8307585816539235,Biotechnology,Healthcare,AUPH
2010Q4,2010,Q4,2010-12-31,2010-12-31,-2458631.042371,297754.530239,-2094070.104821,-0.74864,288437.432101,0.9687087946889628,10282354.823228,6347984.322508,6578947.368421,1343784.994401,3934370.50072,0.0,-203821388.577828,12808068.0,6460083.677492,1.9329331213561014,4.895833333332916,0.0,0.0,,1.9329331213561014,-0.38730893421608664,43.01552688289676,-1.3023576717359386,2.017659047232762,0.0,0.0,0.0,0.028957815146231664,4.808779761904143,-0.23911167088077084,-5.573861963273818,0.9687087946889628,-0.4044487467381047,0.8660723905086662,1.1350747524188163,-0.9231326235016318,0.1315959788660771,-0.6366551674316742,-0.4880589078197283,0.8150807306188276,-0.6873936283862023,-0.8554536571712924,Biotechnology,Healthcare,AUPH
2010Q3,2010,Q3,2010-09-30,2010-09-30,-1502229.114169,263616.980035,-1407249.466951,-0.533049,254894.359372,0.9669117647055895,12535375.072689,8088776.894747,9152936.615623,2959875.944951,4446598.177941,0.0,-195008722.620663,10669620.0,4108270.9013369996,2.956640432322173,3.092337917484756,0.03517859904126545,0.05451713395635606,,2.956640432322173,-0.18571770908214505,40.473948220571415,-1.7756312767746816,1.319064691588792,0.0,0.0,0.0,0.021029843822491283,3.0196463654219,-0.11983918354720217,-186.21628598840914,0.9669117647055895,-1.8094394813819277,0.8359675471211361,-0.9095587776911858,-0.9052904400841025,-0.8190679163541489,-2.2582298544154695,-1.2962564444468785,0.8426139975185478,-0.630411511920241,-0.8291595669368363,Biotechnology,Healthcare,AUPH
2010Q2,2010,Q2,2010-06-30,2010-06-30,-461056.825728,1413528.128261,-612845.081112,-0.189735,1408784.74528,0.9966442953018306,8054264.3013,5230054.074566,4546058.248743,1534010.055972,2824210.226734,0.0,-189412769.186984,10247406.0,6266759.002561,1.9904755301787984,2.963512677798234,0.0,0.0,,1.9904755301787984,-0.08815526936330183,7.249523935973544,-5.556476679322304,1.9593307935062505,0.0,0.0,0.0,0.17550058892813453,2.887445887445896,-0.05724381625440117,-4.199924717059455,0.9966442953018306,-1.3868314015719136,0.9595571606704217,2.961773883460861,-0.9236708078938446,-0.00820775598153614,-1.5904539298334388,0.3409975994880034,0.9600101860612553,1.662379362441107,-0.8972234769199486,Biotechnology,Healthcare,AUPH
2010Q1,2010,Q1,2010-03-31,2010-03-31,780851.481263,1447910.535609,-929958.799294,0.490485,1420443.398077,0.9810298102980188,9621345.889739,5771041.789288,5597410.241318,2379831.273298,3850304.100451,0.0,-195383558.956249,10242570.0,5173902.15617,2.1974038720968663,2.3520197856552403,0.0,0.0,,2.1974038720968663,0.135305116437103,7.0740351341472305,3.2792951815347138,1.774821665476741,0.0,0.0,0.0,0.15048939641107506,2.2407254740316476,0.08115823817286985,27.549540522425026,0.9810298102980188,1.8046805787971258,1.0639131465638072,1.6010984573851172,-0.9283463579703385,-0.12174502737347315,1.485364692344477,0.4562180940424345,1.0842723316516625,0.733432444068897,-0.909821154039508,Biotechnology,Healthcare,AUPH
2009Q4,2009,Q4,2009-12-31,2009-12-31,-1608793.3333,1656222.976487,-1710168.707538,-0.60954,1617347.401779,0.9765275719151906,9547321.172763,4808518.766116,5404450.386783,3245153.280489,4738802.406647,0.0,-190975074.013943,10242570.0,5659435.62888,1.830909936456612,1.6653914067099547,0.0,0.0,,1.830909936456612,-0.33457149936413283,6.184294111005165,-1.591654096892322,2.130088390665316,0.0,0.0,0.0,0.17347515041307532,1.6389052383755431,-0.16850730212047685,-6.627246703191919,0.9765275719151906,-0.30307351246657016,0.894672149577083,2.6968958214253584,-0.947469163169644,0.7676714087528882,0.04517535038059311,0.02193722231797587,0.7994340141167897,0.883153068425517,-0.8270306142191992,Biotechnology,Healthcare,AUPH
2009Q3,2009,Q3,2009-09-30,2009-09-30,-1684909.720273,959865.282066,-1748526.522593,-0.467771,914959.303958,0.9532163742693713,10810178.688371,6076340.162784,6535690.897184,3272523.154645,4733838.525587,0.0,-185626344.84049,10240538.1,4392469.9925999995,2.3141095129422546,1.9971412235562884,0.0,0.0,,2.3141095129422546,-0.2772902232486313,10.66872434218937,-1.5194490803846692,1.6853134988591696,0.0,0.0,0.0,0.08879273041976361,1.943110348770566,-0.15586326265684522,-6.232252761138401,0.9532163742693713,-1.5204368719519838,0.8671530572947382,1.084763554658556,-0.9395820084923625,1.3977923339232519,-3.1442710587966913,0.2464915120993741,0.8272366440573498,0.18647531137502404,-0.8596279190780278,Biotechnology,Healthcare,AUPH
2009Q2,2009,Q2,2009-06-30,2009-06-30,-406563.590163,618459.02063,-2320513.372669,-0.18559123825137858,381584.047548,0.6169916434548812,10637839.700245,7108833.283087,6505878.80615,2551358.800982,3529006.417158,0.0,-169356992.118524,8543496.0,2286551.2564710006,3.2450942569691965,2.5499662390275852,0.005344129554677411,0.007997091966589624,,3.2450942569691965,-0.057191324366865776,13.81416668690041,-5.253480763350409,1.2018140895674514,0.0,0.0,0.0,0.058137651821897285,2.515530047265304,-0.03821862348176166,-2.007003443987106,0.6169916434548812,0.8828269347560314,0.9185664966262956,0.656653192956564,-0.9204309306592598,-0.41024947755330443,0.8756677536210076,0.10394121233349439,0.9477011334302962,-0.49202828188951164,-0.8394121550915886,Biotechnology,Healthcare,AUPH
2009Q1,2009,Q1,2009-03-31,2009-03-31,-3269977.033341,647026.213669,-2589688.762176,-1.583907,647026.213669,1.0,13312742.535836,4321691.61321,8884929.120139,5454977.429318,8991050.922626,181357.408727,-155336184.366833,8286989.1,7239234.288881,2.0338626113939258,1.6287746806039167,0.26823319452709277,0.8262781748213744,,2.0338626113939258,-0.7566428440534136,12.8078104486805,-0.6335663076150889,1.9175336515612038,0.0,0.0,0.0,0.048602022605582426,0.8925667828108191,-0.24562760261746888,-2.555306748856842,1.0,-0.5308478147410745,0.20612975757808416,-0.025732232327602127,-0.9531684891068453,1.5950150049035114,-0.4873606763905949,-0.18186516173671569,0.4364073390672915,-0.625340779329039,-0.9095330027092149,Biotechnology,Healthcare,AUPH
2008Q4,2008,Q4,2008-12-31,2008-12-31,-2198509.806832,93447.400568,-2191188.001828,-1.03466,249334.28610099998,2.6681778688917506,26658175.842235,7870172.555464,21746918.652424,9129827.444536,18788003.286771,119967.132293,-157776499.589154,8286989.1,97178.08931800164,3.7038389451133225,2.38196381963813,0.48497364608699667,1.6427229066611966,,3.7038389451133225,-0.2793470907198404,88.68078779751296,-0.9423416118326705,1.0529615509188064,0.0,-1.2994132855678495,0.0,0.0035053936593797126,2.3576635766357525,-0.08247037681208719,-5.503476500666386,2.6681778688917506,0.45235453779413204,0.7709776021598329,-0.8931467398296934,-0.9191723223387437,-0.7218700998245441,0.37386535337301746,0.41806532394996837,0.8149061364921821,1.06551939589372,-0.8527086221774696,Biotechnology,Healthcare,AUPH
2008Q3,2008,Q3,2008-09-30,2008-09-30,-3511241.262044,2702626.109957,-3765350.462875,-1.889288,896467.0319289998,0.3317022020272212,33342150.009446,13576421.689023,27205743.434725,9343472.510863,19765728.320423,209710.938976,-176809937.653505,8286989.1,-5348000.508917004,6.389298205688444,2.911737943585192,0.3855677697189572,0.9469106596159457,,6.389298205688444,-0.2586278875591319,3.066272863075333,-0.5900327321267503,0.6103956764027383,0.0,8.612612612614846,0.0,0.08105734360835555,2.8643210999899535,-0.1053093834995418,-4.154585391914223,0.3317022020272212,0.23083299203103233,0.4730359981741664,5.111482566043114,-0.8690573323592022,1.7318088176558537,0.34197360403087057,0.3240963490098161,0.5063644135674639,0.19379895795079613,-0.7953326976737197,Biotechnology,Healthcare,AUPH
2008Q2,2008,Q2,2008-06-30,2008-06-30,-5336018.864217,555118.883867,-5570839.064649,-2.456278,328158.773826,0.5911504424782332,39116722.342307,17725486.343093,32481823.540971,7570249.55787,21391235.999214,1906071.919827,-180245627.82472,8286989.1,-8529674.291628998,8.341919592733952,4.290720311486037,0.33157511365634157,0.7317221883487561,,8.341919592733952,-0.30103652790865504,14.92831416988053,-0.3882571122251842,0.46751829200044204,0.0,0.11907216494831921,0.0,0.01419134453570019,3.9872809863723844,-0.13641272951046277,-1.9596982565038537,0.5911504424782332,-0.011298832567877328,-3.929037286990136,-0.9469910584743767,-0.8239057538099653,0.062181842451357223,-0.02911077701681153,-0.07419719918390487,0.42120907382104655,0.9239261895366596,-0.6801106200633896,Biotechnology,Healthcare,AUPH
2008Q1,2008,Q1,2008-03-31,2008-03-31,-5185077.236957,562518.216263,-5186048.771009,-2.428835,308947.82862100005,0.5492227979272309,30522685.32012,22586223.647139,23722918.488293,4600213.737491,7936461.672982,1897406.00408,-172955406.587001,8286989.1,-12243468.492538,10.629466403406045,5.156916578670038,0.009103351688582936,0.012302133516870423,,10.629466403406045,-0.22956813489331554,14.731947980375264,-0.3995595784443628,0.36690458880892707,0.0,0.1336405529953771,0.0,0.018429512684200112,4.624920802534693,-0.16987618168507249,-0.8288599631357879,0.5492227979272309,0.40006249258981147,0.21366231398566254,0.5995948219830042,-0.7027183229884106,0.25597625905249155,0.39725877660592884,0.43171363115154665,0.47544725525182374,0.2490039945450429,-0.6533909900189729,Biotechnology,Healthcare,AUPH
2007Q4,2007,Q4,2007-12-31,2007-12-31,-8602493.135876,616273.786429,-9125766.612206,-4.04848,245982.22012099996,0.39914438280158654,42666868.625669,28414621.831768,35322629.50621,10741189.538524,14252246.793901,2007472.483086,-174377461.375341,8286989.1,-23437740.779834,13.372411114175978,3.288521199586229,0.014389510803978607,0.021607022282259906,,13.372411114175978,-0.30274881667642944,13.446927781918129,-0.24083102913037457,0.2916452363527504,0.0,0.18445660870965808,0.0,0.014443848500713286,3.056218858700726,-0.20161997852124108,-1.2737137106355456,0.39914438280158654,-0.14838019018075468,-0.9031610410093548,0.25973609041660295,-0.633069007642368,-0.07495777221133051,-0.16040151974151567,-0.11866416750186441,0.3038874382264826,0.700216690996403,-0.6163306931269892,Biotechnology,Healthcare,AUPH
2007Q3,2007,Q3,2007-09-30,2007-09-30,-7413376.309428,553988.718775,-8157735.697019,-3.525383,265914.58501199994,0.4799999999999999,47975423.045931,36773771.152297,40382755.842063,7655116.841257,11201651.893634,442183.722804,-165421031.426269,8286954.0,-26512602.809025,17.306444260938132,5.275263157894791,0.02187696829729191,0.02854090772138396,,17.306444260938132,-0.20159412747541772,14.958705329459443,-0.2794595085326042,0.22534958314935757,0.0,0.6514806378132788,0.0,0.011547344110850653,5.157894736842125,-0.15452445937434545,-0.8597675214050506,0.4799999999999999,0.16605110971753614,-2.826264891326031,-0.9188712899968251,-0.5480561947177249,0.0002334831983300882,0.20480259155719419,0.1645266837139642,0.27769798928893974,0.4868778542948086,-0.548154226696334,Biotechnology,Healthcare,AUPH
2007Q2,2007,Q2,2007-06-30,2007-06-30,-9322686.707374,429309.534993,-9764208.548614,-4.227337,265852.512917,0.6192560175057253,53822451.855331,41147956.787224,46613433.536872,9317050.258337,12674495.068107,304368.248004,-147364960.075153,8286096.0,-30614796.437764,19.367025372403795,5.003024803387937,0.02736761266451118,0.03579745217114519,,19.367025372403795,-0.22656499703209065,19.300982914658785,-0.2222024685610725,0.20137320652025045,0.0,0.5370370370363069,0.0,0.007976402415611577,4.885359951603218,-0.17321185464445926,-1.1943206001582318,0.6192560175057253,-0.21916412442038813,-3.678183213175736,-0.9526054018226715,-0.5005620689616248,0.0,-0.3869810917753784,-0.38005280344039183,-0.9253131895265262,0.18570559080215335,-0.525124368430541,Biotechnology,Healthcare,AUPH
2007Q1,2007,Q1,2007-03-31,2007-03-31,-6721567.267684,605929.26491,-7075242.718447,-3.467406,0.0,0.0,56636615.811373,46423370.319001,49739944.521498,6979889.042996,10213245.492372,178571.428571,-127380374.479889,7430124.0,-32183260.188627,24.367176677549914,7.126179831097712,0.03362617852332147,0.041024013145605304,,24.367176677549914,-0.14478843783844955,12.26236201201408,-0.27635385112199223,0.16005136957837085,0.0,0.0,0.0,0.01069854291661836,6.966219572776792,-0.11867882943553744,-1.1898099731260332,0.0,-0.13528735745086296,-1.0957837688216419,-0.8221499888463606,-0.17018001858105875,-1.0,-0.1551555074488147,-0.15694886866086924,-0.8200196457357148,0.017604673747323718,-0.4389239009472699,Biotechnology,Healthcare,AUPH
