Year,Date,FillingDate,NetIncome,Revenue,OperatingIncome,EPSDiluted,GrossProfit,GrossProfitRatio,TotalAssets,CommonStockEquity,CurrentAssets,CurrentLiability,TotalLiability,Inventory,RetainedEarnings,EnterpriseValue,bookValuePerShare,currentRatio,debtToAssets,debtToEquity,roic,shareholdersEquityPerShare,roe,priceToSalesRatio,peRatio,pbRatio,payoutRatio,inventoryTurnover,dividendYield,assetTurnover,quickRatio,returnOnAssets,priceToFreeCashFlowsRatio,grossProfitMargin,epsdilutedGrowth,fiveYNetIncomeGrowthPerShare,fiveYRevenueGrowthPerShare,fiveYShareholdersEquityGrowthPerShare,grossProfitGrowth,netIncomeGrowth,operatingIncomeGrowth,threeYNetIncomeGrowthPerShare,threeYRevenueGrowthPerShare,threeYShareholdersEquityGrowthPerShare,Industry,Sector,Price,MarketCap,AvgVolume,Symbol
2022,2022-12-31,2023-03-20,27468803.0,0.0,-1152659.0,0.73,0.0,0.0,380377205.0,366310823.0,16823.0,620548.0,14066382.0,0.0,-13950496.0,378374409.0,9.768288613333333,0.027109909305968273,0.0,0.0,-0.006568989555135336,9.768288613333333,0.07498769153211725,0.0,13.774717449464399,1.0329342630425091,0.0,0.0,0.0,0.0,0.0009523840218645456,0.07221464020169137,-2358.9463840399003,0.0,6.388663967611336,4.644858648259968,0.0,38.0731388240778,0.0,5.075115093835535,0.07298408889117651,3.7805478687315692,0.0,8.768282752363682,Shell Companies,Financial Services,10.66,148717660,1110,LHC
2021,2021-12-31,2022-03-31,4521528.0,0.0,-1243408.0,0.0988,0.0,0.0,375648434.0,353152751.0,615450.0,66516.0,22495683.0,0.0,-21848186.0,445667772.25,7.723232788188661,9.252661013891395,0.0,0.0,-0.009712732689148632,7.723232788188661,0.012803320906312294,0.0,98.60134964330642,1.2624247212787534,0.0,0.0,0.0,0.0,2.4203349570028263,0.012036594833774816,-276.1267718230128,0.0,14582.734458940904,-0.23798001668923344,0.0,29.892918795587125,0.0,134.46502154790718,-35.70252080996517,-0.23798001668923344,0.0,29.892918795587125,Shell Companies,Financial Services,10.66,148717660,1110,LHC
2020,2020-12-31,2021-03-31,-33878.0,0.0,-33878.0,-6.7756e-06,0.0,0.0,398249.0,-8878.0,16771.0,407127.0,407127.0,0.0,-33878.0,49750162127.0,-1.7756e-06,0.041193534204314625,0.40709957840446553,-18.261658031088082,-0.2210650640460949,-1.7756e-06,3.8159495381842756,0.0,-1468504.6342759312,-5603739.580986708,0.0,0.0,0.0,0.0,0.0,-0.08506738246674819,0.0,0.0,0.9999742802915275,-1.0000522146490929,0.0,-1.0000071023971588,0.0,0.9999742800767392,0.9999937565607898,-1.0000522146490929,0.0,-1.0000071023971588,Shell Companies,Financial Services,10.66,148717660,1110,LHC
2019,2019-12-31,2020-03-13,-1317189000.0,0.0,-5426176000.0,-0.26344,0.0,0.0,207230550000.0,5000003000.0,39810000.0,4881457000.0,11881457000.0,0.0,1269279000.0,52610657000.0,1.0000006,0.008155351977903319,0.013805396935924747,0.5721796566922059,-0.6902738782045778,1.0000006,-0.2634376419374148,0.0,-37.769826501739686,9.949994030003582,0.0,0.0,0.0,0.0,42.44449618218495,-0.006356152603947632,-90.46753988300138,0.0,-3.0302096177558573,-3.0301246066427336,0.0,3.0000007999996794,0.0,-508.5311516606834,-11077.80272775532,-3.0301246066427336,0.0,3.0000007999996794,Shell Companies,Financial Services,10.66,148717660,1110,LHC
2018,2018-12-31,2019-03-29,2595287.0,0.0,-489780.0,0.12976,0.0,0.0,203775592.0,5000002.0,693839.0,109310.0,198775590.0,0.0,2586468.0,303554836.0,0.2500001,6.347443051870826,0.5157879752350321,21.020991591603362,-0.004448299269818823,0.2500001,0.519057192377123,0.0,76.67745416980857,39.79998408000637,0.0,0.0,0.0,0.0,1857856.5836977405,0.012736005203213935,-379.35037677689434,0.0,0.0,0.0,0.0,0.0,0.0,0.0,0.0,0.0,0.0,0.0,Shell Companies,Financial Services,10.66,148717660,1110,LHC
TTM,,,,,,,,,,,,,,,,149437069.0,1.764726136151072,0.04944430424999474,0.015112990700703948,0.022185522984879705,-0.11561285973529688,1.764726136151072,0.10559438135589314,0.0,6.617065863362098,6.040597337811194,0.0,0.0,0.0,0.0,0.0003107059491514731,0.6218636529907885,64.62116376412904,0.0,,,,,,,,,,,Shell Companies,Financial Services,10.66,148717660,1110,LHC
