Quarters,Year,Quarter,FillingDate,Date,NetIncome,Revenue,OperatingIncome,EPSDiluted,GrossProfit,GrossProfitRatio,TotalAssets,CommonStockEquity,CurrentAssets,CurrentLiability,TotalLiability,Inventory,RetainedEarnings,MarketCap,EnterpriseValue,bookValuePerShare,currentRatio,debtToAssets,debtToEquity,roic,shareholdersEquityPerShare,roe,priceToSalesRatio,peRatio,pbRatio,payoutRatio,inventoryTurnover,dividendYield,assetTurnover,quickRatio,returnOnAssets,priceToFreeCashFlowsRatio,grossProfitMargin,epsdilutedGrowth,fiveYNetIncomeGrowthPerShare,fiveYRevenueGrowthPerShare,fiveYShareholdersEquityGrowthPerShare,grossProfitGrowth,netIncomeGrowth,operatingIncomeGrowth,threeYNetIncomeGrowthPerShare,threeYRevenueGrowthPerShare,threeYShareholdersEquityGrowthPerShare,Industry,Sector,Symbol
2023Q1,2023,Q1,2023-05-10,2023-03-31,-12764312.0,56913534.0,-813318.0,-0.0575,16512990.0,0.2901417086,340787542.0,145654620.0,264086212.0,36727829.0,195132922.0,163984873.0,-484805486.0,734560992.5,821081913.5,0.6563332345747994,7.190357262880961,0.4569565045895956,1.0691393379763718,-0.004888681237381255,0.6563332345747994,-0.08763410319562813,12.9066136096908,-14.387007159101094,5.043169880227624,0.0,0.24636750488564882,0.0,0.1670059112665568,2.6062705203729846,-0.037455336322124125,-44.073121857913335,0.29014170864877237,0.5576923076923077,0.8636177230978999,1.8752809405157473,0.29175093804984836,0.16476698015867305,0.507752705385009,0.8657568107970531,0.8046237512560183,0.8551282332189115,-0.4973279512523599,Biotechnology,Healthcare,ADMA
2022Q4,2022,Q4,2023-03-23,2022-12-31,-25930690.0,49981455.0,-6058542.0,-0.13,14177076.0,0.2836467246,348461881.0,151974215.0,270401783.0,39266942.0,196487666.0,163280047.0,-478016671.0,786982130.48,854903196.48,0.7492672722319015,6.886244999674281,0.4432123466612407,1.0162421829255706,-0.04038618677999269,0.7492672722319015,-0.1706255893475087,15.745482609099716,-7.587362026232237,5.178392469275133,0.0,0.21928202286712964,0.0,0.14343449807641945,2.5982820358152665,-0.07441471051463446,-70.72193825286426,0.28364672457014306,-0.3,0.6438620543224812,-0.06963803441030578,-0.15813896766445906,0.46811670849107884,-0.2660063396278001,0.3497138964913989,0.4296080070828043,0.2143526345606449,0.6968292756298059,Biotechnology,Healthcare,ADMA
2022Q3,2022,Q3,2022-11-09,2022-09-30,-20482275.0,41090137.0,-9316733.0,-0.1,9656641.0,0.2350111658,300557570.0,100384536.0,224094522.0,44440327.0,200173034.0,162913633.0,-465784988.0,477212962.05,595029486.05,0.5111647039764226,5.042593903505706,0.5081307517890832,1.5213752046430737,-0.04842878836422683,0.5111647039764226,-0.20403814986005414,11.613808005799543,-5.824706509042575,4.753849358331447,0.0,0.19294576777377495,0.0,0.13671303304721288,1.2558054534567218,-0.06814759315494866,-28.635225462072498,0.23501116581821083,-0.06951871657754016,0.8316459045425632,0.14101005630442556,0.014688557677904786,0.24290803670248112,-0.11589177553257347,-0.015476625547604133,0.5525489350256683,0.7184193546184462,-0.16049835072941437,Biotechnology,Healthcare,ADMA
2022Q2,2022,Q2,2022-08-10,2022-06-30,-18355073.0,33905007.0,-9174739.0,-0.0935,7769393.0,0.2291517887,296932329.0,114400527.0,222774287.0,28071613.0,182531802.0,146075459.0,-450885484.0,388779306.3,487625752.3,0.5826262864032483,7.935927550725354,0.5094140456494382,1.3222098094006158,-0.04414894407137187,0.5826262864032483,-0.1604457031915596,11.466722490279976,-5.295256879392417,3.398404854376239,0.0,0.17891858207339262,0.0,0.11418428944461619,2.539893236630186,-0.06181567720098272,-23.18184587759763,0.22915178870188702,0.4805555555555555,0.8412181020988748,-0.16558293955115347,-0.6542577389014342,1.1215983847285411,0.4785586617609994,0.38071561746670585,0.6764860948289805,0.3739844121433748,-0.3515371828750695,Biotechnology,Healthcare,ADMA
2022Q1,2022,Q1,2022-05-11,2022-03-31,-35200648.0,29103093.0,-14815066.0,-0.18,3662047.0,0.1258301652,308032492.0,126933065.0,239800183.0,31566512.0,181099427.0,139146311.0,-437120578.0,358445635.56,435301823.56,0.648041113925399,7.596663926632122,0.47514836194618065,1.1530575898407558,-0.07415024704937313,0.648041113925399,-0.2773166156509338,12.316410340303005,-2.545731797039646,2.8238949052400177,0.0,0.18283665457720974,0.0,0.09448059459909183,3.013781535318188,-0.11427576283088993,-12.422091469708823,0.12583016519927967,-0.6363636363636362,0.6755031089846026,-0.2716489266682136,1.7762472446985458,0.04287701641897943,-0.7506092206868866,-0.12310358190743151,0.35561920130090185,0.9518406046466176,1.9922135135373429,Biotechnology,Healthcare,ADMA
2021Q4,2021,Q4,2022-03-24,2021-12-31,-20107656.0,26382867.0,-13191184.0,-0.11,3511485.0,0.1330971725,276252724.0,141172566.0,208729311.0,30378315.0,135080158.0,124724091.0,-412112721.0,254947481.97,306778074.97,0.7807620476260395,6.870996992426999,0.3725563661772255,0.7290347828628404,-0.06318215946576937,0.7807620476260395,-0.14243316934538117,9.663372899162173,-3.169781226240393,1.8059279447396317,0.0,0.18337581630480673,0.0,0.09550264923360538,2.622461943659482,-0.07278717729494678,-6.8642979898326075,0.13309717249455869,0.3125,0.7230254425571223,-0.434920350556214,3.257322609796426,8.112763632872005,0.04198308891128387,0.08629808418269738,0.7360366890140563,0.6673451655080971,0.8305470159755209,Biotechnology,Healthcare,ADMA
2021Q3,2021,Q3,2021-11-10,2021-09-30,-20988832.0,20680550.0,-14437076.0,-0.16,385337.0,0.0186328217,238640406.0,102780167.0,174785110.0,32337243.0,135860239.0,114122873.0,-395463301.0,151160266.10999998,218529693.10999998,0.7683341111974706,5.405071483675958,0.42649942943861735,0.9902688424314391,-0.08070258841568226,0.7683341111974706,-0.20421091551641476,7.309296228098382,-1.8004844923004768,1.4707143461831502,0.0,0.1778365060963721,0.0,0.08665988441203037,1.694739127884217,-0.08795171091018006,-9.33027242853799,0.018632821660932615,0.058823529411764754,0.5895006275670162,-0.3218676842773468,66.08033845449589,1.3845548155052623,0.055806429816692094,0.0734316772897034,0.5586972812769044,0.6938856851719113,-0.0428322741740303,Biotechnology,Healthcare,ADMA
2021Q2,2021,Q2,2021-08-11,2021-06-30,-22229374.0,17830590.0,-15581232.0,-0.17,-1002034.0,-0.0561974674,232813792.0,111593532.0,171355158.0,18186396.0,121220260.0,99699743.0,-377750347.0,203865801.60000002,262793133.60000002,0.8758195332355341,9.422161378208195,0.43526755493935687,0.9080839022103897,-0.08312952195196269,0.8758195332355341,-0.1991994840704567,11.433486025981194,-2.2927523914978445,1.8268603739507054,0.0,0.1888934056730718,0.0,0.07658734410373763,3.62653227170463,-0.09548134502272099,-5.549209276513508,-0.05619746738610444,0.1052631578947368,0.6763377595327053,-0.25331351019353104,1.710898312038838,0.4179310649292711,-0.029345794124210206,-0.02749776794089836,0.5365372462737608,0.2835969096674474,-0.2772638488049009,Biotechnology,Healthcare,ADMA
2021Q1,2021,Q1,2021-05-12,2021-03-31,-21595633.0,16048618.0,-15164249.0,-0.19,-1721504.0,-0.1072680526,235667028.0,112504086.0,177276547.0,21205738.0,123162942.0,94146200.0,-358845044.0,203565009.12,241749459.12,0.972697578115089,8.359838596515717,0.4249646624304186,0.8901913038074013,-0.08121242000112151,0.972697578115089,-0.19195421044529884,12.684270329071326,-2.35655293271561,1.8094010302879133,0.0,0.1887502841325513,0.0,0.06809869898304145,3.6465478824646422,-0.09163620886329504,-5.686127854785075,-0.10726805261362692,0.13636363636363635,0.6052800256005993,-0.30027200503624535,4.092071247446723,0.6660528960120427,-1.7318616090689166e-05,0.11939637017706264,0.5572731400186175,0.5556495904192714,0.9143979655136387,Biotechnology,Healthcare,ADMA
2020Q4,2020,Q4,2021-03-25,2020-12-31,-21595259.0,13956087.0,-17220289.0,-0.22,-5155020.0,-0.3693743096,207673394.0,88249426.0,153740507.0,19947367.0,119423968.0,81535599.0,-340465103.0,188409947.7,230157494.7,0.9133614376561923,7.707308287855736,0.4702995271507914,1.1067346659002633,-0.10052158172909115,0.9133614376561923,-0.2447070760550896,13.50019870899343,-2.1811494330769543,2.1349708008299113,0.0,0.23438972957076087,0.0,0.06720209426538289,3.4670461520059264,-0.10398664260285552,-5.260238593388189,-0.3693743095754562,0.04347826086956525,0.5245179384757653,-0.38417573518893955,10.915891539149502,-2.2645180247557795,-0.07793428837648371,-0.247758691286856,0.37737504834944546,-0.4546558622396314,0.026233803740370355,Biotechnology,Healthcare,ADMA
2020Q3,2020,Q3,2020-11-05,2020-09-30,-20033929.0,10276358.0,-13800977.0,-0.23,-1579106.0,-0.1536639732,189976043.0,71375954.0,139548530.0,16473583.0,118600089.0,69752528.0,-321057329.0,209598836.62,250104070.62,0.8138810921421039,8.471049072930885,0.5273311172188169,1.4035578284529828,-0.09355469723460604,0.8138810921421039,-0.2806817685407049,20.396217864344546,-2.6155483108181126,2.9365469023363246,0.0,0.16996464988337054,0.0,0.054092915284060315,4.006995988668646,-0.10545502834796912,-7.839232773470872,-0.1536639731702613,0.14814814814814817,0.5585192443425375,-0.3226583690899592,0.7733797723027449,0.723353833674811,0.13767126598476426,0.19404823396641813,0.6312545974977127,-0.3609922883029654,0.615596352961571,Biotechnology,Healthcare,ADMA
2020Q2,2020,Q2,2020-08-05,2020-06-30,-23232357.0,7787594.0,-17123825.0,-0.27,-5708035.0,-0.7329651494,191541568.0,76879455.0,142990062.0,12880029.0,114662113.0,56001348.0,-304139876.0,252998078.31,276939065.31,0.8903498582071898,11.101687892162355,0.5206290730584392,1.2971229959941835,-0.1096846213045346,0.8903498582071898,-0.30219200955573894,32.48732256843385,-2.7224753638858084,3.290841204714576,0.0,0.24098757408482382,0.0,0.04065746188315635,6.389371250639265,-0.12129146295805618,-9.939859398638653,-0.7329651494415348,0.06896551724137918,0.5069513992483176,-0.2629201582828195,0.0012813059852168104,0.13899230739294563,-0.06959650515449015,-0.021111718420258913,0.542989168320203,-0.5641761561739761,-0.47164832701646364,Biotechnology,Healthcare,ADMA
2020Q1,2020,Q1,2020-05-06,2020-03-31,-21720674.0,10199744.0,-16769786.0,-0.29,-6629482.0,-0.6499655285,210523827.0,96335683.0,165487680.0,13908103.0,114188144.0,52288803.0,-283961785.0,212490740.16,209409594.16,1.30568874121804,11.898652174203772,0.46623963851844663,1.0188805429448193,-0.09631193350566303,1.30568874121804,-0.22546862516145758,20.832948372037574,-2.44571991826773,2.205732430007269,0.0,0.3218514296454635,0.0,0.04844935675618323,7.789957623983659,-0.10317442120221385,-7.951951361425914,-0.6499655285465988,-0.31818181818181807,0.2762484493979811,-0.09359351462679699,-0.04188117032353614,-20.19108051620224,-0.6337164851244275,-1.1426083094655817,0.4684331799837223,-0.32233419038959676,2.5640015209298777,Biotechnology,Healthcare,ADMA
2019Q4,2019,Q4,2020-03-13,2019-12-31,-13295253.0,12037049.0,-7826809.0,-0.22,345446.0,0.0286985622,127090725.0,26193149.0,85820381.0,14027893.0,100897576.0,53064734.0,-264716555.0,237273420.0,295251935.0,0.44156903879077564,6.1178382954589114,0.6666942060484744,3.23484014846783,-0.0876184073446923,0.44156903879077564,-0.5075851322802004,19.71192607091655,-4.461619120749338,9.058606126357697,0.0,0.22032717623723508,0.0,0.09471225378563228,2.1544257573108094,-0.10461229959936101,-11.167735682563936,0.02869856224727506,0.04347826086956525,0.38010371331093606,0.3433333907787347,-0.2757432195114338,1.4979638671100752,0.03842168185851941,0.13520012534213852,0.441764370518272,-0.21413088185418003,2.2766550040171922,Biotechnology,Healthcare,ADMA
2019Q3,2019,Q3,2019-11-06,2019-09-30,-13826490.0,7222503.0,-9050428.0,-0.23,-693717.0,-0.096049389,137779773.0,36118072.0,97323309.0,15150100.0,101661701.0,40285339.0,-254155524.0,263964343.5,300282572.5,0.6088906488993275,6.4239383898456115,0.6120229346001318,2.334686663230529,-0.08965051128348964,0.6088906488993275,-0.3828136230527477,36.5474882461108,-4.772801041696049,7.308373035526371,0.0,0.19650374544446553,0.0,0.05242063361506627,3.651568834529145,-0.10035210320748605,-10.310221536048525,-0.09604938897221642,0.20689655172413784,0.4195147435405048,-0.1717242228527129,-0.38802200424429734,0.8234948835888612,0.08343216173342252,0.20180895931922904,0.39016812672445134,-0.4659105045517374,52.57497101148658,Biotechnology,Healthcare,ADMA
2019Q2,2019,Q2,2019-08-08,2019-06-30,-15085070.0,6560942.0,-11338674.0,-0.29,-3930294.0,-0.5990441616,143274120.0,46905861.0,103888993.0,10128568.0,96368259.0,23589750.0,-242717065.0,192640892.76,203022421.76,0.8984729286197479,10.25702675837295,0.5862708352352819,1.7907663607326172,-0.09767731741360676,0.8984729286197479,-0.32160309348121763,29.361773470943653,-3.19257538678972,4.106968482254275,0.0,0.4447370574084083,0.0,0.045792931759064376,7.770355296030002,-0.10528817067590435,-10.269156454330025,-0.5990441616463001,-0.035714285714285546,0.38067300626666506,-0.22167424504957445,-0.32140623044910827,0.33119479153726905,-0.16689824029313027,0.14155686798477576,0.4639387513982401,-0.3294347270190387,1.7810166971382697,Biotechnology,Healthcare,ADMA
2019Q1,2019,Q1,2019-05-08,2019-03-31,-12927494.0,3528589.0,-13208416.0,-0.28,-5876590.0,-1.665422071,78119970.0,10038954.0,38334146.0,8338127.0,68081016.0,18439912.0,-229505193.0,188656986.76000002,229561106.76000002,0.2165758262214704,4.597452881204616,0.7352588333047235,5.721552066081785,-0.18896261172573187,0.2165758262214704,-1.2877331642320504,53.46527656238798,-3.648367323937648,18.792494393340185,0.0,0.5100446791720047,0.0,0.04516884735106785,2.140130751186687,-0.16548257763027815,-13.103329856142366,-1.6654220709751122,0.33333333333333326,0.5768262022581007,-0.5467442448188815,-0.8734642952084847,0.17063993185139856,0.33801279516501015,0.20179554088010027,0.4104108438235087,-0.6161118886671766,1.6884646371271133,Biotechnology,Healthcare,ADMA
2018Q4,2018,Q4,2019-03-13,2018-12-31,-19528314.0,4056424.0,-16547660.0,-0.42,-7085692.0,-1.7467828807,88876521.0,19770438.0,44529625.0,9625046.0,69106083.0,18616169.0,-216437238.0,110783832.52000001,132253057.52000001,0.4265184345510852,4.62643243471252,0.4975901003145701,2.236878970511427,-0.27929302333872436,0.4265184345510852,-0.9877532303533184,27.310713209467256,-1.4182462515709242,5.6035092657026615,0.0,0.5985182021069964,0.0,0.04564112044844779,2.5087976722396963,-0.2197241046372641,-5.648740474390085,-1.7467828806850565,-0.16666666666666666,0.19851344028073958,0.9176448544080277,-0.8162950053310768,-0.43615335768644,-0.18500142904214126,-0.19985353191119104,0.10374580219919431,-0.6268983189462229,4.5644427233544596,Biotechnology,Healthcare,ADMA
2018Q3,2018,Q3,2018-11-09,2018-09-30,-16479570.0,4230310.0,-13791400.0,-0.36,-4933799.0,-1.166297269,106345100.0,37206214.0,62502752.0,9892987.0,69138886.0,13877434.0,-198399251.0,271149793.2,272718036.2,0.8027162747620343,6.3178847804005,0.4131429844910579,1.1808708083010004,-0.1847043840951939,0.8027162747620343,-0.44292520598844054,64.0969085480733,-4.113423366022293,7.287755566852354,0.0,0.6603604816279436,0.0,0.039779077738419544,4.699721428927381,-0.15496313417355384,-21.227319138249253,-1.1662972689944708,0.05263157894736847,-0.15194926907366085,-0.23975422936467217,11.063403035214586,0.011086742490447199,-0.024958451715080734,-0.02787570838153884,0.31288555641703825,-0.47243218502287154,0.7490525560859901,Biotechnology,Healthcare,ADMA
2018Q2,2018,Q2,2018-08-10,2018-06-30,-16078281.0,4656550.0,-13417381.0,-0.38,-4989112.0,-1.07141811,117751992.0,51759070.0,73629503.0,6917086.0,65992922.0,12246968.0,-183263766.0,192631877.67999998,181137206.67999998,1.2118108825569331,10.64458400546126,0.37077337935820226,0.8435102099013757,-0.15303984385894082,1.2118108825569331,-0.31063697628261094,41.36793928552254,-2.995218793601132,3.7217028373964216,0.0,0.7875959176181403,0.0,0.039545403189442434,8.522543886254992,-0.13654360089296833,-12.504367214950202,-1.0714181099741225,0.09523809523809519,0.6458934677041296,-0.3173144612668071,2.2640236960811713,0.3916267576763176,0.15872408751439754,0.1884241000893815,0.31018273708032773,-0.10900864824234469,0.3627941554760681,Biotechnology,Healthcare,ADMA
2018Q1,2018,Q1,2018-05-14,2018-03-31,-19111781.0,4042006.0,-16532503.0,-0.42,-8200742.0,-2.0288792248,91137625.0,23025399.0,46419455.0,9442837.0,68112226.0,12438802.0,-168515935.0,208458393.2,225565257.2,0.5080958064297312,4.915837793239469,0.47430137662683225,1.8773486183670476,-0.26759637260694125,0.5080958064297312,-0.8300303938272687,51.5730043943527,-2.7268310734619656,9.053410679224278,0.0,0.9842385142877907,0.0,0.04435057420028227,3.1534420217144485,-0.20970242531555985,-12.274272770523618,-2.028879224820547,-0.16666666666666666,0.4111126377472729,-0.47645687061867953,-0.6305321455745435,-103.53747280502138,-0.17483513884138488,-0.7047374627448036,-0.03681993138131135,-0.4151874906919747,-0.6271575728179779,Biotechnology,Healthcare,ADMA
2017Q4,2017,Q4,2018-03-29,2017-12-31,-16267628.0,12002877.0,-9697976.0,-0.36,79978.0,0.0066632358,108018833.0,40332757.0,63166649.0,9440183.0,67686076.0,12628181.0,-150693793.0,145467704.82,145330984.82,0.8900130109992616,6.691252595421084,0.397808908007736,1.0654082982722952,-0.14587238258858096,0.8900130109992616,-0.4033353831973351,12.119403108104832,-2.2355395762061927,3.606688846487732,0.0,0.9441501511579538,0.0,0.11111837321923299,4.9774170691394435,-0.150599923626281,-9.465315731528776,0.0066632358225448786,0.41935483870967744,-0.7869110461468084,1.3558140005399302,-0.5604306156879763,1.0121886003713974,-0.018147702387144058,0.32782524799414464,0.007171567483817011,0.753382557026051,0.45978975270656053,Biotechnology,Healthcare,ADMA
2017Q3,2017,Q3,2017-11-03,2017-09-30,-15977670.0,4729411.0,-14427760.0,-0.62,-6561705.0,-1.3874254109,72813480.0,12992508.0,31444069.0,13338866.0,59820972.0,13418971.0,-137710991.0,79435679.4,96993324.4,0.5037651209413587,2.3573270021604533,0.4279294987686346,2.3982310420744017,-0.3434355963189575,0.5037651209413587,-1.2297602587583552,16.796104081459617,-1.242917136854122,6.113960399331677,0.0,0.8414293465571988,0.0,0.0649524099109121,1.132120226711926,-0.21943285776205176,-7.705266395654941,-1.3874254109021187,-0.05084745762711869,0.22738240769545828,1.368572858953786,-0.7979953964410627,-6.020734674487331,-0.6521009661547026,-0.717208601706192,-0.5428121632500827,0.24742557574074953,-0.49368056546341493,Biotechnology,Healthcare,ADMA
2017Q2,2017,Q2,2017-08-11,2017-06-30,-9671122.0,3399401.0,-8401868.0,-0.59,-934618.0,-0.2749360843,84639253.0,27681989.0,44270864.0,15645011.0,56957264.0,13150733.0,-122508276.0,60780099.800000004,67850613.80000001,1.6851462836854374,2.8297112734532432,0.38569011236429507,1.1792694159368389,-0.14905429258442032,1.6851462836854374,-0.34936514135599145,17.879649914793813,-1.571174983626512,2.1956550809986957,0.0,0.3295648234969108,0.0,0.04016340975977186,1.781160972018492,-0.11426284681411354,-6.853619732528852,-0.27493608432779776,-0.07272727272727258,-0.7276380685624321,3.1858946801707484,-0.46483860794142695,-1.9230029311148507,-0.3550828557348874,-0.415169909801292,-0.2618623216436499,0.28162223132920744,0.27274816242654154,Biotechnology,Healthcare,ADMA
2017Q1,2017,Q1,2017-05-12,2017-03-31,-7136923.0,2628871.0,-5937003.0,-0.55,1012584.0,0.3851782761,17594918.0,-10758348.0,15683204.0,12957920.0,28353266.0,5308492.0,-113471781.0,62887296.08,73678515.08,-0.8348385367565003,1.2103180140022474,1.0988483720128732,-1.7971297266085835,-0.7530040646076227,-0.8348385367565003,0.6633846571982984,23.921788509211748,-2.2028854759957475,-5.845441705362199,0.0,0.30447196680337846,0.0,0.14941081282674917,0.7430101436032943,-0.40562411259887654,-11.641462359381045,0.3851782761497236,-0.37500000000000006,-1.4552598748569168,121.77381421756391,-1.140360324317997,-0.2289280666699157,-0.3793610418395235,-0.5052730166320287,0.15966815914881327,0.21463813213778743,-1.4877593426681746,Biotechnology,Healthcare,ADMA
2016Q4,2016,Q4,2017-02-24,2016-12-31,-5174079.0,3327544.0,-3944137.0,-0.4,1313216.0,0.3946502285,23685085.0,-4457262.0,21657138.0,11222861.0,28142347.0,5020146.0,-106934818.0,65980113.92,76324253.92,-0.34587969138201813,1.929734138202371,0.8553487141802532,-4.545168536200026,-0.2826212421988493,-0.34587969138201813,1.1608200280800187,19.828472266632687,-3.1880124907254026,-14.80283499601325,0.0,0.40124888798054875,0.0,0.14049111497805475,1.45444891458604,-0.21845304756136616,-18.207930431365494,0.39465022851688814,-0.05263157894736847,-119.54283447291415,0.0,-312.8280665182276,0.0924421758068434,-0.050445163498663924,-0.05546483797143707,0.2361643323218907,4.6582746880124155,-1.1489732253385456,Biotechnology,Healthcare,ADMA
2016Q3,2016,Q3,2016-11-10,2016-09-30,-4925606.0,2937863.0,-3736872.0,-0.38,1202092.0,0.4091722453,27495386.0,-152140.0,25359589.0,9207805.0,27647526.0,4617734.0,-102375710.0,93300004.84,105462884.84,-0.011805932935254925,2.754140536208141,0.7298990092374044,-131.910444327593,-0.2129428242283174,-0.011805932935254925,32.375483107663996,31.757779324631546,-4.73545817712582,-613.2509848823453,0.0,0.3758923749180875,0.0,0.10684930918954912,2.200328634240191,-0.17914300239320152,-19.89958597772441,0.4091722452680741,0.29629629629629634,-183.72007651051604,0.0,-6.567905727727516,0.2960518726084983,0.24613686939646331,0.3194365171148365,-0.2383900644239876,0.8989943381762536,0.8519927089189703,Biotechnology,Healthcare,ADMA
2016Q2,2016,Q2,2016-08-12,2016-06-30,-6533820.0,2271744.0,-5490850.0,-0.54,927503.0,0.4082779574,31741989.0,3916136.0,29494236.0,5082539.0,27825853.0,4209326.0,-98044471.0,72122925.0,79458053.0,0.3230735470032587,5.803051585044404,0.6264352558373075,5.077530759912322,-0.2502514446186015,0.3230735470032587,-1.6684354169518116,31.747822377873565,-2.759600241512622,18.416859118273727,0.0,0.3193482757096979,0.0,0.07156905006803449,4.849318618115867,-0.20584154320008113,-14.886747039180776,0.40827795737547895,-0.1489361702127661,-114.38388305944058,0.0,619.4409398990404,0.08168030181989935,-0.2896371034118493,-0.3203805377661754,0.4929430497257001,0.17357560335624417,-0.12979844613164118,Biotechnology,Healthcare,ADMA
2016Q1,2016,Q1,2016-05-13,2016-03-31,-5066402.0,2123886.0,-4158536.0,-0.47,857465.0,0.4037245879,19684920.0,-3369315.0,17358209.0,4291028.0,23054235.0,4049239.0,-92032136.0,86648648.83,93584011.83,-0.31457799651877155,4.045233216842211,0.8057180318741453,-4.707335170502016,-0.36428950417203537,-0.31457799651877155,1.5036890287788467,40.7972220872495,-4.275650097939327,-25.71699257267427,0.0,0.3127553103188031,0.0,0.10789406306959845,2.927983690621455,-0.25737478232068,-16.71022491368499,0.40372458785452703,0.0,-240.04539444583523,0.0,-76.809233786093,-0.15055882137330773,-0.0063088932493471726,-0.006746852263811148,0.3394906017371676,0.16395179362669712,-1.2287490980095763,Biotechnology,Healthcare,ADMA
2015Q4,2015,Q4,2016-03-23,2015-12-31,-5034639.0,2512181.0,-4130667.0,-0.47,1009446.0,0.4018205695,23714517.0,820974.0,21290404.0,4216532.0,22893543.0,3445773.0,-87419667.0,86434437.09,91724085.09,0.07665070084394067,5.049268925268444,0.6633323799088972,19.160907653591952,-0.2733289336742502,0.07665070084394067,-6.132519422052343,34.40613438681369,-4.2919878212717935,105.28279469264557,0.0,0.43610969149737955,0.0,0.10593431019489033,4.205732104013441,-0.21230198363306324,-21.21760592609249,0.4018205694573759,0.09615384615384624,-223.8239485552851,0.0,112.54060076242821,0.36479677028139706,0.09132701036881954,0.1143885829889726,-1.3398893328266857,1.0861947608420683,-0.9621429114398822,Biotechnology,Healthcare,ADMA
2015Q3,2015,Q3,2015-11-10,2015-09-30,-5540650.0,1852413.0,-4664198.0,-0.52,739631.0,0.3992797503,27824030.0,4914242.0,25240341.0,4298235.0,22909788.0,2830814.0,-82837014.0,89516606.08,95941798.08,0.45894348455620093,5.8722571008797795,0.5607727924387661,3.1750489699123485,-0.2461959824670542,0.45894348455620093,-1.1274678780572873,48.32432404652742,-4.039084136337793,18.215750481966495,0.0,0.39309612005592737,0.0,0.06657601361125617,5.151589664129578,-0.19913182957321424,-33.37770666475759,0.3992797502500792,0.05454545454545459,-277.6751597806965,0.0,1.2299776932031474,0.4125392939127379,0.05158839451553749,-0.3263354855037742,0.35467360376692203,1.2345242836384553,-0.815968409086177,Biotechnology,Healthcare,ADMA
2015Q2,2015,Q2,2015-08-11,2015-06-30,-5842031.0,1309933.0,-3516605.0,-0.55,523618.0,0.3997288411,29799772.0,9519508.0,27126916.0,3200041.0,20280264.0,2452896.0,-77734590.0,99133605.98,106795362.98,0.8892105074618613,8.477052637763078,0.5195878008731073,1.6265124205998882,-0.1751848278315844,0.8892105074618613,-0.6136904344216109,75.67837895525955,-4.242257785862486,10.413732094137638,0.0,0.32056597589135455,0.0,0.04395781954304885,7.585744370150257,-0.1960428086496769,-22.257833006090202,0.39972884109339946,-0.34146341463414653,-179.19415619354464,0.0,6425.931412296685,-0.11771138561393281,-0.4573260429168019,-0.09813707926429979,-0.601362034800787,1.475054405385454,-0.7176084132199708,Biotechnology,Healthcare,ADMA
2015Q1,2015,Q1,2015-05-12,2015-03-31,-4008733.0,1503106.0,-3202337.0,-0.41,593477.0,0.3948337642,33927680.0,13430468.0,30982138.0,3786811.0,20497212.0,1940934.0,-73055272.0,96582165.4,95105008.4,1.3627628439981114,8.181590789717259,0.4446821297536407,1.1233438030603253,-0.12458089982336924,1.3627628439981114,-0.2984805146030652,64.25505945688461,-6.0232351094473,7.191273260172319,0.0,0.46865529688284097,0.0,0.04430323558816872,7.507067820390297,-0.11815523489964537,-22.805916134764878,0.39483376421889077,-0.13888888888888887,-210.4567243493933,0.0,1.9027310837295384,0.11577639237745725,-0.12498775733107853,0.13659086343960344,-0.8032910366902011,90.79062325050128,-0.7708804441452354,Biotechnology,Healthcare,ADMA
2014Q4,2014,Q4,2015-03-09,2014-12-31,-3563357.0,1488737.0,-3708945.0,-0.36,531896.0,0.35728003,27227497.0,6008650.0,24088015.0,4197897.0,21218847.0,1708763.0,-69449737.0,110083957.91,107854929.91,0.6096857505329861,5.738114822731477,0.5498119052221363,2.491408552669901,-0.15261785953494342,0.6096857505329861,-0.5930378704035016,73.94453010169022,-7.723332093163834,18.320913667795594,0.0,0.5599612117069482,0.0,0.0546777032056968,5.296858403148052,-0.13087346956644602,-31.82793810486593,0.35728002998514846,0.10000000000000009,-207.99811509331943,0.0,0.4712493980043102,0.06753049178222134,0.04495703139238444,-0.2207375747215038,-107.55252164988669,0.0,548.662595143334,Biotechnology,Healthcare,ADMA
2014Q3,2014,Q3,2014-11-10,2014-09-30,-3731096.0,1365930.0,-3038282.0,-0.4,498249.0,0.3647690584,25287215.0,9244947.0,22571543.0,4118670.0,16042268.0,1452556.0,-65886380.0,95705776.9,91815134.9,0.9949551342077868,5.480298980010537,0.3978644148831732,1.0882575097510023,-0.1728697024729223,0.9949551342077868,-0.4035821946842962,70.0663847342104,-6.412712035552021,10.35222558874594,0.0,0.5973477098301202,0.0,0.054016624606545244,5.058265168124661,-0.14754871186882382,-24.77922111983927,0.3647690584436977,0.14893617021276587,0.7370703400497727,0.0,4.898727014920795,-0.10948089736623867,0.1393426324688536,0.1530496303647291,-193.05865874540257,0.0,638.7917526972992,Biotechnology,Healthcare,ADMA
2014Q2,2014,Q2,2014-08-11,2014-06-30,-4335170.0,1500319.0,-3587320.0,-0.47,559504.0,0.3729233583,27882931.0,12302576.0,26493609.0,3796785.0,15580355.0,1112601.0,-62501691.0,90595274.25,82636978.25,1.3240217769968283,6.977906044192652,0.35544093266235177,0.8055820992286493,-0.17616985512481742,1.3240217769968283,-0.35237904646961743,60.3840078343339,-5.224436080361324,7.363927217356755,0.0,0.8455996354488267,0.0,0.05380779373588809,6.580863019633717,-0.15547755721950465,-19.88997028863038,0.37292335829913503,0.28787878787878796,0.9417065406463153,0.0,2.1737781710964788,-0.04117190405275488,0.29207359271871947,0.36887247787028327,-98.8710358941585,0.0,2535.4980417244033,Biotechnology,Healthcare,ADMA
2014Q1,2014,Q1,2014-05-12,2014-03-31,-6123758.0,1560559.0,-5683986.0,-0.66,583529.0,0.3739230622,31951324.0,15903687.0,30787513.0,4303402.0,16047637.0,984493.0,-58540446.0,77586722.05,60950233.05,1.7115787720020066,7.154226586314734,0.30926637030753407,0.621332021939315,-0.22798473395289057,1.7115787720020066,-0.38505272393753726,49.71726288464582,-3.167447262367324,4.878536785212133,0.0,0.9924194483861236,0.0,0.04884176317701263,6.786589307715152,-0.19165897475797872,-15.058721996367431,0.3739230621847684,-0.24528301886792453,0.849381097816748,0.0,0.31659905538615885,3.1197455556967566,-0.2537965493434711,-0.2580077569958594,-334.8377845459833,0.0,411.4683757475435,Biotechnology,Healthcare,ADMA
2013Q4,2013,Q4,2014-03-28,2013-12-31,-4884172.0,424031.0,-4518244.0,-0.53,141642.0,0.3340368982,31979943.0,21573359.0,31052449.0,3657846.0,10406584.0,1669058.0,-52636574.0,72476219.39999999,51402360.39999999,2.3217574204760467,8.48927182828364,0.1587125405445532,0.23527249511770512,-0.17563178333425097,2.3217574204760467,-0.22639830913674594,170.9219830625591,-3.7097495440373516,3.359524096363482,0.0,0.16919064526217784,0.0,0.013259279417727542,7.951308228941295,-0.1527261008564024,-24.44208878795584,0.33403689824564714,-0.7096774193548389,0.815408781352202,0.0,9.183146581035292,-0.628329869639146,-0.7155968039880249,-0.7851820506833148,-250.4070949978333,0.0,3379.575990215435,Biotechnology,Healthcare,ADMA
2013Q3,2013,Q3,2013-11-12,2013-09-30,-2846923.0,1107341.0,-2530971.0,-0.31,381096.0,0.3441541494,8701866.0,-735756.0,7143625.0,2517119.0,9437622.0,1205073.0,-47935366.0,78864712.65,78538557.65,-0.07976588753855049,2.8380163989068454,0.5807820989199328,-6.868972866004491,-0.6091517569467049,-0.07976588753855049,3.8693846873148163,71.21989761961312,-6.925434289055237,-107.18867756430122,0.0,0.6026564365810204,0.0,0.12725328107787456,2.2705060825491366,-0.32716235805056065,-35.1755988214247,0.3441541494444801,0.7075471698113207,0.7979014511447466,0.0,0.6874377447548962,0.4799327402149051,0.4246037753238283,0.4774097396165742,-165.2240972704346,0.0,0.9600291202953746,Biotechnology,Healthcare,ADMA
2013Q2,2013,Q2,2013-08-12,2013-06-30,-4947761.0,743270.0,-4843127.0,-1.06,257509.0,0.3464541822,10690103.0,1727970.0,9172513.0,2028744.0,8962133.0,915156.0,-45246419.0,39794290.650000006,37173765.650000006,0.3712628937136237,4.521276711107957,0.470805005339986,2.9126396870316036,-0.7151321271992538,0.3712628937136237,-2.863337326458214,53.53948181683642,-2.01072215543556,23.029503203180614,0.0,0.5307958424574608,0.0,0.06952879686940341,3.889301459425142,-0.46283567146172494,-14.546329083709322,0.34645418219489554,-0.4722222222222224,-105.77061000955237,0.0,70.72858795613097,-0.024176831925544453,-0.48438544883978035,-0.5374571956538371,-350.02724260306013,0.0,2683.535359202483,Biotechnology,Healthcare,ADMA
2013Q1,2013,Q1,2013-05-14,2013-03-31,-3333205.0,792935.0,-3150089.0,-0.72,263889.0,0.3328002926,13817307.0,6400643.0,12305553.0,2100801.0,7416664.0,1007267.0,-40350975.0,39794290.650000006,34486803.650000006,1.3752097789937612,5.85755290482059,0.3628080348797345,0.783207249646637,-0.28164925005695846,1.3752097789937612,-0.5207609610471948,50.18606903466237,-2.984686709188304,6.217233276406762,0.0,0.5252291596964856,0.0,0.05738708707854577,5.067992637094137,-0.24123405523232566,-12.66993138789084,0.3328002925838814,-2.6,-110.41881357743036,0.0,766.8775779648926,0.8455195854226549,-2.5649022573117177,0.1171443481458313,-371.299628899091,0.0,1.9109762711935354,Biotechnology,Healthcare,ADMA
2012Q4,2012,Q4,2013-03-06,2012-12-31,-935006.0,523284.0,-3568068.0,-0.2,142989.0,0.2732531474,15555419.0,9423746.0,13948138.0,1817319.0,6131673.0,1265593.0,-37109328.0,39794290.650000006,31227601.650000006,2.024738397994286,7.6751181273073135,0.25515114700542624,0.4211682912506343,-0.10990262189766724,2.024738397994286,-0.09921808164184391,76.04721461003969,-10.640116386953666,4.222767745437961,0.0,0.3004875975135766,0.0,0.033639981025262,6.919414808297278,-0.060108056234293654,-21.599370081774577,0.2732531474304584,0.7500000000000001,-43.83365909560197,0.0,13390.126970861682,-0.33693026102844,0.7494607411520016,-0.29300313097930075,-115.1217685985973,0.0,3.8859517326116944,Biotechnology,Healthcare,ADMA
2012Q3,2012,Q3,2012-11-13,2012-09-30,-3731974.0,360338.0,-2759520.0,-0.8,215647.0,0.5984575593,13224826.0,11607040.0,11981577.0,1403533.0,1617786.0,1009687.0,-34857791.0,39794290.650000006,29165181.650000006,2.4938299032099973,8.536726247263157,0.006902775129139695,0.00786488200264667,-0.26912734759542917,2.4938299032099973,-0.3215267630679312,110.43600910811517,-2.6657668736438143,3.4284615759056574,0.0,0.14330282552909962,0.0,0.02724708816584808,7.6822518601272645,-0.28219456346722444,-18.69542227648953,0.5984575592915541,-1.352941176470588,-378.44021220003907,0.0,8869.527394061157,1.4442567950490786,-1.3529870912665236,-2.335283282489618,0.4749652590223136,0.0,10.772060749255475,Biotechnology,Healthcare,ADMA
2012Q2,2012,Q2,2012-08-14,2012-06-30,-1586058.0,230096.0,-827372.0,-0.34,88226.0,0.3834312635,15883865.0,14655731.0,14619089.0,1005640.0,1228134.0,1203041.0,-31612044.0,39794290.650000006,27000483.650000006,3.148856230460286,14.537099757368441,0.0059167589248586535,0.006412576759221358,-0.07326106189999076,3.148856230460286,-0.1082210092420501,172.94646864786876,-6.272515042009814,2.715271633328969,0.0,0.11792615546768564,0.0,0.014486146791099018,13.034370152340799,-0.09985340469715652,-39.91971840522923,0.3834312634726375,-0.4782608695652174,0.9713028935882264,0.0,0.7188079860591079,19.051363636363636,-1.6553169689643974,-0.10021555593084658,0.9574226099232184,0.0,3.791539211400963,Biotechnology,Healthcare,ADMA
2012Q1,2012,Q1,2012-05-15,2012-03-31,-597314.0,4400.0,-752009.0,-0.23,4400.0,1.0,17008314.0,15750356.0,15843577.0,1027057.0,1257958.0,1175288.0,-30405329.0,22641143.85,8497929.850000001,5.947824221787275,15.426190561964916,0.00568039842161898,0.006134083572460204,-0.02318936622280097,5.947824221787275,-0.03792384121349384,5145.714511363637,-9.476231868832809,1.4375004507834617,0.0,0.0,0.0,0.0002586970113557405,13.86469105414792,-0.03511894241839609,-11.327940750458174,1.0,-68.6969696969697,-25.62971540338511,0.0,1134.8613210960345,0.0,-70.73219646931668,-89.28802977548325,0.9484495060442377,0.0,3.575249401374827,Biotechnology,Healthcare,ADMA
2011Q4,2011,Q4,2012-02-01,2011-12-31,-8327.0,0.0,-8329.0,-0.0033,0.0,0.0,8079.0,2773.0,8079.0,5306.0,5306.0,0.0,-153557.0,21375000.0,21366921.0,0.0011092,1.5226159065209197,0.0,0.0,-3.0032455390995856,0.0011092,-3.002884962134872,0.0,-641.7377206677075,7708.258204111071,0.0,0.0,0.0,0.0,1.5226159065209197,-1.0306968684243099,-1666.01714731099,0.0,-0.5714285714285715,0.5640314136125655,0.0,-0.46332494677762726,0.0,-0.6097042335202011,-0.6094685990338164,0.9988303132462424,0.0,-0.9951350877192983,Biotechnology,Healthcare,ADMA
2011Q3,2011,Q3,2011-10-28,2011-09-30,-5173.0,0.0,-5175.0,-0.0021,0.0,0.0,5909.0,-3900.0,5909.0,9809.0,9809.0,0.0,-145230.0,21375000.0,21369091.0,-0.00156,0.6024059537159752,0.0,0.0,1.3266666171092147,-0.00156,1.3264102564102564,0.0,-1033.0079257684129,-5480.769230769231,0.0,0.0,0.0,0.0,0.6024059537159752,-0.8754442376036554,-4124.0594250434115,0.0,0.5531914893617021,0.0,0.0,0.0,0.0,0.5570682421440192,0.5569728619125075,0.9986451021477213,0.0,0.9938871473354232,Biotechnology,Healthcare,ADMA
2011Q2,2011,Q2,2011-09-27,2011-06-30,-11679.0,0.0,-11681.0,-0.0047,0.0,0.0,8512.0,-1306.0,8512.0,9818.0,9818.0,0.0,-140056.0,21375000.0,31184488.0,-0.0005224,0.8669790181299654,0.0,0.0,8.943338372422328,-0.0005224,8.942572741194487,0.0,-457.55201643976375,-16366.76875957121,0.0,0.0,0.0,0.0,0.8669790181299654,-1.3720629699248121,-2783.203125,0.0,-1.35,0.9996065954795028,0.0,-1.000285152838428,0.0,-1.38055442315532,-1.3790224032586558,0.5307942629866217,0.0,0.9018856584779505,Biotechnology,Healthcare,ADMA
2011Q1,2011,Q1,2011-05-10,2011-03-31,-4906.0,0.0,-4910.0,-0.002,0.0,0.0,16192.0,10374.0,16192.0,5818.0,5818.0,0.0,-128468.0,21375000.0,27176808.0,0.0041496,2.7830869714678586,0.0,0.0,-0.4731057629654979,0.0041496,-0.47291305186042026,0.0,-1089.2274765593152,2060.439560439561,0.0,0.0,0.0,0.0,2.7830869714678586,-0.3029891304347826,-5469.549641760491,0.0,0.04761904761904754,0.7683226293917643,0.0,-0.20754716981132085,0.0,0.06141189975129137,0.06100592847580799,0.6946916422926132,0.0,3.310982401425707,Biotechnology,Healthcare,ADMA
2010Q4,2010,Q4,2011-01-27,2010-12-31,-5227.0,0.0,-5229.0,-0.0021,0.0,0.0,3100.0,-1718.0,3100.0,4818.0,4818.0,0.0,-123468.0,21375000.0,26189900.0,-0.0006872,0.6434205064342051,0.0,0.0,3.043073229756848,-0.0006872,3.042491268917346,0.0,-1022.3359479625026,-12441.792782305007,0.0,0.0,0.0,0.0,0.6434205064342051,-1.6861290322580644,-2369.996673688879,0.0,-0.10526315789473678,0.7263350785340315,0.0,-1.3324946777627251,0.0,-0.12602326583369236,-0.12596899224806202,0.5333868951972862,0.0,-5.544973544973545,Biotechnology,Healthcare,ADMA
2010Q3,2010,Q3,2010-10-22,2010-09-30,-4642.0,0.0,-4644.0,-0.0019,0.0,0.0,3619000.0,-4989000.0,3619000.0,8608000.0,3619000.0,0.0,0.0,21375000.0,26364000.0,-1.9956,0.4204228624535316,2.378557612600166,-1.7253958709160153,-0.0012829510319486079,-1.9956,0.0009304469833633995,0.0,-1151.174062903921,-4.284425736620565,0.0,0.0,0.0,0.0,0.4204228624535316,-0.0012826747720364742,-2546.7651614440606,0.0,0.3666666666666667,0.0,0.0,0.0,0.0,0.3868709549597147,0.3867687838373168,0.12133257618777207,0.0,-7095.728307254622,Biotechnology,Healthcare,ADMA
2010Q2,2010,Q2,2010-09-23,2010-06-30,-7571.0,0.0,-7573.0,-0.003,0.0,0.0,12012.0,-346.0,12012.0,12358.0,12358.0,0.0,-113596.0,21375000.0,33720988.0,-0.0001384,0.9720019420618223,0.0,0.0,21.884392681891608,-0.0001384,21.88150289017341,0.0,-705.8182538634263,-61777.456647398845,0.0,0.0,0.0,0.0,0.9720019420618223,-0.6302863802863803,-11121.227887617066,0.0,-0.5789473684210527,0.9997449725469061,0.0,-1.0000755458515285,0.0,-0.5743397795799543,-0.5741010184992725,0.9997449725469061,0.0,-1.0000755458515285,Biotechnology,Healthcare,ADMA
2010Q1,2010,Q1,2010-04-27,2010-03-31,-4809.0,0.0,-4811.0,-0.0019,0.0,0.0,2934000.0,-3774000.0,2934000.0,6708000.0,2934000.0,0.0,0.0,21375000.0,25149000.0,-1.5096,0.43738819320214667,2.2862985685071573,-1.7774244833068362,-0.0016394000654736851,-1.5096,0.0012742448330683625,0.0,-1111.1977542108548,-5.663751987281399,0.0,0.0,0.0,0.0,0.43738819320214667,-0.0016390593047034764,-5466.751918158568,0.0,-0.11764705882352947,0.7729032867397053,0.0,-289.28966465510655,0.0,-0.11190751445086705,-0.11185578923041369,0.7729032867397053,0.0,-289.28966465510655,Biotechnology,Healthcare,ADMA
2009Q4,2009,Q4,2010-01-29,2009-12-31,-4325.0,0.0,-4327.0,-0.0017,0.0,0.0,6844000.0,1036000.0,6844000.0,5808000.0,6844000.0,0.0,0.0,21375000.0,20339000.0,0.4144,1.1783746556473829,0.8486265341905318,5.6061776061776065,-0.0006320864653476876,0.4144,-0.004174710424710425,0.0,-1235.549132947977,20.632239382239383,0.0,0.0,0.0,0.0,1.1783746556473829,-0.0006319403857393337,-2.536790885354854,0.0,0.9988888888888888,0.7735602094240838,0.0,199.503193342365,0.0,0.9988672079622839,0.9988666841278157,0.7735602094240838,0.0,199.503193342365,Biotechnology,Healthcare,ADMA
2009Q3,2009,Q3,2009-11-09,2009-09-30,-3818000.0,0.0,-3818000.0,-1.53,0.0,0.0,9270000.0,-638000.0,9270000.0,9908000.0,9270000.0,0.0,0.0,21375000.0,22013000.0,-0.2552,0.9356075898264029,1.068824163969795,-15.529780564263323,-0.41186623516720605,-0.2552,5.984326018808777,0.0,-1.3996202200104768,-33.50313479623825,0.0,0.0,0.0,0.0,0.9356075898264029,-0.41186623516720605,-3.9451827242524917,0.0,0.80875,0.0,0.0,0.0,0.0,0.8091858663601379,0.8091858663601379,0.0,0.0,0.0,Biotechnology,Healthcare,ADMA
2009Q2,2009,Q2,2009-09-24,2009-06-30,-20009000.0,0.0,-20009000.0,-8.0,0.0,0.0,8688000.0,-2820000.0,8688000.0,11508000.0,8688000.0,0.0,0.0,21375000.0,24195000.0,-1.128,0.7549530761209593,1.324585635359116,-4.080851063829787,-2.303061694290976,-1.128,7.095390070921986,0.0,-0.26706731970613223,-7.579787234042555,0.0,0.0,0.0,0.0,0.7549530761209593,-2.303061694290976,-4.835972850678733,0.0,-0.8264840182648402,0.32600128002155826,0.0,-1.6157205240174672,0.0,-0.8291434317579304,-0.8291434317579304,0.32600128002155826,0.0,-1.6157205240174672,Biotechnology,Healthcare,ADMA
2009Q1,2009,Q1,2009-04-27,2009-03-31,-10939000.0,0.0,-10939000.0,-4.38,0.0,0.0,10108000.0,3250000.0,10108000.0,6858000.0,10108000.0,0.0,0.0,21375000.0,18125000.0,1.3,1.47389909594634,0.6784724970320538,2.110153846153846,-1.0822121092204195,1.3,-3.365846153846154,0.0,-0.48850443367766705,6.5769230769230775,0.0,0.0,0.0,0.0,1.47389909594634,-1.0822121092204195,-4.835972850678733,0.0,-0.5368421052631578,-515.5753683415187,0.0,247.26216484607744,0.0,-0.5365922180081472,-0.5365922180081472,-515.5753683415187,0.0,247.26216484607744,Biotechnology,Healthcare,ADMA
2008Q4,2008,Q4,2009-01-14,2008-12-31,-7119000.0,0.0,-7119000.0,-2.85,0.0,0.0,8028000.0,570000.0,8028000.0,7458000.0,8028000.0,0.0,0.0,21375000.0,20805000.0,0.228,1.076427996781979,0.9289985052316891,13.08421052631579,-0.8867713004484304,0.228,-12.489473684210527,0.0,-0.7506321112515804,37.5,0.0,0.0,0.0,0.0,1.076427996781979,-0.8867713004484304,6.3127584170112225,0.0,0.0,-371.72251308900525,0.0,109.31546351848267,0.0,0.0,0.0,-371.72251308900525,0.0,109.31546351848267,Biotechnology,Healthcare,ADMA
2008Q2,2008,Q2,2008-09-12,2008-06-30,-24891000.0,0.0,-24891000.0,-0.01,0.0,0.0,2647000.0,-13311000.0,2647000.0,15958000.0,2647000.0,0.0,0.0,21375000000.0,21388311000.0,-0.0053244,0.16587291640556462,6.0287117491499815,-1.1988580872962211,-9.40347563279184,-0.0053244,1.8699571782736082,0.0,-214.6860310955767,-1605.8147396889792,0.0,0.0,0.0,0.0,0.16587291640556462,-9.40347563279184,-5450.025497195308,0.0,-0.5625,0.9991615521945633,0.0,-1.0029063318777292,0.0,-0.5490074055635074,-0.5490074055635074,0.9991615521945633,0.0,-1.0029063318777292,Biotechnology,Healthcare,ADMA
2008Q1,2008,Q1,2008-04-08,2008-03-31,-16069000.0,0.0,-16069000.0,-0.0064,0.0,0.0,6569000.0,-4489000.0,6569000.0,11058000.0,6569000.0,0.0,0.0,21375000000.0,21379489000.0,-0.0017956,0.5940495568818954,1.6833612421982036,-2.4633548674537757,-2.4461866341908967,-0.0017956,3.5796391178436178,0.0,-332.5502520380858,-4761.639563377144,0.0,0.0,0.0,0.0,0.5940495568818954,-2.4461866341908967,-9637.060414788097,0.0,-0.4222222222222224,0.24116924820551558,0.0,-1.3429073409212435,0.0,-0.43447598643099444,-0.43447598643099444,0.24116924820551558,0.0,-1.3429073409212435,Biotechnology,Healthcare,ADMA
2007Q4,2007,Q4,2008-02-12,2007-12-31,-11202000.0,0.0,-11202000.0,-0.0045,0.0,0.0,8787000.0,378000.0,8787000.0,8409000.0,8787000.0,0.0,0.0,21375000000.0,21374622000.0,0.0001512,1.0449518373171602,0.9569819050870604,22.246031746031747,-1.2748378286104471,0.0001512,-29.634920634920636,0.0,-477.0353508302089,56547.61904761905,0.0,0.0,0.0,0.0,1.0449518373171602,-1.2748378286104471,-3551.844466600199,0.0,-1.1428571428571428,0.41350785340314133,0.0,-0.9268434294561642,0.0,-1.1203861442362295,-1.1203861442362295,0.41350785340314133,0.0,-0.9268434294561642,Biotechnology,Healthcare,ADMA
2007Q3,2007,Q3,2007-10-24,2007-09-30,-5283000.0,0.0,-5283000.0,-0.0021,0.0,0.0,7805000.0,-703000.0,7805000.0,8508000.0,7805000.0,0.0,0.0,21375000000.0,21375703000.0,-0.0002812,0.9173718852844381,1.090070467648943,-12.102418207681366,-0.676873798846893,-0.0002812,7.514935988620199,0.0,-1011.4991482112437,-30405.405405405407,0.0,0.0,0.0,0.0,0.9173718852844381,-0.676873798846893,-3121.8051701475097,0.0,0.823529411764706,0.0,0.0,0.0,0.0,0.8220433186243137,0.8220433186243137,0.0,0.0,0.0,Biotechnology,Healthcare,ADMA
2007Q2,2007,Q2,2007-08-16,2007-06-30,-29687000.0,0.0,-29687000.0,-0.0119,0.0,0.0,14652000.0,4580000.0,14652000.0,10072000.0,14652000.0,0.0,0.0,21375000.0,16795000.0,1.832,1.45472597299444,0.6874146874146874,2.1991266375545853,-2.026139776139776,1.832,-6.481877729257642,0.0,-0.18000303163000642,4.66703056768559,0.0,0.0,0.0,0.0,1.45472597299444,-2.026139776139776,-10.629040278468423,0.0,-0.4,0.0,0.0,0.0,0.0,-0.4019172648281073,-0.4019172648281073,0.0,0.0,0.0,Biotechnology,Healthcare,ADMA
2007Q1,2007,Q1,2007-04-25,2007-03-31,-21176000.0,0.0,-21176000.0,-0.0085,0.0,0.0,16663000.0,13091000.0,16663000.0,3572000.0,16663000.0,0.0,0.0,21375000000.0,21361909000.0,0.0052364,4.664893617021277,0.21436716077537057,0.2728592162554427,-1.270839584708636,0.0052364,-1.6175998777786265,0.0,-252.3493577635059,1632.801161103048,0.0,0.0,0.0,0.0,4.664893617021277,-1.270839584708636,-9018.987341772152,0.0,-0.11842105263157902,0.0,0.0,0.0,0.0,-0.10869109947643979,-0.10869109947643979,0.0,0.0,0.0,Biotechnology,Healthcare,ADMA
