Quarters,Year,Quarter,FillingDate,Date,NetIncome,Revenue,OperatingIncome,EPSDiluted,GrossProfit,GrossProfitRatio,TotalAssets,CommonStockEquity,CurrentAssets,CurrentLiability,TotalLiability,Inventory,RetainedEarnings,MarketCap,EnterpriseValue,bookValuePerShare,currentRatio,debtToAssets,debtToEquity,roic,shareholdersEquityPerShare,roe,priceToSalesRatio,peRatio,pbRatio,payoutRatio,inventoryTurnover,dividendYield,assetTurnover,quickRatio,returnOnAssets,priceToFreeCashFlowsRatio,grossProfitMargin,epsdilutedGrowth,fiveYNetIncomeGrowthPerShare,fiveYRevenueGrowthPerShare,fiveYShareholdersEquityGrowthPerShare,grossProfitGrowth,netIncomeGrowth,operatingIncomeGrowth,threeYNetIncomeGrowthPerShare,threeYRevenueGrowthPerShare,threeYShareholdersEquityGrowthPerShare,Industry,Sector,Symbol
2023Q1,2023,Q1,2023-05-09,2023-03-31,68314000.0,267340000.0,157413000.0,0.0,267340000.0,1.0,27112176000.0,2618998000.0,533282000.0,11892000.0,24493178000.0,0.0,1491701000.0,0.0,1792767000.0,0.0,44.84376051126808,0.07088217485752527,0.7337806290802819,0.0284709580873453,0.0,0.026084021446369947,0.0,0.0,0.0,0.40550985156776065,0.0,,0.009860514331273152,141.2327615203498,0.0025196797188097335,0.0,1.0,0.0,0.0,0.0,0.0,-0.04600473893060036,-0.16520230224970367,0.1308973870812469,0.0,0.0,0.0,Banks—Regional,Financial Services,FULTP
2022Q4,2022,Q4,2023-03-01,2022-12-31,81833000.0,280232000.0,139193000.0,0.0,280232000.0,1.0,26931702000.0,2579757000.0,5296546000.0,10185000.0,24351945000.0,0.0,1450758000.0,0.0,2553309000.0,0.0,520.0339715267551,0.09951866391511387,1.038937775922306,0.022266001141112556,0.0,0.03172120474912947,0.0,0.0,0.0,0.45942345997336037,0.0,,0.010405283706169034,436.5874324987727,0.003038538002536936,0.0,1.0,0.0,0.0,0.0,0.0,0.019974958506828174,0.1546753961422867,0.334071326566798,0.0,0.0,0.0,Banks—Regional,Financial Services,FULTP
2022Q3,2022,Q3,2022-11-09,2022-09-30,70871000.0,274744000.0,104337000.0,0.0,274744000.0,1.0,26146042000.0,2471159000.0,143465000.0,488196000.0,23674883000.0,0.0,1406544000.0,0.0,1145216000.0,0.0,0.29386762693672214,0.049287804249683376,0.5214884999305993,0.022808106337154264,0.0,0.02867925536155302,0.0,0.0,0.0,0.3770230418647966,0.0,,0.01050805318831814,2.9112405673131283,0.002710582351240773,0.0,1.0,0.0,0.0,0.0,0.0,0.1581725135105513,0.012601980311191759,-0.005490263361070601,0.0,0.0,0.0,Banks—Regional,Financial Services,FULTP
2022Q2,2022,Q2,2022-08-08,2022-06-30,69989000.0,237222000.0,104913000.0,0.0,237222000.0,1.0,25252686000.0,2471093000.0,514131000.0,442195000.0,22781593000.0,58461000.0,1363344000.0,0.0,834710000.0,0.0,1.1626793609154333,0.039335023608973715,0.40197394432342287,0.024647450983708925,0.0,0.02832309427447692,0.0,0.0,0.0,0.38093128920258895,0.0,,0.009393931401990267,3.5470776467395604,0.002771546757441961,0.0,1.0,0.0,0.0,0.0,0.0,0.09537969949114819,0.08867906918865107,0.08449539482525145,0.0,0.0,0.0,Banks—Regional,Financial Services,FULTP
2022Q1,2022,Q1,2022-05-09,2022-03-31,64288000.0,216566000.0,96739000.0,0.0,216566000.0,1.0,25598310000.0,2569535000.0,2043645000.0,457153000.0,23028775000.0,0.0,1320076000.0,0.0,847472000.0,0.0,4.470374251071305,0.03941408632054225,0.392652367062523,0.0224140148218412,0.0,0.025019312832866646,0.0,0.0,0.0,0.3893728222996516,0.0,,0.00846016787827009,4.470374251071305,0.002511415792683189,0.0,1.0,-1.0,0.0,0.0,0.0,-0.05633262743252547,0.038796516231195566,0.04485559371827274,0.0,0.0,0.0,Banks—Regional,Financial Services,FULTP
2021Q4,2021,Q4,2022-02-28,2021-12-31,61887000.0,229494000.0,92586000.0,1.17,229494000.0,1.0,25796398000.0,2712680000.0,466071000.0,416764000.0,23083718000.0,0.0,0.0,0.0,865833000.0,0.0,1.118309162979528,0.04024240128408625,0.3826876004541634,0.018982837638174346,0.0,0.022813969948537977,0.0,0.0,0.0,1.4001324995556417,0.0,,0.008896358321033812,1.118309162979528,0.0023990558681874887,0.0,1.0,1.5999999999999999,0.0,0.0,0.0,-0.018614735275628937,-0.18120476826799678,0.0,0.0,0.0,0.0,Banks—Regional,Financial Services,FULTP
2021Q3,2021,Q3,2021-11-08,2021-09-30,75583000.0,233847000.0,0.0,0.45,233847000.0,1.0,26390832000.0,2699818000.0,21592258000.0,474169000.0,23691014000.0,0.0,1258499000.0,0.0,-1135956000.0,0.0,45.53705113577649,0.041542949460630876,0.406084039738975,0.0,0.0,0.027995590813899306,0.0,0.0,0.0,0.3357633330246219,0.0,,0.00886091806427323,8.096940120505558,0.0028639870088218514,0.0,1.0,0.0,0.0,0.0,0.0,0.09127435974016278,0.1634597623299058,0.0,0.0,0.0,0.0,Banks—Regional,Financial Services,FULTP
2021Q2,2021,Q2,2021-08-09,2021-06-30,64964000.0,214288000.0,0.0,0.0,214288000.0,1.0,26079774000.0,2692958000.0,0.0,0.0,23386816000.0,0.0,1208086000.0,0.0,-473497000.0,0.0,0.0,0.04451579986851113,0.43111032552308653,0.0,0.0,0.02412365881681036,0.0,0.0,0.0,0.3896619666276707,0.0,,0.008216635619618483,0.0,0.0024909725061267787,0.0,1.0,0.0,0.0,0.0,0.0,-0.05117226416347495,-0.11084954080724854,0.0,0.0,0.0,0.0,Banks—Regional,Financial Services,FULTP
2021Q1,2021,Q1,2021-03-31,2021-03-31,73063000.0,225845000.0,0.0,0.0,225845000.0,1.0,25892990000.0,2629655000.0,0.0,0.0,23263335000.0,0.0,1168491000.0,0.0,-270880000.0,0.0,0.0,0.044312997456068225,0.43632948048318126,0.0,0.0,0.02778425306741759,0.0,0.0,0.0,0.31849226010429355,0.0,,0.00872224490103306,0.0,0.0028217289698872165,0.0,1.0,0.0,0.0,0.0,0.0,0.03996481953897019,0.4374840144017943,0.0,0.0,0.0,0.0,Banks—Regional,Financial Services,FULTP
2020Q4,2020,Q4,2021-03-01,2020-12-31,50827000.0,217166000.0,0.0,0.0,217166000.0,1.0,25906733000.0,2616828000.0,21769925000.0,640431000.0,23289905000.0,0.0,1120781000.0,0.0,78497000.0,0.0,33.99261591022296,0.07435630729663983,0.736131300949088,0.0,0.0,0.019423133656472646,0.0,0.0,0.0,0.5424282369606706,0.0,,0.008382608490233022,6.0282528484723565,0.0019619224083561597,0.0,1.0,-1.0,0.0,0.0,0.0,-0.0009155107768039933,-0.1749801158959209,0.0,0.0,0.0,0.0,Banks—Regional,Financial Services,FULTP
2020Q3,2020,Q3,2020-11-06,2020-09-30,61607000.0,217365000.0,0.0,0.38,217365000.0,1.0,25543281000.0,2390261000.0,21644028000.0,620850000.0,23153020000.0,0.0,1099684000.0,0.0,833149000.0,0.0,34.86192800193283,0.07468652911111928,0.7981299950089132,0.0,0.0,0.025774172778621245,0.0,0.0,0.0,0.3417468794130537,0.0,,0.008509674227050158,4.60287025851655,0.00241186713641055,0.0,1.0,0.0,0.0,0.0,0.0,0.04163871264544078,0.5573447255997371,0.0,0.0,0.0,0.0,Banks—Regional,Financial Services,FULTP
2020Q2,2020,Q2,2020-06-30,2020-06-30,39559000.0,208676000.0,0.0,0.0,208676000.0,1.0,24617863000.0,2340501000.0,0.0,0.0,22277362000.0,0.0,1059160000.0,0.0,1282348000.0,0.0,0.0,0.0758695829934548,0.798011622297961,0.0,0.0,0.01690193680754676,0.0,0.0,0.0,0.5304734700068252,0.0,,0.008476609037916898,0.0,0.001606922583004057,0.0,1.0,0.0,0.0,0.0,0.0,-0.031171363573053532,0.5187545590663032,0.0,0.0,0.0,0.0,Banks—Regional,Financial Services,FULTP
2020Q1,2020,Q1,2020-03-31,2020-03-31,26047000.0,215390000.0,0.0,0.0,215390000.0,1.0,22929859000.0,2285748000.0,0.0,0.0,20644111000.0,0.0,1040646000.0,0.0,2161814000.0,0.0,0.0,0.11187482661799185,1.1222908212103873,0.0,0.0,0.011395394417932336,0.0,0.0,0.0,0.8195953468729604,0.0,,0.009393428891124014,0.0,0.0011359424408148345,0.0,1.0,0.0,0.0,0.0,0.0,0.0039104921440589885,-0.4549582539915043,0.0,0.0,0.0,0.0,Banks—Regional,Financial Services,FULTP
2019Q4,2019,Q4,2020-02-21,2019-12-31,47789000.0,214551000.0,0.0,0.0,214551000.0,1.0,21886040000.0,2342176000.0,18204046000.0,835368000.0,19543864000.0,0.0,1079391000.0,0.0,1190512000.0,0.0,21.791648710508422,0.07805445845845115,0.7293657692675529,0.0,0.0,0.020403675897968383,0.0,0.0,0.0,0.5836280315553789,0.0,,0.009803098230652963,2.716732027082675,0.0021835379995650194,0.0,1.0,0.0,0.0,0.0,0.0,-0.029505957281272335,-0.23055000966059122,0.0,0.0,0.0,0.0,Banks—Regional,Financial Services,FULTP
2019Q3,2019,Q3,2019-11-08,2019-09-30,62108000.0,221074000.0,0.0,0.0,221074000.0,1.0,21703618000.0,2324016000.0,18187131000.0,822482000.0,19379602000.0,0.0,1059517000.0,0.0,1318261000.0,0.0,22.112497294773625,0.07093628352655304,0.6624627369174739,0.0,0.0,0.026724428747478504,0.0,0.0,0.0,0.35034134089006247,0.0,,0.010186043635674016,2.320847143159364,0.002861642699387724,0.0,1.0,0.0,0.0,0.0,0.0,0.01012067129978662,0.038960169959350276,0.0,0.0,0.0,0.0,Banks—Regional,Financial Services,FULTP
2019Q2,2019,Q2,2019-06-30,2019-06-30,59779000.0,218859000.0,0.0,0.0,218859000.0,1.0,21308670000.0,2308798000.0,0.0,0.0,18999872000.0,0.0,1018736000.0,0.0,1836695000.0,0.0,0.0,0.09272310284968513,0.8557725708355604,0.0,0.0,0.025891827695623437,0.0,0.0,0.0,0.36949430401980626,0.0,,0.010270889736431227,0.0,0.0028053839118067905,0.0,1.0,0.0,0.0,0.0,0.0,0.04185827311416412,0.05499179358664384,0.0,0.0,0.0,0.0,Banks—Regional,Financial Services,FULTP
2019Q1,2019,Q1,2019-03-31,2019-03-31,56663000.0,210066000.0,0.0,0.0,210066000.0,1.0,20974649000.0,2301019000.0,0.0,0.0,18673630000.0,0.0,980708000.0,0.0,1628540000.0,0.0,0.0,0.09031512279418835,0.8232561313053043,0.0,0.0,0.024625176932480782,0.0,0.0,0.0,0.36341175017206995,0.0,,0.010015233151219837,0.0,0.0027014993194880163,0.0,1.0,0.0,0.0,0.0,0.0,-0.011300578442769936,-0.024447773014479278,0.0,0.0,0.0,0.0,Banks—Regional,Financial Services,FULTP
2018Q4,2018,Q4,2019-03-01,2018-12-31,58083000.0,212467000.0,0.0,0.0,212467000.0,1.0,20682152000.0,2247573000.0,17190514000.0,721806000.0,18434579000.0,0.0,946032000.0,0.0,1459769000.0,0.0,23.81597548371723,0.08236841117887539,0.7579535792608294,0.0,0.0,0.0258425421554717,0.0,0.0,0.0,0.48404868894513026,0.0,,0.01027296385791962,3.0178635256564785,0.0028083634623708403,0.0,1.0,0.0,0.0,0.0,0.0,0.006189619246069331,-0.11503359590449926,0.0,0.0,0.0,0.0,Banks—Regional,Financial Services,FULTP
2018Q3,2018,Q3,2018-11-06,2018-09-30,65633000.0,211160000.0,0.0,0.0,211160000.0,1.0,20364810000.0,2283014000.0,16928377000.0,363975000.0,18081796000.0,0.0,915687000.0,0.0,932248000.0,0.0,46.509724568995125,0.0660423053296348,0.5891067685086468,0.0,0.0,0.02874840014121683,0.0,0.0,0.0,0.322414029527829,0.0,,0.01036886668719227,6.3482189710831785,0.0032228633608661216,0.0,1.0,0.0,0.0,0.0,0.0,0.029240450183026987,0.8647327897263971,0.0,0.0,0.0,0.0,Banks—Regional,Financial Services,FULTP
2018Q2,2018,Q2,2018-06-30,2018-06-30,35197000.0,205161000.0,0.0,0.0,205161000.0,1.0,20172539000.0,2245785000.0,0.0,0.0,17926754000.0,0.0,871192000.0,0.0,1082358000.0,0.0,0.0,0.07337633601798961,0.659095594636174,0.0,0.0,0.0156724708732136,0.0,0.0,0.0,0.5980339233457397,0.0,,0.010170311233504122,0.0,0.0017447977173324588,0.0,1.0,0.0,0.0,0.0,0.0,0.04040711384278346,-0.28866208569118834,0.0,0.0,0.0,0.0,Banks—Regional,Financial Services,FULTP
2018Q1,2018,Q1,2018-03-31,2018-03-31,49480000.0,197193000.0,0.0,0.0,197193000.0,1.0,19948941000.0,2235493000.0,0.0,0.0,17713448000.0,0.0,857153000.0,0.0,1005108000.0,0.0,0.0,0.06597668517842627,0.5887582739019983,0.0,0.0,0.022133820146160152,0.0,0.0,0.0,0.390642683912692,0.0,,0.009884885618740364,0.0,0.002480332163998079,0.0,1.0,0.0,0.0,0.0,0.0,-0.02025150420581411,0.45525131613776065,0.0,0.0,0.0,0.0,Banks—Regional,Financial Services,FULTP
2017Q4,2017,Q4,2018-03-01,2017-12-31,34001000.0,201269000.0,0.0,0.0,201269000.0,1.0,20036905000.0,2229857000.0,16696921000.0,234824000.0,17807048000.0,0.0,821619000.0,0.0,986157000.0,0.0,71.10398000204408,0.06307625853394025,0.5667865697217355,0.0,0.0,0.015248062992380228,0.0,0.0,0.0,0.7209493838416517,0.0,,0.010044914621295056,10.970658876435117,0.0016969187606568979,0.0,1.0,0.0,0.0,0.0,0.0,0.01250609961616436,-0.30475411512115325,0.0,0.0,0.0,0.0,Banks—Regional,Financial Services,FULTP
2017Q3,2017,Q3,2017-11-03,2017-09-30,48905000.0,198783000.0,0.0,0.0,198783000.0,1.0,20062860000.0,2225786000.0,16710363000.0,117562000.0,17837074000.0,0.0,812148000.0,0.0,462505000.0,0.0,142.14085333696264,0.05707825305066177,0.5144937563629208,0.0,0.0,0.021972013481978952,0.0,0.0,0.0,0.3934362539617626,0.0,,0.009908009127312855,25.3990320001361,0.0024375886588452493,0.0,1.0,0.0,0.0,0.0,0.0,0.025003351655717924,0.07561528141289287,0.0,0.0,0.0,0.0,Banks—Regional,Financial Services,FULTP
2017Q2,2017,Q2,2017-06-30,2017-06-30,45467000.0,193934000.0,0.0,0.0,193934000.0,1.0,19647435000.0,2191770000.0,0.0,0.0,17455665000.0,0.0,782541000.0,0.0,934875000.0,0.0,0.0,0.06882969710804489,0.617002240198561,0.0,0.0,0.020744421175579553,0.0,0.0,0.0,0.42252622781357907,0.0,,0.009870703224110424,0.0,0.0023141443145123014,0.0,1.0,0.0,0.0,0.0,0.0,0.052547597855111476,0.04810972798524666,0.0,0.0,0.0,0.0,Banks—Regional,Financial Services,FULTP
2017Q1,2017,Q1,2017-03-31,2017-03-31,43380000.0,184252000.0,0.0,0.0,184252000.0,1.0,19178576000.0,2154683000.0,0.0,0.0,17023893000.0,0.0,756305000.0,0.0,977041000.0,0.0,0.0,0.07068486210863623,0.6291575141215668,0.0,0.0,0.020132891938164452,0.0,0.0,0.0,0.40117565698478563,0.0,,0.009607178343167919,0.0,0.0022618989021916955,0.0,1.0,0.0,0.0,0.0,0.0,0.012423691281436994,0.029181494661921707,0.0,0.0,0.0,0.0,Banks—Regional,Financial Services,FULTP
2016Q4,2016,Q4,2017-02-27,2016-12-31,42150000.0,181991000.0,0.0,0.0,181991000.0,1.0,18944247000.0,2121115000.0,15598127000.0,76645000.0,16823132000.0,0.0,732099000.0,0.0,757190000.0,0.0,203.5113445104051,0.05259728718697555,0.46976047974767987,0.0,0.0,0.01987162412221874,0.0,0.0,0.0,0.4932858837485172,0.0,,0.009606663173257823,33.24467349468328,0.0022249498752840375,0.0,1.0,0.0,0.0,0.0,0.0,0.01109481427158683,0.01644641651393846,0.0,0.0,0.0,0.0,Banks—Regional,Financial Services,FULTP
2016Q3,2016,Q3,2016-11-04,2016-09-30,41468000.0,179994000.0,0.0,0.0,179994000.0,1.0,18701062000.0,2129436000.0,15397121000.0,79516000.0,16571626000.0,0.0,710833000.0,0.0,576629000.0,0.0,193.63550731928166,0.055138954140679285,0.48423948876603945,0.0,0.0,0.01947370101754643,0.0,0.0,0.0,0.4174785376675991,0.0,,0.009624800987238051,33.78351526736758,0.0022174141767991574,0.0,1.0,0.0,0.0,0.0,0.0,0.028225737348117428,0.04322012578616352,0.0,0.0,0.0,0.0,Banks—Regional,Financial Services,FULTP
2016Q2,2016,Q2,2016-06-30,2016-06-30,39750000.0,175053000.0,0.0,0.0,175053000.0,1.0,18480035000.0,2106997000.0,0.0,0.0,16373038000.0,0.0,686635000.0,0.0,637182000.0,0.0,0.0,0.05790362410027903,0.5078607136127864,0.0,0.0,0.018865712670687238,0.0,0.0,0.0,0.39250314465408803,0.0,,0.00947254699463502,0.0,0.0021509699521672985,0.0,1.0,0.0,0.0,0.0,0.0,0.016621077756677177,0.03902553781007397,0.0,0.0,0.0,0.0,Banks—Regional,Financial Services,FULTP
2016Q1,2016,Q1,2016-03-31,2016-03-31,38257000.0,172191000.0,0.0,0.0,172191000.0,1.0,18122254000.0,2073309000.0,0.0,0.0,16048945000.0,0.0,664236000.0,0.0,693400000.0,0.0,0.0,0.061993447393464414,0.541868578200355,0.0,0.0,0.018452145821004007,0.0,0.0,0.0,0.40975507750215645,0.0,,0.00950163263355651,0.0,0.0021110508659684386,0.0,1.0,0.0,0.0,0.0,0.0,-0.008333429318467155,-0.00721422083819904,0.0,0.0,0.0,0.0,Banks—Regional,Financial Services,FULTP
2015Q4,2015,Q4,2016-02-26,2015-12-31,38535000.0,173638000.0,0.0,0.0,173638000.0,1.0,17914718000.0,2041894000.0,14631910000.0,199656000.0,15872824000.0,0.0,641588000.0,0.0,898154000.0,0.0,73.2856012341227,0.06354964672064611,0.557557836009117,0.0,0.0,0.018872184354329854,0.0,0.0,0.0,0.49622421175554693,0.0,,0.009692477436708744,14.719187001642826,0.002151024649118116,0.0,1.0,0.0,0.0,0.0,0.0,0.018595865499683225,0.12507664009809932,0.0,0.0,0.0,0.0,Banks—Regional,Financial Services,FULTP
2015Q3,2015,Q3,2015-11-06,2015-09-30,34251000.0,170468000.0,0.0,0.0,170468000.0,1.0,17838059000.0,2025904000.0,14603223000.0,295606000.0,15812155000.0,0.0,622237000.0,0.0,655566000.0,0.0,49.4009695337713,0.07065297855557043,0.6220985792021735,0.0,0.0,0.016906526666614016,0.0,0.0,0.0,0.46252664155791073,0.0,,0.00955642090879955,9.547377252153204,0.001920108011751727,0.0,1.0,0.0,0.0,0.0,0.0,0.006251143681858697,-0.06622137404580153,0.0,0.0,0.0,0.0,Banks—Regional,Financial Services,FULTP
2015Q2,2015,Q2,2015-06-30,2015-06-30,36680000.0,169409000.0,0.0,0.0,169409000.0,1.0,17365473000.0,2024817000.0,0.0,0.0,15340656000.0,0.0,603597000.0,0.0,944027000.0,0.0,0.0,0.07870214649494431,0.6749745779495134,0.0,0.0,0.018115217325812654,0.0,0.0,0.0,0.4384678298800436,0.0,,0.00975550737949954,0.0,0.002112237311359155,0.0,1.0,0.0,0.0,0.0,0.0,0.006481778538243088,-0.0838245578978919,0.0,0.0,0.0,0.0,Banks—Regional,Financial Services,FULTP
2015Q1,2015,Q1,2015-03-31,2015-03-31,40036000.0,168318000.0,0.0,0.0,168318000.0,1.0,17363341000.0,2031513000.0,0.0,0.0,15331828000.0,0.0,582724000.0,0.0,612850000.0,0.0,0.0,0.0773291845158141,0.6609325167990556,0.0,0.0,0.01970747910547459,0.0,0.0,0.0,0.35752822459786193,0.0,,0.009693871703608194,0.0,0.0023057774422560726,0.0,1.0,0.0,0.0,0.0,0.0,-0.010703013418440217,0.054994861524677856,0.0,0.0,0.0,0.0,Banks—Regional,Financial Services,FULTP
2014Q4,2014,Q4,2015-02-27,2014-12-31,37949000.0,170139000.0,0.0,0.0,170139000.0,1.0,17124767000.0,1996665000.0,14001418000.0,183151000.0,15128102000.0,0.0,558810000.0,0.0,937687000.0,0.0,76.44740132459009,0.07617732842730064,0.6533489593897824,0.0,0.0,0.019006192826538253,0.0,0.0,0.0,0.48459774961132046,0.0,,0.00993525926513336,15.61325354488919,0.002216030150950375,0.0,1.0,0.0,0.0,0.0,0.0,-0.006580407086053274,-0.01599854794378468,0.0,0.0,0.0,0.0,Banks—Regional,Financial Services,FULTP
2014Q3,2014,Q3,2014-11-05,2014-09-30,38566000.0,171266000.0,0.0,0.0,171266000.0,1.0,17238174000.0,2078006000.0,14011007000.0,575771000.0,15160168000.0,0.0,538749000.0,0.0,1064166000.0,0.0,24.334339520399602,0.09146183348653981,0.7587249507460517,0.0,0.0,0.018559137942816335,0.0,0.0,0.0,0.3919773894103615,0.0,,0.00993527504711346,5.256641963558429,0.0022372439215429664,0.0,1.0,0.0,0.0,0.0,0.0,-0.008705215025756786,-0.026012728558440248,0.0,0.0,0.0,0.0,Banks—Regional,Financial Services,FULTP
2014Q2,2014,Q2,2014-06-30,2014-06-30,39596000.0,172770000.0,0.0,0.0,172770000.0,1.0,17033639000.0,2099800000.0,0.0,0.0,14933839000.0,0.0,514988000.0,0.0,1110960000.0,0.0,0.0,0.09350268606725785,0.7584965234784266,0.0,0.0,0.018857034003238404,0.0,0.0,0.0,0.38155369229215075,0.0,,0.01014287082167234,0.0,0.002324576680297146,0.0,1.0,0.0,0.0,0.0,0.0,0.027958422333418616,-0.05234186152262882,0.0,0.0,0.0,0.0,Banks—Regional,Financial Services,FULTP
2014Q1,2014,Q1,2014-03-31,2014-03-31,41783000.0,168071000.0,0.0,0.0,168071000.0,1.0,16911889000.0,2058719000.0,0.0,0.0,14853170000.0,0.0,490517000.0,0.0,1106230000.0,0.0,0.0,0.09413773943289244,0.7733192339508209,0.0,0.0,0.020295630438151104,0.0,0.0,0.0,0.36888208122920807,0.0,,0.009938038264087472,0.0,0.0024706287984742567,0.0,1.0,0.0,0.0,0.0,0.0,-0.032317311899772,-0.007128769336786826,0.0,0.0,0.0,0.0,Banks—Regional,Financial Services,FULTP
2013Q4,2013,Q4,2014-03-03,2013-12-31,42083000.0,173684000.0,0.0,0.0,173684000.0,1.0,16934634000.0,2063187000.0,13564651000.0,515790000.0,14871447000.0,0.0,463843000.0,0.0,1094728000.0,0.0,26.298786327769054,0.08173521789723946,0.6708824745406015,0.0,0.0,0.020397084704391798,0.0,0.0,0.0,0.36563457928379633,0.0,,0.010256141349142827,5.8185598790205315,0.0024850256580685477,0.0,1.0,0.0,0.0,0.0,0.0,-0.03449886041469787,0.05344447782116752,0.0,0.0,0.0,0.0,Banks—Regional,Financial Services,FULTP
2013Q3,2013,Q3,2013-11-08,2013-09-30,39948000.0,179890000.0,0.0,0.0,179890000.0,1.0,17050771000.0,2028964000.0,13602905000.0,721960000.0,15021807000.0,0.0,437173000.0,0.0,1110423000.0,0.0,18.841632500415535,0.09351043422024728,0.7858320798200461,0.0,0.0,0.019688865844835098,0.0,0.0,0.0,0.3878291779313107,0.0,,0.01055025605586985,4.45337691838883,0.0023428852572121225,0.0,1.0,0.0,0.0,0.0,0.0,-0.024357173461473796,-0.015622689862500616,0.0,0.0,0.0,0.0,Banks—Regional,Financial Services,FULTP
2013Q2,2013,Q2,2013-06-30,2013-06-30,40582000.0,184381000.0,0.0,0.0,184381000.0,1.0,17022410000.0,2028732000.0,0.0,0.0,14993678000.0,0.0,412609000.0,0.0,1379017000.0,0.0,0.0,0.10157351397363829,0.8522692992470173,0.0,0.0,0.020003627881849353,0.0,0.0,0.0,0.022768715193928344,0.0,,0.010831662496673503,0.0,0.002384033753152462,0.0,1.0,0.0,0.0,0.0,0.0,0.04227175344680418,0.034542534478802865,0.0,0.0,0.0,0.0,Banks—Regional,Financial Services,FULTP
2013Q1,2013,Q1,2013-03-31,2013-03-31,39227000.0,176903000.0,0.0,0.0,176903000.0,1.0,16682737000.0,2061763000.0,0.0,0.0,14620974000.0,0.0,387546000.0,0.0,1014975000.0,0.0,0.0,0.07712499453776679,0.6240562082062778,0.0,0.0,0.019025950121328204,0.0,0.0,0.0,0.37527723251841844,0.0,,0.010603955454072075,0.0,0.0023513527786237953,0.0,1.0,0.0,0.0,0.0,0.0,-0.102006111737175,-0.025173956262425447,0.0,0.0,0.0,0.0,Banks—Regional,Financial Services,FULTP
2012Q4,2012,Q4,2013-02-28,2012-12-31,40240000.0,196998000.0,0.0,0.0,196998000.0,1.0,16528153000.0,2081656000.0,12934793000.0,139021000.0,14446497000.0,0.0,363937000.0,0.0,686187000.0,0.0,93.0420080419505,0.061346479549166805,0.4870852821023262,0.0,0.0,0.019330763584377054,0.0,0.0,0.0,0.7916252485089463,0.0,,0.011918936132791123,23.31667158199121,0.002434633803305185,0.0,1.0,0.0,0.0,0.0,0.0,0.048263164616236004,-0.032273579914386036,0.0,0.0,0.0,0.0,Banks—Regional,Financial Services,FULTP
2012Q3,2012,Q3,2012-11-09,2012-09-30,41582000.0,187928000.0,0.0,0.0,187928000.0,1.0,16273129000.0,2060683000.0,12715375000.0,338528000.0,14212446000.0,0.0,339638000.0,0.0,805821000.0,0.0,37.56077783816996,0.07529793440462496,0.5946246948220566,0.0,0.0,0.020178746561212955,0.0,0.0,0.0,0.3381511230821028,0.0,,0.011548362948514695,1.3862841478400605,0.0025552553537798416,0.0,1.0,0.0,0.0,0.0,0.0,-0.015831286560426497,0.04239051415106164,0.0,0.0,0.0,0.0,Banks—Regional,Financial Services,FULTP
2012Q2,2012,Q2,2012-06-30,2012-06-30,39891000.0,190951000.0,0.0,0.0,190951000.0,1.0,16337750000.0,2041184000.0,0.0,0.0,14296566000.0,0.0,313970000.0,0.0,913044000.0,0.0,0.0,0.0779986840293186,0.6243057950679606,0.0,0.0,0.01954306912066722,0.0,0.0,0.0,0.3521094983830939,0.0,,0.011687717096907468,0.0,0.0024416458814708266,0.0,1.0,0.0,0.0,0.0,0.0,0.003025607353906763,0.04612923528794713,0.0,0.0,0.0,0.0,Banks—Regional,Financial Services,FULTP
2012Q1,2012,Q1,2012-03-31,2012-03-31,38132000.0,190375000.0,0.0,0.0,190375000.0,1.0,16536222000.0,2022863000.0,0.0,0.0,14513359000.0,0.0,288151000.0,0.0,919882000.0,0.0,0.0,0.07940048216575708,0.6490721319239118,0.0,0.0,0.018850510390471326,0.0,0.0,0.0,0.3149585649847897,0.0,,0.011512605479050777,0.0,0.002305968074207035,0.0,1.0,0.0,0.0,0.0,0.0,0.04878250330542089,0.05690290750852296,0.0,0.0,0.0,0.0,Banks—Regional,Financial Services,FULTP
2011Q4,2011,Q4,2012-02-29,2011-12-31,36079000.0,181520000.0,0.0,0.0,181520000.0,1.0,16370508000.0,1992539000.0,12900942000.0,182514000.0,14377969000.0,0.0,264059000.0,0.0,849843000.0,0.0,70.68467076498241,0.07311788980525223,0.6007295214798807,0.0,0.0,0.01810704834384672,0.0,0.0,0.0,0.277030959838133,0.0,,0.011088232570424815,17.176561797999057,0.002203902285744584,0.0,1.0,0.0,0.0,0.0,0.0,-0.04934980596303609,-0.08251958091750584,0.0,0.0,0.0,0.0,Banks—Regional,Financial Services,FULTP
2011Q3,2011,Q3,2011-11-09,2011-09-30,39324000.0,190943000.0,0.0,0.0,190943000.0,1.0,16295851000.0,1984659000.0,12768026000.0,400671000.0,14311192000.0,0.0,239986000.0,0.0,850268000.0,0.0,31.866608763798727,0.0858192677387637,0.7046540488819489,0.0,0.0,0.019813983157811996,0.0,0.0,0.0,0.2538653239751806,0.0,,0.011717276992775645,1.4992100750990214,0.0024131295751292766,0.0,1.0,0.0,0.0,0.0,0.0,0.015562422546897355,0.08077504466126151,0.0,0.0,0.0,0.0,Banks—Regional,Financial Services,FULTP
2011Q2,2011,Q2,2011-06-30,2011-06-30,36385000.0,188017000.0,0.0,0.0,188017000.0,1.0,15967120000.0,1953309000.0,0.0,0.0,14013811000.0,0.0,210671000.0,0.0,996281000.0,0.0,0.0,0.08805213463667838,0.7197729596290192,0.0,0.0,0.01862736515318365,0.0,0.0,0.0,0.21896385873299437,0.0,,0.011775260660657651,0.0,0.0022787453216359618,0.0,1.0,0.0,0.0,0.0,0.0,0.005363234838033516,0.07695722953973656,0.0,0.0,0.0,0.0,Banks—Regional,Financial Services,FULTP
2011Q1,2011,Q1,2011-03-31,2011-03-31,33785000.0,187014000.0,0.0,0.0,187014000.0,1.0,15961196000.0,1910322000.0,0.0,0.0,14050874000.0,0.0,184254000.0,0.0,1093156000.0,0.0,0.0,0.09033170196017892,0.7547429176861283,0.0,0.0,0.017685500140813958,0.0,0.0,0.0,0.17676483646588723,0.0,,0.011716791147731035,0.0,0.0021166960170152663,0.0,1.0,0.0,0.0,0.0,0.0,-0.027326440177252585,0.07288027945379486,0.0,0.0,0.0,0.0,Banks—Regional,Financial Services,FULTP
2010Q4,2010,Q4,2011-03-01,2010-12-31,31490000.0,192268000.0,0.0,0.0,192268000.0,1.0,16275254000.0,1880389000.0,12628625000.0,234766000.0,14394865000.0,0.0,158453000.0,0.0,1201432000.0,0.0,53.792393276709575,0.081158979147115,0.7024519926462025,0.0,0.0,0.01674653489251426,0.0,0.0,0.0,0.18945697046681487,0.0,,0.011813517626207247,13.154413330720804,0.0019348392350743036,0.0,1.0,0.0,0.0,0.0,0.0,-6.760938418252453e-05,-0.16427813163481952,0.0,0.0,0.0,0.0,Banks—Regional,Financial Services,FULTP
2010Q3,2010,Q3,2010-11-08,2010-09-30,37680000.0,192281000.0,0.0,0.0,192281000.0,1.0,16330773000.0,1876310000.0,12815364000.0,497619000.0,14454463000.0,0.0,132918000.0,0.0,1212509000.0,0.0,25.75336552663785,0.1017545219690458,0.8856372347852967,0.0,0.0,0.02008196939738103,0.0,0.0,0.0,0.23988853503184712,0.0,,0.011774151780812824,1.0136027764213182,0.002307300456628722,0.0,1.0,0.0,0.0,0.0,0.0,0.05001010249941296,0.1893188561328199,0.0,0.0,0.0,0.0,Banks—Regional,Financial Services,FULTP
2010Q2,2010,Q2,2010-06-30,2010-06-30,31682000.0,183123000.0,0.0,0.0,183123000.0,1.0,16626877000.0,2231211000.0,0.0,0.0,14395666000.0,0.0,109287000.0,0.0,1112397000.0,0.0,0.0,0.10912782959782526,0.8132153346321795,0.0,0.0,0.01419946387858432,0.0,0.0,0.0,0.315668202764977,0.0,,0.01101367382461541,0.0,0.0019054690787692723,0.0,1.0,0.0,0.0,0.0,0.0,0.04061349274901123,0.15291120815138282,0.0,0.0,0.0,0.0,Banks—Regional,Financial Services,FULTP
2010Q1,2010,Q1,2010-03-31,2010-03-31,27480000.0,175976000.0,0.0,0.0,175976000.0,1.0,16411523000.0,1969838000.0,0.0,0.0,14441685000.0,0.0,89120000.0,0.0,1619323000.0,0.0,0.0,0.11597735322919146,0.9662545854024545,0.0,0.0,0.013950385767763644,0.0,0.0,0.0,0.3637918486171761,0.0,,0.010722709891092985,0.0,0.0016744332625314542,0.0,1.0,0.0,0.0,0.0,0.0,0.0034097777372304396,0.1270609465999508,0.0,0.0,0.0,0.0,Banks—Regional,Financial Services,FULTP
2009Q4,2009,Q4,2010-03-01,2009-12-31,24382000.0,175378000.0,0.0,0.0,175378000.0,1.0,16635635000.0,1936482000.0,12589285000.0,278010000.0,14699153000.0,0.0,71999000.0,0.0,1568488000.0,0.0,45.28356893636919,0.10652956740154494,0.9151580030178437,0.0,0.0,0.012590873553175294,0.0,0.0,0.0,0.4097284882290214,0.0,,0.01054230872461436,12.91564691917557,0.001465648891671403,0.0,1.0,0.0,0.0,0.0,0.0,0.00802961242894339,0.044375910220166195,0.0,0.0,0.0,0.0,Banks—Regional,Financial Services,FULTP
2009Q3,2009,Q3,2009-11-09,2009-09-30,23346000.0,173981000.0,0.0,0.0,173981000.0,1.0,16526709000.0,1923763000.0,12493749000.0,561715000.0,14602946000.0,0.0,57962000.0,0.0,1886571000.0,0.0,22.242149488619674,0.13085624004149887,1.1241629036424965,0.0,0.0,0.012135590506730819,0.0,0.0,0.0,0.4273108883748822,0.0,,0.010527262263769514,0.599031537345451,0.0014126224404386863,0.0,1.0,0.0,0.0,0.0,0.0,0.0038079632589241926,0.7806422088322782,0.0,0.0,0.0,0.0,Banks—Regional,Financial Services,FULTP
2009Q2,2009,Q2,2009-06-30,2009-06-30,13111000.0,173321000.0,0.0,0.0,173321000.0,1.0,16875852000.0,1872928000.0,0.0,0.0,15002924000.0,0.0,44937000.0,0.0,1961632000.0,0.0,0.0,0.13551333586002057,1.2210309205692904,0.0,0.0,0.007000269097370534,0.0,0.0,0.0,0.7605064449698726,0.0,,0.010270355535234607,0.0,0.0007769089228798641,0.0,1.0,0.0,0.0,0.0,0.0,0.013395310764193416,0.0019870080244554834,0.0,0.0,0.0,0.0,Banks—Regional,Financial Services,FULTP
2009Q1,2009,Q1,2009-03-31,2009-03-31,13085000.0,171030000.0,0.0,0.0,171030000.0,1.0,16493522000.0,1861321000.0,0.0,0.0,14632201000.0,0.0,42143000.0,0.0,2305413000.0,0.0,0.0,0.15672298493917794,1.3887523968192483,0.0,0.0,0.007029953457786163,0.0,0.0,0.0,2.21444401987008,0.0,,0.010369525684083726,0.0,0.0007933417738188363,0.0,1.0,0.0,0.0,0.0,0.0,0.19641558005484358,1.1284518048043037,0.0,0.0,0.0,0.0,Banks—Regional,Financial Services,FULTP
2008Q4,2008,Q4,2009-03-02,2008-12-31,-101867000.0,142952000.0,0.0,0.0,142952000.0,1.0,16185106000.0,1859647000.0,12692284000.0,412979000.0,14325459000.0,0.0,31075000.0,0.0,1870043000.0,0.0,30.733485237748166,0.1326588778596816,1.1545728839935752,0.0,0.0,-0.05477760026499653,0.0,0.0,0.0,-0.25307508810507817,0.0,,0.008832317811202473,7.5936185617186345,-0.006293872897712255,0.0,1.0,0.0,0.0,0.0,0.0,-0.13169291697290336,-4.503473655248315,0.0,0.0,0.0,0.0,Banks—Regional,Financial Services,FULTP
2008Q3,2008,Q3,2008-11-10,2008-09-30,29076000.0,164633000.0,0.0,0.0,164633000.0,1.0,16136145000.0,1603910000.0,12480511000.0,1311043000.0,14532235000.0,0.0,159320000.0,0.0,2755322000.0,0.0,9.519528344989448,0.19106062817358174,1.922166455723825,0.0,0.0,0.01812819921317281,0.0,0.0,0.0,0.8981290411335809,0.0,,0.010202746690736852,0.29722747461372356,0.0018019173724579199,0.0,1.0,0.0,0.0,0.0,0.0,0.00361497195805901,0.13233117844068853,0.0,0.0,0.0,0.0,Banks—Regional,Financial Services,FULTP
2008Q2,2008,Q2,2008-06-30,2008-06-30,25678000.0,164040000.0,0.0,0.0,164040000.0,1.0,16058125000.0,1593478000.0,0.0,0.0,14464647000.0,0.0,156359000.0,0.0,3886950000.0,0.0,0.0,0.2688243490444868,2.7090521488216344,0.0,0.0,0.016114436471667635,0.0,0.0,0.0,1.0112937144637433,0.0,,0.010215389405674697,0.0,0.0015990658934340093,0.0,1.0,0.0,0.0,0.0,0.0,0.002818210161451042,-0.3811933680354733,0.0,0.0,0.0,0.0,Banks—Regional,Financial Services,FULTP
2008Q1,2008,Q1,2008-03-31,2008-03-31,41496000.0,163579000.0,0.0,0.0,163579000.0,1.0,16052867000.0,1611720000.0,0.0,0.0,14441147000.0,0.0,156708000.0,0.0,2597273000.0,0.0,0.0,0.18789740175384248,1.8714739532921352,0.0,0.0,0.02574640756458938,0.0,0.0,0.0,0.629313668787353,0.0,,0.010190017770657415,0.0,0.002584958811407333,0.0,1.0,0.0,0.0,0.0,0.0,0.043486304078794606,0.08688022211163204,0.0,0.0,0.0,0.0,Banks—Regional,Financial Services,FULTP
2007Q4,2007,Q4,2008-02-29,2007-12-31,38179000.0,156762000.0,0.0,0.0,156762000.0,1.0,15923098000.0,1574920000.0,11915038000.0,1167786000.0,14348178000.0,0.0,141993000.0,0.0,2428368000.0,0.0,10.203100568083537,0.17211983497181266,1.740203311914256,0.0,0.0,0.024241866253523987,0.0,0.0,0.0,0.6812383771183111,0.0,,0.009844943490268036,3.0986542054794284,0.002397711802062639,0.0,1.0,0.0,0.0,0.0,0.0,-0.015023279485777837,0.13743073348030746,0.0,0.0,0.0,0.0,Banks—Regional,Financial Services,FULTP
2007Q3,2007,Q3,2007-11-09,2007-09-30,33566000.0,159153000.0,0.0,0.0,159153000.0,1.0,15438177000.0,1554120000.0,11641549000.0,1001372000.0,13884057000.0,0.0,129833000.0,0.0,2215820000.0,0.0,11.625598678612944,0.16605503357034965,1.6495425063701645,0.0,0.0,0.021598074794739144,0.0,0.0,0.0,0.773610200798427,0.0,,0.010309053977033687,0.42111622853445074,0.0021742204406647236,0.0,1.0,0.0,0.0,0.0,0.0,0.007852425069500294,-0.15758564437194128,0.0,0.0,0.0,0.0,Banks—Regional,Financial Services,FULTP
2007Q2,2007,Q2,2007-06-30,2007-06-30,39845000.0,157913000.0,0.0,0.0,157913000.0,1.0,15078415000.0,1531660000.0,0.0,0.0,13546755000.0,0.0,122258000.0,0.0,1827229000.0,0.0,0.0,0.1473252327913776,1.4503421124792708,0.0,0.0,0.026014259039212357,0.0,0.0,0.0,0.6412347847910653,0.0,,0.010472785103739352,0.0,0.002642519124191767,0.0,1.0,0.0,0.0,0.0,0.0,-0.018198209400646606,-0.031195292744602216,0.0,0.0,0.0,0.0,Banks—Regional,Financial Services,FULTP
2007Q1,2007,Q1,2007-03-31,2007-03-31,41128000.0,160840000.0,0.0,0.0,160840000.0,1.0,14670336000.0,1521931000.0,0.0,0.0,13148405000.0,0.0,108423000.0,0.0,1914434000.0,0.0,0.0,0.15489515713886853,1.493079515431383,0.0,0.0,0.02702356414318389,0.0,0.0,0.0,0.6223497374051741,0.0,,0.010963620737793599,0.0,0.002803480438348515,0.0,1.0,0.0,0.0,0.0,0.0,-0.007766858524728715,-0.11751957944426564,0.0,0.0,0.0,0.0,Banks—Regional,Financial Services,FULTP
