Quarters,Year,Quarter,FillingDate,Date,NetIncome,Revenue,OperatingIncome,EPSDiluted,GrossProfit,GrossProfitRatio,TotalAssets,CommonStockEquity,CurrentAssets,CurrentLiability,TotalLiability,Inventory,RetainedEarnings,MarketCap,EnterpriseValue,bookValuePerShare,currentRatio,debtToAssets,debtToEquity,roic,shareholdersEquityPerShare,roe,priceToSalesRatio,peRatio,pbRatio,payoutRatio,inventoryTurnover,dividendYield,assetTurnover,quickRatio,returnOnAssets,priceToFreeCashFlowsRatio,grossProfitMargin,epsdilutedGrowth,fiveYNetIncomeGrowthPerShare,fiveYRevenueGrowthPerShare,fiveYShareholdersEquityGrowthPerShare,grossProfitGrowth,netIncomeGrowth,operatingIncomeGrowth,threeYNetIncomeGrowthPerShare,threeYRevenueGrowthPerShare,threeYShareholdersEquityGrowthPerShare,Industry,Sector,Symbol
2023Q1,2023,Q1,2023-05-11,2023-03-31,-22784000.0,4118000.0,-22263000.0,-0.52,4000000.0,0.9713453133,99228000.0,35239000.0,96911000.0,23999000.0,63989000.0,5338000.0,-459977000.0,39594220.031500004,64838220.031500004,0.798244265826055,4.038126588607859,0.40739509009553754,1.1471664916711597,-0.2925749597597107,0.798244265826055,-0.6465563722012543,9.614915014934436,-0.43445202808440136,1.123590908694912,0.0,0.02210565754964406,0.0,0.04150038295642359,3.298595774823951,-0.22961260934413674,-1.6347062479459975,0.9713453132588635,0.08771929824561392,0.38463345591615644,0.0,-0.4294349833429114,0.7014036580178648,0.09364309014241387,0.0902292509501042,0.1701955701726039,0.0,-0.5474870516069222,Biotechnology,Healthcare,EIGR
2022Q4,2022,Q4,2023-03-17,2022-12-31,-25138000.0,2696000.0,-24471000.0,-0.57,2351000.0,0.8720326409,120139000.0,55310000.0,117535000.0,25121000.0,64829000.0,2853000.0,-437193000.0,51998225.739999995,66399225.739999995,1.2551543648112176,4.678754826639067,0.3346040836031597,0.7267944313867294,-0.25465566176209264,1.2551543648112176,-0.4544928584342795,19.287175719584567,-0.5171277124274007,0.9401234087868378,0.0,0.12092534174553102,0.0,0.022440672887238947,4.0084789618247685,-0.20924096255171093,-2.3140147630279024,0.8720326409495549,0.09523809523809532,0.4868161330081522,0.0,-0.45388201263578815,-0.15825277479412816,0.09747603489749758,0.07197845955478023,0.1739356886701263,0.0,-0.45550679185079096,Biotechnology,Healthcare,EIGR
2022Q3,2022,Q3,2022-11-03,2022-09-30,-27853000.0,4024000.0,-26369000.0,-0.63,2793000.0,0.6940854871,143744000.0,78308000.0,142289000.0,26119000.0,65436000.0,2817000.0,-412055000.0,331399464.09000003,344685464.09000003,1.7793005236721293,5.447720050537923,0.275448018699911,0.5056188384328549,-0.22923052121954324,1.7793005236721293,-0.3556852428870613,82.35573163270378,-2.9745401221591927,4.232000103310007,0.0,0.4369897053603124,0.0,0.027994211932324133,4.728435238715112,-0.1937680877114871,-16.035199307591814,0.6940854870775348,-0.23529411764705882,0.422138865628068,0.0,0.18661615697906628,-0.2911167512690355,-0.27275635167245477,-0.31319721115537846,0.16922257415878808,0.0,-0.3932155156852315,Biotechnology,Healthcare,EIGR
2022Q2,2022,Q2,2022-08-04,2022-06-30,-21884000.0,4091000.0,-20080000.0,-0.51,3940000.0,0.9630897091,163691000.0,102925000.0,157703000.0,21847000.0,60766000.0,2876000.0,-384944000.0,271276796.7,274059796.7,2.3902799940427046,7.218519705222685,0.24042250337526191,0.38236580034005346,-0.14080543401818393,2.3902799940427046,-0.21262084041777993,66.31063229039354,-3.0990312180131605,2.6356744882195775,0.0,0.052503477051460364,0.0,0.02499221093401592,6.537739735432782,-0.133690917643609,-12.470776292925112,0.9630897091175752,0.203125,0.6184891492691628,0.0,-0.03252977851416736,0.537261022239563,0.033520293247361214,0.07974335472043996,0.3212287709442883,0.0,-0.36473810371248827,Biotechnology,Healthcare,EIGR
2022Q1,2022,Q1,2022-05-05,2022-03-31,-22643000.0,2673000.0,-21820000.0,-0.64,2563000.0,0.9588477366,153329000.0,97267000.0,147356000.0,36612000.0,56062000.0,1910000.0,-363060000.0,292601120.1,278628120.1,2.7591011945685304,4.024800611821261,0.2125429631706983,0.3350468298600759,-0.16733366291796603,2.7591011945685304,-0.23279221113018803,109.4654396184063,-3.2305913538400395,3.0082260180739615,0.0,0.05759162303664921,0.0,0.017433101370256117,3.6874248880148586,-0.14767591258013812,-15.851406907199742,0.9588477366255144,0.0,0.5222038119792365,0.0,-0.25275111298552677,-0.21283783783783783,-0.04019661889011393,-0.04652278177458034,0.28373717036101764,0.0,0.040932289695023584,Biotechnology,Healthcare,EIGR
2021Q4,2021,Q4,2022-03-10,2021-12-31,-21768000.0,3360000.0,-20850000.0,-0.64,3256000.0,0.969047619,126402000.0,72399000.0,103364000.0,29901000.0,54003000.0,2612000.0,-340417000.0,176514001.95000002,186832001.95000002,2.1287308986764493,3.4568743520283602,0.25742472429233715,0.4494399093910137,-0.19745325762583782,2.1287308986764493,-0.3006671362864128,52.53392915178572,-2.0272188757579936,2.4380723759996688,0.0,0.039816232771822356,0.0,0.02658185788199554,3.0564529614394167,-0.17221246499264253,-10.44585169546692,0.969047619047619,0.015384615384615398,0.5810940471111222,0.0,-0.5631473140884891,0.1966188901139287,0.020474283400080995,0.04581026039998169,0.30467557643600773,0.0,-0.4269536785213372,Biotechnology,Healthcare,EIGR
2021Q3,2021,Q3,2021-11-04,2021-09-30,-22223000.0,3039000.0,-21851000.0,-0.65,2721000.0,0.8953603158933859,140277000.0,89465000.0,99086000.0,22012000.0,50812000.0,2621000.0,-318649000.0,226763014.12,209988014.12,2.6354659392723723,4.501453752498637,0.23154187785595642,0.36304700162074555,-0.17802590189857806,2.6354659392723723,-0.24839881517912032,74.61764202698257,-2.5509946240381582,2.5346561685575364,0.0,0.12132773750476918,0.0,0.021664278534613658,4.000908595311648,-0.15842226451948643,-11.773780587746625,0.8953603158933859,-0.1403508771929826,0.5610952561444091,0.0,-0.6141350361503211,0.48932676518883417,-0.15901741942213413,-0.1900767932029846,0.4556381597635113,0.0,0.11264810797863227,Biotechnology,Healthcare,EIGR
2021Q2,2021,Q2,2021-08-05,2021-06-30,-19174000.0,2097000.0,-18361000.0,-0.57,1827000.0,0.871244635193133,156838000.0,109125000.0,118803000.0,15875000.0,47713000.0,2065000.0,-296426000.0,289101722.03999996,256473722.03999996,3.2159787684397148,7.483653543307087,0.2067611165661383,0.29716380297823597,-0.12885255532879583,3.2159787684397148,-0.17570675830469645,137.8644358798283,-3.7694498023364975,2.649271221443299,0.0,0.13075060532687652,0.0,0.013370484193881585,6.853858267716536,-0.12225353549522437,-14.130093941348973,0.871244635193133,-1.6705882352941177,0.6974002403508256,0.0,-0.48291717832365566,-0.49151127191761756,-1.655566192560175,-0.16113324479858343,0.313518995067391,0.0,-0.21394440173050136,Biotechnology,Healthcare,EIGR
2021Q1,2021,Q1,2021-05-06,2021-03-31,29248000.0,3646000.0,-15813000.0,0.85,3593000.0,0.9854635216675809,175515000.0,126190000.0,169886000.0,17517000.0,49325000.0,1397000.0,-277252000.0,299899029.59999996,223896029.59999996,3.7238583315509333,9.698350174116573,0.18463948950232173,0.2568111577779539,-0.09889936711662539,3.7238583315509333,0.23177747840557889,82.2542593527153,2.5634148454595183,2.3765673159521357,0.0,0.03793843951324266,0.0,0.020773153291741446,9.19854998001941,0.166641027832379,-4.726094137670196,0.9854635216675809,2.3504873311709025,1.082844233805486,0.0,-0.9351735343755813,0.0,2.5552483250026587,0.11969047486500028,2.02909640616892,0.0,1.6617207062192532,Biotechnology,Healthcare,EIGR
2020Q4,2020,Q4,2021-03-09,2020-12-31,-18806000.0,0.0,-17963000.0,-0.6294024241330949,0.0,0.0,143594000.0,95035000.0,137806000.0,16627000.0,48559000.0,0.0,-306500000.0,367214569.15,370864569.15,3.1806476325368855,8.288085643832321,0.22643007367995877,0.3421265849423896,-0.13938961270747813,3.1806476325368855,-0.19788498974062188,0.0,-4.881614500026587,3.8639929410217286,0.0,0.0,0.0,0.0,7.74884224454201,-0.13096647492235053,-23.440225274479765,0.0,-0.21038927717902858,0.8759164816392477,0.0,-0.9056833595099313,0.0,-0.19936224489795917,-0.2106894924850037,0.43379043440050374,0.0,0.3839006040161804,Biotechnology,Healthcare,EIGR
2020Q3,2020,Q3,2020-11-05,2020-09-30,-15680000.0,0.0,-14837000.0,-0.52,0.0,0.0,140693000.0,92950000.0,134942000.0,21660000.0,47743000.0,0.0,-287694000.0,243216158.9,223654158.9,3.1108664959678385,6.230009233610342,0.23050898054629584,0.3489080150618612,-0.11698428592829715,3.1108664959678385,-0.16869284561592254,0.0,-3.8778086559311227,2.616634307692308,0.0,0.0,0.0,0.0,5.823499538319483,-0.1114483307627245,-17.228600899624567,0.0,0.13333333333333328,0.8691850634826732,0.0,-0.8637776253544697,0.0,-0.02309800339292705,-0.014357011007041773,0.5208335855528339,0.0,1.074637981166864,Biotechnology,Healthcare,EIGR
2020Q2,2020,Q2,2020-08-06,2020-06-30,-15326000.0,0.0,-14627000.0,-0.6,0.0,0.0,103157000.0,58491000.0,97339000.0,16147000.0,44666000.0,0.0,-272014000.0,244814534.39999998,214351534.39999998,2.2936285273101826,6.028302471047254,0.3135996587725506,0.5530765416901745,-0.15827859716706524,2.2936285273101826,-0.2620232172470978,0.0,-3.9934512331984857,4.185507760168231,0.0,0.0,0.0,0.0,5.621787328915588,-0.1485696559613017,-15.400046197395733,0.0,0.03225806451612906,0.9420384916787575,0.0,-0.9146400520735822,0.0,-0.005709036025985957,0.00645292759135987,0.5488560436492252,0.0,-0.07164963734229302,Biotechnology,Healthcare,EIGR
2020Q1,2020,Q1,2020-05-07,2020-03-31,-15239000.0,0.0,-14722000.0,-0.62,0.0,0.0,88423000.0,43221000.0,82465000.0,13433000.0,45202000.0,0.0,-256688000.0,166609180.0,176300180.0,1.7640252475883982,6.138986079059034,0.3655157594743449,0.7477846417250873,-0.19050207039337475,1.7640252475883982,-0.3525832350015039,0.0,-2.7332695714941924,3.854820110594387,0.0,0.0,0.0,0.0,5.777339388074146,-0.17234203770512196,-9.379563136857513,0.0,0.10219639479905443,0.941396425044249,0.0,-0.9520964711347742,0.0,0.09934988179669031,0.10840600775193798,0.5373281671758302,0.0,-0.5222480764675264,Biotechnology,Healthcare,EIGR
2019Q4,2019,Q4,2020-03-13,2019-12-31,-16920000.0,0.0,-16512000.0,-0.6905741928505981,0.0,0.0,105139000.0,56480000.0,100384000.0,16949000.0,48659000.0,0.0,-241449000.0,365070115.0,357941115.0,2.3051791023759916,5.92270930438374,0.3066797287400489,0.5708923512747875,-0.18229592174700257,2.3051791023759916,-0.29957507082152973,0.0,-5.39406198286052,6.463706002124646,0.0,0.0,0.0,0.0,5.60469644226798,-0.16092981671881984,-23.779971013548725,0.0,0.09134974624921308,0.9046399913447811,0.0,-0.9499328807784514,0.0,0.09110442629995702,0.09800065552277942,0.5480190285203097,0.0,-0.5269370670542901,Biotechnology,Healthcare,EIGR
2019Q3,2019,Q3,2019-11-07,2019-09-30,-18616000.0,0.0,-18306000.0,-0.76,0.0,0.0,119995000.0,71659000.0,114410000.0,16745000.0,48336000.0,0.0,-224529000.0,250483872.75,263134872.75,2.932343475594079,6.83248730964467,0.26715279803325137,0.4473548333077492,-0.1733998920157998,2.932343475594079,-0.2597859305879234,0.0,-3.3638251067629996,3.4954977427817857,0.0,0.0,0.0,0.0,6.566198865332935,-0.15513979749156215,-17.07922219759989,0.0,-0.013333333333333345,0.873899263843036,0.0,-0.9505093752263604,0.0,-0.06213270953386204,-0.06672105355165783,0.48926712508087516,0.0,-0.5706684756027068,Biotechnology,Healthcare,EIGR
2019Q2,2019,Q2,2019-08-08,2019-06-30,-17527000.0,0.0,-17161000.0,-0.75,0.0,0.0,132927000.0,88079000.0,128368000.0,13317000.0,44848000.0,0.0,-205913000.0,257495172.0,231057172.0,3.76266860646226,9.639408275137043,0.24060574601096843,0.3631172016031063,-0.1406339632537328,3.76266860646226,-0.1989918141668275,0.0,-3.672835796200148,2.9234570328909277,0.0,0.0,0.0,0.0,9.411654276488699,-0.1318543260586638,-16.95385646563076,0.0,0.16666666666666669,0.8678426337506923,0.0,-0.9043812343993393,0.0,-0.01966373843737274,-0.01394387001477105,0.5990427037042849,0.0,-0.3950173679142635,Biotechnology,Healthcare,EIGR
2019Q1,2019,Q1,2019-05-09,2019-03-31,-17189000.0,0.0,-16925000.0,-0.9,0.0,0.0,93108000.0,50808000.0,88386000.0,10825000.0,42300000.0,0.0,-188386000.0,283693030.40000004,252200030.40000004,2.650605828912179,8.164988452655889,0.3427632426859131,0.6281294284364667,-0.1996060949146146,2.650605828912179,-0.33831286411588724,0.0,-4.12608398394322,5.583629160762085,0.0,0.0,0.0,0.0,7.925357967667437,-0.18461356704042617,-15.023726653603772,0.0,0.021739130434782625,0.9003356855866376,0.0,-0.9613442592333422,0.0,-0.04169444276104479,-0.051699496675573234,0.9139280659080429,0.0,-0.9538571577237487,Biotechnology,Healthcare,EIGR
2018Q4,2018,Q4,2019-03-14,2018-12-31,-16501000.0,0.0,-16093000.0,-0.92,0.0,0.0,102448000.0,66592000.0,101845000.0,10024000.0,35856000.0,0.0,-171197000.0,182131360.4,146489360.4,3.714762347978377,10.16011572226656,0.2500780883960643,0.3847308986064392,-0.17452175421853988,3.714762347978377,-0.24779252763094667,0.0,-2.7593988303739168,2.735033643680923,0.0,0.0,0.0,0.0,10.011272944932163,-0.16106707793221928,-14.56584776071657,0.0,0.23333333333333328,0.8804715197258605,0.0,-0.6727150382070246,0.0,0.037505832944470366,0.044301918166161885,0.8185299625751216,0.0,-0.8898451053501737,Biotechnology,Healthcare,EIGR
2018Q3,2018,Q3,2018-11-09,2018-09-30,-17144000.0,0.0,-16839000.0,-1.2,0.0,0.0,67378000.0,33767000.0,66804000.0,14541000.0,33611000.0,0.0,-154696000.0,172495700.29999998,180989700.29999998,2.3686428084259905,4.59418196822777,0.3772893229243967,0.7528356087304172,-0.2845002365344327,2.3686428084259905,-0.5077146326294903,0.0,-2.5153946030681285,5.108410587259751,0.0,0.0,0.0,0.0,4.465992710267519,-0.2544450710914542,-12.469869175160847,0.0,-0.4634146341463415,0.823048556918205,0.0,-0.9107197359395738,0.0,-0.7290973272818961,-0.7524196066187949,0.700222832918891,0.0,-0.8962790115007936,Biotechnology,Healthcare,EIGR
2018Q2,2018,Q2,2018-08-10,2018-06-30,-9915000.0,0.0,-9609000.0,-0.82,0.0,0.0,75338000.0,49281000.0,74977000.0,8832000.0,26057000.0,0.0,-137552000.0,146953331.0,133904331.0,4.0912866411990345,8.48924365942029,0.2691072234463352,0.41139587264868815,-0.1381496657321544,4.0912866411990345,-0.20119315760637974,0.0,-3.705328567826525,2.981947018120574,0.0,0.0,0.0,0.0,8.321105072463768,-0.13160689160848443,-18.592273658906883,0.0,0.023809523809523832,0.865047945148676,0.0,-0.8396574545984595,0.0,-0.1227494055033405,-0.1296731718786739,0.920612900159439,0.0,-0.8477381971463555,Biotechnology,Healthcare,EIGR
2018Q1,2018,Q1,2018-05-11,2018-03-31,-8831000.0,0.0,-8506000.0,-0.84,0.0,0.0,34221000.0,14731000.0,33864000.0,7502000.0,19490000.0,0.0,-127637000.0,103714097.5,85658097.5,1.3990417262224164,4.513996267661957,0.44390871102539375,1.0312266648564252,-0.2842724416817058,1.3990417262224164,-0.5994840811893286,0.0,-2.9360802145849845,7.040533398954585,0.0,0.0,0.0,0.0,4.431751532924554,-0.2580579176529032,-12.099171430237984,0.0,0.24324324324324334,0.8060122190562659,0.0,0.0,0.0,0.18929587808684475,0.19641001417099668,0.9209747319389886,0.0,-0.962007893136806,Biotechnology,Healthcare,EIGR
2017Q4,2017,Q4,2018-03-09,2017-12-31,-10893000.0,0.0,-10585000.0,-1.11,0.0,0.0,42882000.0,22522000.0,42491000.0,7269000.0,20360000.0,0.0,-118806000.0,136700625.6,119758625.6,2.2983208644511133,5.845508323015546,0.35196585980131523,0.6701447473581387,-0.28140369533430815,2.2983208644511133,-0.48366042092176537,0.0,-3.137350261635913,6.069648592487345,0.0,0.0,0.0,0.0,5.7475581235383135,-0.2540226668532251,-13.153144000769748,0.0,-0.009090909090909097,0.7621570440748591,0.0,1.078132587299497,0.0,-0.18789531079607416,-0.19307935076645627,0.8465004359160117,0.0,-0.9500818376276093,Biotechnology,Healthcare,EIGR
2017Q3,2017,Q3,2017-11-09,2017-09-30,-9170000.0,0.0,-8872000.0,-1.1,0.0,0.0,33281000.0,12555000.0,33125000.0,5733000.0,20726000.0,0.0,-107913000.0,92102274.0,94017274.0,1.49947437779875,5.7779522065236355,0.4504972807307473,1.1941855834328952,-0.32205604762596196,1.49947437779875,-0.7303863002787734,0.0,-2.510967121046892,7.3359039426523305,0.0,0.0,0.0,0.0,5.641374498517355,-0.27553258616027165,-11.431335981134417,0.0,0.17293233082706766,0.6656227981721662,0.0,0.0,0.0,0.17728333034272384,0.19906111763112755,0.8187079234961386,0.0,-0.9746926223319422,Biotechnology,Healthcare,EIGR
2017Q2,2017,Q2,2017-08-11,2017-06-30,-11146000.0,0.0,-11077000.0,-1.33,0.0,0.0,41460000.0,20672000.0,41278000.0,5890000.0,20788000.0,0.0,-98743000.0,66099537.0,69800537.0,2.47064968095011,7.008149405772496,0.35933429811866857,0.7206849845201239,-0.311414113016587,2.47064968095011,-0.5391834365325078,0.0,-1.4825842678987977,3.197539522058824,0.0,0.0,0.0,0.0,6.8436332767402375,-0.2688374336710082,-7.396166163141994,0.0,0.007462686567164185,0.7815992628911902,0.0,-0.903172206354394,0.0,0.008274757540706468,-0.00828326961587475,0.7648700744789649,0.0,-0.9372146480510188,Biotechnology,Healthcare,EIGR
2017Q1,2017,Q1,2017-05-12,2017-03-31,-11239000.0,0.0,-10986000.0,-1.34,0.0,0.0,49767000.0,30870000.0,49553000.0,4097000.0,18897000.0,0.0,-87597000.0,95728171.55,96077171.55,3.6923456729285036,12.094947522577495,0.29738581791146745,0.4794298671849692,-0.24055178454127435,3.6923456729285036,-0.36407515387107225,0.0,-2.1293747564285077,3.101009768383544,0.0,0.0,0.0,0.0,11.965828655113498,-0.22583237888560692,-8.67967826185511,0.0,0.12418300653594767,0.6890722769360554,0.0,0.0,0.0,0.11975250626566417,0.14896583778759007,0.8505935257636631,0.0,-0.9461517983561545,Biotechnology,Healthcare,EIGR
2016Q4,2016,Q4,2017-03-23,2016-12-31,-12768000.0,0.0,-12909000.0,-1.53,0.0,0.0,60736000.0,40721000.0,60517000.0,5288000.0,20015000.0,0.0,-76358000.0,97355077.35000001,84326077.35000001,4.87288041787992,11.444213313161876,0.24247563224446786,0.3616561479334987,-0.23281272543644496,4.87288041787992,-0.31354829203605017,0.0,-1.9062319343280076,2.390783068932492,0.0,0.0,0.0,0.0,11.334341906202724,-0.2102212855637513,-8.736882109844746,0.0,-0.02684563758389264,0.6730891929896864,0.0,1.1656560493962786,0.0,-0.12295514511873351,-0.13876146788990826,0.8015996882523586,0.0,-0.5706803472218108,Biotechnology,Healthcare,EIGR
2016Q3,2016,Q3,2016-11-08,2016-09-30,-11370000.0,0.0,-11336000.0,-1.49,0.0,0.0,57427000.0,52065000.0,57206000.0,5347000.0,5362000.0,0.0,-63590000.0,102071474.57000001,45777474.57000001,6.830021344718583,10.6987095567608,0.0,0.0,-0.2177278401997503,6.830021344718583,-0.21838087006626333,0.0,-2.244315623790677,1.9604623945068664,0.0,0.0,0.0,0.0,10.528146624275294,-0.19799049227715187,-13.91757220752659,0.0,0.20320855614973268,0.5446119350358891,0.0,0.0,0.0,0.13870161351412771,0.14101689777979845,0.7805318476571276,0.0,-0.7425588581673749,Biotechnology,Healthcare,EIGR
2016Q2,2016,Q2,2016-08-10,2016-06-30,-13201000.0,0.0,-13197000.0,-1.87,0.0,0.0,46771000.0,43967000.0,46559000.0,2789000.0,2804000.0,0.0,-52220000.0,140112673.74,94713673.74000001,6.219465496869049,16.693797059878094,0.0,0.0,-0.300156935883731,6.219465496869049,-0.300247913207633,0.0,-2.653448105067798,3.1867690254054177,0.0,0.0,0.0,0.0,16.27787737540337,-0.282247546556627,-8.85108488566014,0.0,0.8205374280230328,0.6938463456168504,0.0,-0.7562515129683562,0.0,-0.35422650800164135,-0.5207421064761466,0.6938463456168504,0.0,-0.7562515129683562,Biotechnology,Healthcare,EIGR
2016Q1,2016,Q1,2016-05-16,2016-03-31,-9748000.0,0.0,-8678000.0,-10.42,0.0,0.0,61873000.0,53747000.0,61672000.0,8111000.0,8126000.0,0.0,-39019000.0,15690850.5,-45506149.5,57.44348848394164,7.603501417827641,0.0,0.0,-0.16146017452136863,57.44348848394164,-0.1813682624146464,0.0,-0.4024120460607304,0.2919390942750293,0.0,0.0,0.0,0.0,7.544938971766737,-0.15754852682106896,-4.216837006181134,0.0,-1.0542505267593765,-1.409728704578361,0.0,0.0,0.0,-1.0539401601348504,-0.824258986756359,-1.409728704578361,0.0,0.0,Biotechnology,Healthcare,EIGR
2015Q4,2015,Q4,2016-03-30,2015-12-31,-4746000.0,0.0,-4757000.0,-5.0724095548549135,0.0,0.0,33886000.0,31553000.0,33876000.0,2309000.0,2333000.0,0.0,-190852000.0,20631082.5,-6745917.5,33.72308021161759,14.671286271113036,0.0,0.0,-0.15076220961556747,33.72308021161759,-0.15041358983297942,0.0,-1.0867616150442478,0.6538548632459671,0.0,0.0,0.0,0.0,14.2932005197055,-0.14005784099628166,-4.734071248279027,0.0,-0.2524529886209102,-0.08530898006733278,0.0,2.146433271958051,0.0,0.2579737335834897,0.058392715756136186,-0.08530898006733278,0.0,2.146433271958051,Biotechnology,Healthcare,EIGR
2015Q3,2015,Q3,2015-11-09,2015-09-30,-6396000.0,0.0,-5052000.0,-4.04998,0.0,0.0,38236000.0,36410000.0,38093000.0,1797000.0,1826000.0,0.0,-186106000.0,25111248.75,-11980751.25,22.836677925067345,21.19810795770729,0.0,0.0,-0.13875308981049161,22.836677925067345,-0.1756660258170832,0.0,-0.9815216053001875,0.6896799986267509,0.0,0.0,0.0,0.0,20.67835281023929,-0.16727691181085888,-2.6555889118020306,0.0,0.608695618567359,-0.2248014572211921,0.0,0.0,0.0,0.6129500756429652,0.6857231726283048,-0.2248014572211921,0.0,0.0,Biotechnology,Healthcare,EIGR
2015Q2,2015,Q2,2015-08-11,2015-06-30,-16525000.0,0.0,-16075000.0,-10.349948,0.0,0.0,59953000.0,42824000.0,59210000.0,16836000.0,17129000.0,0.0,-179710000.0,30121742.7,-9322257.3,26.870078801914737,3.5168686148728914,0.17675512484779743,0.24745469830001868,-0.30091162651391773,26.870078801914737,-0.3858817485522137,0.0,-0.45569958698940993,0.7033846137679806,0.0,0.0,0.0,0.0,3.4586600142551673,-0.2756325788534352,-2.380600861455781,0.0,0.02816906037184971,-0.6999242335638702,0.0,0.053071370471445854,0.0,0.013197181416457662,0.013622139043995828,-0.6999242335638702,0.0,0.053071370471445854,Biotechnology,Healthcare,EIGR
2015Q1,2015,Q1,2015-05-15,2015-03-31,-16746000.0,0.0,-16297000.0,-10.649947,0.0,0.0,73239000.0,58104000.0,72261000.0,6134000.0,15135000.0,0.0,-163185000.0,448270310.1,408633310.1,36.82453650860247,11.780404303880013,0.1417414219200153,0.1786623984579375,-0.23796451777761554,36.82453650860247,-0.2882073523337464,0.0,-6.692199780544608,7.71496472015696,0.0,0.0,0.0,0.0,11.533420280404304,-0.22864867079015277,-30.16826906925096,0.0,-0.47062985664118334,-1.4547563798703724,0.0,0.0,0.0,-0.47658936601710605,-0.48722394597554297,-1.4547563798703724,0.0,0.0,Biotechnology,Healthcare,EIGR
2014Q4,2014,Q4,2015-03-31,2014-12-31,-11341000.0,0.0,-10958000.0,-7.241759,0.0,0.0,89110000.0,72104000.0,88083000.0,6606000.0,17006000.0,0.0,-146439000.0,458776105.2,454444105.2,46.041776283862134,13.333787465940054,0.1133767253955785,0.14011705314545655,-0.13329765105161362,46.041776283862134,-0.157286696993232,0.0,-10.11321984833789,6.362699783645845,0.0,0.0,0.0,0.0,12.85921889191644,-0.1272696667040736,-45.53608984615384,0.0,-0.2069658681626741,-0.5494699111653732,0.0,2.565213613366333,0.0,-0.356903565446279,-0.3476817119665478,-0.5494699111653732,0.0,2.565213613366333,Biotechnology,Healthcare,EIGR
2014Q3,2014,Q3,2014-11-12,2014-09-30,-8358000.0,0.0,-8131000.0,-5.99997,0.0,0.0,96909000.0,81975000.0,96013000.0,4912000.0,14934000.0,0.0,-135098000.0,217076327.70000002,212620327.70000002,59.25048408675471,19.54662052117264,0.10227120288105336,0.12090271424214699,-0.08849008554077879,59.25048408675471,-0.10195791399817017,0.0,-6.493070342785356,2.6480796303751144,0.0,0.0,0.0,0.0,19.365228013029316,-0.08624585951769186,-32.870431208358575,0.0,-0.0526314866108115,-0.8444115610353874,0.0,0.0,0.0,-0.19536613272311212,-0.16074232690935047,-0.8444115610353874,0.0,0.0,Biotechnology,Healthcare,EIGR
2014Q2,2014,Q2,2014-08-07,2014-06-30,-6992000.0,0.0,-7005000.0,-5.699972,0.0,0.0,52278000.0,48564000.0,51762000.0,3668000.0,3714000.0,0.0,-126740000.0,296561919.6,283190919.6,39.350733957145586,14.111777535441657,0.0,0.0,-0.1442426488757104,39.350733957145586,-0.14397496087636932,0.0,-10.603615546338673,6.106620533728688,0.0,0.0,0.0,0.0,13.95092693565976,-0.133746509047783,-45.20760969512195,0.0,0.3666666111108334,0.07114869949094867,0.0,0.5422035656388046,0.0,0.023736386484222285,-0.01169844020797227,0.07114869949094867,0.0,0.5422035656388046,Biotechnology,Healthcare,EIGR
2014Q1,2014,Q1,2014-05-13,2014-03-31,-7162000.0,0.0,-6924000.0,-8.999955,0.0,0.0,58578000.0,54581000.0,58214000.0,3962000.0,3997000.0,0.0,-119748000.0,142323906.0,88446906.0,68.56952619049115,14.693084300858153,0.0,0.0,-0.12685733130576574,68.56952619049115,-0.1312178230519778,0.0,-4.968022409941358,2.6075723420237815,0.0,0.0,0.0,0.0,14.545431600201919,-0.1222643313189252,-21.05694718153573,0.0,-0.1686716125117333,-1.0810860081746336,0.0,0.0,0.0,-0.15908723094351837,-0.1584406893090179,-1.0810860081746336,0.0,0.0,Biotechnology,Healthcare,EIGR
2013Q4,2013,Q4,2013-12-31,2013-12-31,-6179000.0,0.0,-5977000.0,-7.701012759826612,0.0,0.0,21154000.0,9107000.0,18550000.0,6560000.0,12047000.0,0.0,-112586000.0,98449817.4,91590817.4,11.350238421061816,2.8277439024390243,0.049352368346412025,0.1146370923465466,-0.5888089843365185,11.350238421061816,-0.678489074338421,0.0,-3.983242328855802,10.810345602283958,0.0,0.0,0.0,0.0,2.8003048780487805,-0.2920960574832183,-20.116431834899878,0.0,-0.1331377666976956,-0.6477333333333333,0.0,1.3858571307516314,0.0,-0.13313772235466714,-0.08220170197356509,-0.6477333333333333,0.0,1.3858571307516314,Biotechnology,Healthcare,EIGR
2013Q3,2013,Q3,2013-09-30,2013-09-30,-5453000.0,0.0,-5523000.0,-6.796184,0.0,0.0,24588000.0,21287000.0,23396000.0,3261000.0,3301000.0,0.0,-106407000.0,98449817.4,88494817.4,26.530418938085305,7.174486353879178,0.0,0.0,-0.25945412693193026,26.530418938085305,-0.2561657349556067,0.0,-4.513562140106363,4.624879851552591,0.0,0.0,0.0,0.0,7.11836859858939,-0.2217748495200911,-24.411063079593355,0.0,0.3130511690246622,-1.0749619482496195,0.0,0.0,0.0,-0.11422149570903146,-0.1063701923076923,-1.0749619482496195,0.0,0.0,Biotechnology,Healthcare,EIGR
2013Q2,2013,Q2,2013-06-30,2013-06-30,-4894000.0,0.0,-4992000.0,-9.89329,0.0,0.0,28386000.0,20473000.0,28281000.0,2421000.0,7913000.0,0.0,-100954000.0,98449817.4,90130817.4,25.515914263138086,11.681536555142504,0.0,0.0,-0.24383334147413666,25.515914263138086,-0.2390465491134665,0.0,-5.029107958724969,4.808763610609095,0.0,0.0,0.0,0.0,11.555968608013218,-0.1724089339815402,-25.275947984595636,0.0,-1.2487254262406495,0.0,0.0,0.0,0.0,-0.4107812049582012,-0.4377880184331797,0.0,0.0,0.0,Biotechnology,Healthcare,EIGR
2013Q1,2013,Q1,2013-03-31,2013-03-31,-3469000.0,0.0,-3472000.0,-4.39951,0.0,0.0,,,,,,,,98449817.4,,,0.0,0.0,0.0,0.0,,0.0,0.0,-7.094970985874893,0.0,0.0,0.0,0.0,0.0,0.0,0.0,-28.445483212944236,0.0,0.058666761967999984,0.0,0.0,0.0,0.0,0.07493333333333334,0.12212389380530973,0.0,0.0,0.0,Biotechnology,Healthcare,EIGR
2012Q4,2012,Q4,2012-12-31,2012-12-31,-3750000.0,0.0,-3955000.0,-4.673700898098365,0.0,0.0,35929000.0,-23602000.0,32937000.0,1778000.0,59531000.0,0.0,-92591000.0,98449817.4,84608817.4,-29.41565029251136,18.524746906636672,0.0,0.0,0.16757054486907888,-29.41565029251136,0.1588848402677739,0.0,-6.56332116,-4.1712489365308025,0.0,0.0,0.0,0.0,18.362767154105736,-0.10437251245511982,-32.21525438481675,0.0,-0.4269406392694065,0.0,0.0,0.0,0.0,-0.4269406392694064,-0.44343065693430656,0.0,0.0,0.0,Biotechnology,Healthcare,EIGR
2012Q3,2012,Q3,2012-09-30,2012-09-30,-2628000.0,0.0,-2740000.0,-3.2753295893873338,0.0,0.0,,,,,,,,98449817.4,,,0.0,0.0,0.0,0.0,,0.0,0.0,-9.365469691780822,0.0,0.0,0.0,0.0,0.0,0.0,0.0,-36.314945555145705,0.0,0.0,0.0,0.0,0.0,0.0,0.0,0.0,0.0,0.0,0.0,Biotechnology,Healthcare,EIGR
