Quarters,Year,Quarter,FillingDate,Date,NetIncome,Revenue,OperatingIncome,EPSDiluted,GrossProfit,GrossProfitRatio,TotalAssets,CommonStockEquity,CurrentAssets,CurrentLiability,TotalLiability,Inventory,RetainedEarnings,MarketCap,EnterpriseValue,bookValuePerShare,currentRatio,debtToAssets,debtToEquity,roic,shareholdersEquityPerShare,roe,priceToSalesRatio,peRatio,pbRatio,payoutRatio,inventoryTurnover,dividendYield,assetTurnover,quickRatio,returnOnAssets,priceToFreeCashFlowsRatio,grossProfitMargin,epsdilutedGrowth,fiveYNetIncomeGrowthPerShare,fiveYRevenueGrowthPerShare,fiveYShareholdersEquityGrowthPerShare,grossProfitGrowth,netIncomeGrowth,operatingIncomeGrowth,threeYNetIncomeGrowthPerShare,threeYRevenueGrowthPerShare,threeYShareholdersEquityGrowthPerShare,Industry,Sector,Symbol
2023Q1,2023,Q1,2023-05-10,2023-03-31,-1066000.0,212967000.0,-1607000.0,-0.0362,4527000.0,0.0212568144,62598000.0,18570000.0,46698000.0,40278000.0,44028000.0,35145000.0,-80421000.0,31504431.580000002,28370431.580000002,0.6307017458653035,1.1593922240429018,0.05195054155084827,0.17512116316639742,-0.06679385242742418,0.6307017458653035,-0.057404415724286485,0.14793104837838728,-7.388468944652908,1.696522971459343,0.0,5.930857874519846,0.0,3.402137448480782,0.28213913302547294,-0.017029298060640914,-9.290602058389856,0.021256814436039388,0.5700712589073633,0.9175028434484157,24.743110970514365,2.8773264426616514,0.007955209115637867,0.5566924264685396,0.22849285815790787,0.9569429796675626,31.921693136511703,-0.1561134407927867,Restaurants,Consumer Cyclical,GRIL
2022Q4,2022,Q4,2023-03-21,2022-12-31,-2404651.0,153025016.0,-2082936.0,-0.0842,4491271.0,0.0293499136,27229526.0,16561012.0,10647951.0,6615063.0,10668514.0,297178.0,-79355064.0,25988313.26,19650366.26,0.57989607748787,1.6096522436747769,0.13075780312885357,0.21499126985718023,-0.09208367075876361,0.57989607748787,-0.14519952041578135,0.16983048876139312,-2.701879946403865,1.569246689755433,0.0,499.8140676631514,0.0,5.619819309377622,1.5512438808216944,-0.08831042450022818,8.139427597300504,0.02934991361151042,-0.27575757575757565,0.8073954637700634,22.095415897440787,2.343235590105507,25.17300064048397,-0.2672371906148652,-0.06179608606776741,0.9950702107336441,4.649493823184393,2.1788315345401585,Restaurants,Consumer Cyclical,GRIL
2022Q3,2022,Q3,2022-11-10,2022-09-30,-1897554.0,2823559.0,-1961710.0,-0.066,-185797.0,-0.0658024146,25383542.0,18933422.0,12755142.0,2364031.0,6450120.0,336761.0,-76950413.0,10814798.136,2747975.136,0.65826163211522,5.395505388888725,0.14207725620010006,0.1904792488119686,-0.07822033862925157,0.65826163211522,-0.10022245318358192,3.830200869186725,-1.4248340410865779,0.5712014519086935,0.0,8.936177288937852,0.0,0.11123581571082554,5.159661188876119,-0.074755288288766,-6.008144415932463,-0.06580241461219688,-0.06623586429725374,0.9016031426785178,-0.697630663763148,38.26945534036609,-0.5240630306212011,-0.06956030626600772,-0.1284442194636509,0.7962406714924306,-0.3604157149231224,1.7362648925539024,Restaurants,Consumer Cyclical,GRIL
2022Q2,2022,Q2,2022-08-11,2022-06-30,-1774144.0,2929384.0,-1738420.0,-0.0619,-121909.0,-0.0416159165,27672627.0,20799331.0,14627642.0,2696913.0,6873296.0,213549.0,-75052859.0,11037224.66,1360711.6600000001,0.7255213771285145,5.423846449625924,0.13692321296420468,0.18217052269613865,-0.06413494713403586,0.7255213771285145,-0.08529812809844702,3.767763004099155,-1.5552887279724759,0.5306528685946678,0.0,14.28849116596191,0.0,0.10585854389610354,5.211683877084652,-0.0641118748863272,-9.023178936043584,-0.041615916520333286,0.014331210191082772,0.6629479183416337,-0.6149837067205255,0.0,0.3601182040542101,-0.016816807867024452,0.12782197819178664,0.7089684801048405,-0.46416671499431517,2.152028907950571,Restaurants,Consumer Cyclical,GRIL
2022Q1,2022,Q1,2022-05-12,2022-03-31,-1744802.0,2920458.0,-1993194.0,-0.0628,-190518.0,-0.0652356582,29894058.0,22564764.0,16478422.0,3037877.0,7329294.0,260097.0,-73270926.0,14665346.11,3885978.1099999994,0.8116353286666481,5.424321656209254,0.13353329280353976,0.1769064369563094,-0.0627853950486509,0.8116353286666481,-0.0773241856196679,5.021591171658692,-2.101290878563871,0.6499224237399513,0.0,11.960829998039193,0.0,0.09769359516195493,5.21916555541913,-0.058366180998243866,-15.198809110986515,-0.0652356582426455,0.6694736842105263,0.8815326123307431,-0.6122842945862762,0.0,-1.1069481072815517,0.40266308977024057,0.31227956616758595,0.6930976426187373,-0.3565755251376051,2.417226115020138,Restaurants,Consumer Cyclical,GRIL
2021Q4,2021,Q4,2022-03-17,2021-12-31,-2920968.0,2980464.0,-2898262.0,-0.19,1781406.0,0.5976941845,29431883.0,24393267.0,17969983.0,2928649.0,5038616.0,258785.0,-71369837.0,11076473.7855,-3337692.2145000007,1.5858468955792393,6.135929228801403,0.04595482388945349,0.055447144492781555,-0.1130114523451568,1.5858468955792393,-0.11974484598557462,3.7163588573792534,-0.9480139619383026,0.4540791434579058,0.0,4.633413837741755,0.0,0.10126650748101981,6.018686773321077,-0.09924502621867586,-7.240599608896221,0.5976941845296572,-8.5,-0.0024886780673772815,0.3563466312819763,1.7670172711432486,16.4633252894915,-5.751653838152694,-0.7712300746990617,-1.726491829268417,0.002594595168642883,5.0464027256853266,Restaurants,Consumer Cyclical,GRIL
2021Q3,2021,Q3,2021-11-15,2021-09-30,-432630.0,3350105.0,-1636299.0,-0.02,-115202.0,-0.034387578896780846,18362928.0,13165362.0,5217648.0,3087633.0,5197566.0,178344.0,-68460222.0,20183067.299999997,18101984.299999997,0.7436190177099593,1.689853684035635,0.08363383007328679,0.11665171075432638,-0.11130434652479633,0.7436190177099593,-0.0328612308571538,6.024607377977704,-11.66300724637681,1.5330430944473838,0.0,19.430465841295472,0.0,0.1824384978256191,1.6094302658379411,-0.02355996821421943,-15.217515805188096,-0.034387578896780846,0.7142857142857143,0.7875646264757353,-0.3127095580116419,0.0,-1.4391183756431158,0.6144808283008124,0.29687959243656314,0.8451055023938745,0.313128553137546,2.418745224969719,Restaurants,Consumer Cyclical,GRIL
2021Q2,2021,Q2,2021-08-16,2021-06-30,-1122201.0,2739155.0,-2327196.0,-0.07,-47231.0,-0.017242908853277745,18963802.0,13546290.0,5519453.0,3093817.0,5417512.0,169103.0,-68027592.0,21534597.0,18127208.0,0.8806668636520107,1.784026980264185,0.08248514722944271,0.11547309263274298,-0.15401162183543363,0.8806668636520107,-0.08284194417807385,7.861766493681445,-4.79740193601681,1.5897044135331517,0.0,16.477448655553125,0.0,0.1444412359926559,1.6997162404886907,-0.05917595005474113,-10.106993456966212,-0.017242908853277745,0.7741935483870968,0.6026536405751016,-0.3290195729560541,0.0,0.9163125870433436,0.6976571820230386,0.37105156618482876,0.7765827559580352,-0.15947659263293648,2.9785875044809944,Restaurants,Consumer Cyclical,GRIL
2021Q1,2021,Q1,2021-05-21,2021-03-31,-3711684.0,1328338.0,-3700138.0,-0.31,-564374.0,-0.4248722840120511,9336841.0,4079289.0,2315977.0,3919668.0,5257552.0,122032.0,-66905391.0,26944107.479999997,26375114.479999997,0.3451878644302379,0.5908605014506331,0.15429811860349768,0.3531637498593505,-0.6703214125645433,0.3451878644302379,-0.9098850314356252,20.28407489660011,-1.8148169052106806,6.605098947390097,0.0,15.509964599449324,0.0,0.1422684610351617,0.5508165487485165,-0.3975310278926245,-16.153648183531185,-0.4248722840120511,0.03125000000000003,0.4071230663028381,-0.5851301032510475,0.0,-0.006477132085700732,-0.5191044051639213,-0.4978084236842446,0.2843318574962481,-0.5999482009985433,2.0274750463734854,Restaurants,Consumer Cyclical,GRIL
2020Q4,2020,Q4,2021-04-15,2020-12-31,-2443337.0,1072757.0,-2470368.0,-0.32,-560742.0,-0.5227111079209924,10503619.0,5795128.0,4493358.0,3109790.0,4708491.0,113824.0,-63193707.0,13358357.25,10621575.25,0.7591857149950081,1.444907212384116,0.1389187859917615,0.25178908904169156,-0.3405394720191313,0.7591857149950081,-0.42161916009447936,12.452360832882004,-1.3668148570991232,2.3051013282191524,0.0,14.351094672476806,0.0,0.10213213179190905,1.3951524057894584,-0.2326185860321095,-5.267474412541286,-0.5227111079209924,-2.555555555555556,-0.6897784097702356,-0.0162564960200801,0.32464236696010834,-4.652812081010515,-2.6903954204929916,-2.3537806546907922,0.2678171959664566,-0.3942597863338674,2.7585310738755977,Restaurants,Consumer Cyclical,GRIL
2020Q3,2020,Q3,2020-11-16,2020-09-30,-662080.0,1152545.0,-736592.0,-0.09,-99197.0,-0.08606778911018659,12117088.0,7050252.0,6453677.0,3394253.0,5066836.0,86056.0,-60750370.0,10839352.74,6077859.74,0.9236121454979055,1.9013541418391617,0.10747780324777702,0.1847193547124273,-0.08818746804875625,0.9236121454979055,-0.09390870000107797,9.404711087202669,-4.092916543318028,1.5374418871836069,0.0,14.5456679371572,0.0,0.09511732521873242,1.8650339264633484,-0.05464019077851048,-5.354384999318313,-0.08606778911018659,0.5714285714285714,0.2459711133020798,-0.4515878245639503,0.0,-0.19745292129406083,0.5590322526932747,0.4715740177454345,0.8706360939111509,-0.5349342702498361,53.2930700029448,Restaurants,Consumer Cyclical,GRIL
2020Q2,2020,Q2,2020-08-19,2020-06-30,-1501425.0,834686.0,-1393936.0,-0.21,-82840.0,-0.0992469024279789,8919829.0,3826174.0,3451617.0,3236974.0,5093655.0,56460.0,-60088290.0,19221702.09,17375829.09,0.5394387807828105,1.066309769556382,0.14746045019472906,0.34376952015250745,-0.27111486617902647,0.5394387807828105,-0.3924089704231956,23.028662383219558,-3.200576467356012,5.023739665263524,0.0,16.250903294367696,0.0,0.09357645757558805,1.04144055528404,-0.16832441518777994,-13.67017547764925,-0.0992469024279789,0.75,-0.1528913794033106,-0.556593010593345,0.0,0.28520273010449293,0.7266290780321336,0.7397699602710922,-0.1528913794033106,-0.556593010593345,0.0,Restaurants,Consumer Cyclical,GRIL
2020Q1,2020,Q1,2020-06-29,2020-03-31,-5492263.0,1435054.0,-5356553.0,-0.84,-115893.0,-0.0807586334730261,9467477.0,4881642.0,4011618.0,3137145.0,4585835.0,57529.0,-58586865.0,10842615.36,7591267.359999999,0.7473774039698112,1.2787480336420536,0.048166581233838754,0.0934144699672774,-1.0035399420494906,0.7473774039698112,-1.125085166015861,7.555545198995995,-0.4935404295096575,2.221100064281649,0.0,26.959394392393403,0.0,0.1515772364696529,1.2395353099713273,-0.5801189693938522,-4.169574356073439,-0.0807586334730261,0.950819585748687,-0.587259286221345,-0.18908644169813166,0.0,0.27867128079369624,0.7613110834228229,-5.062089258330834,-0.587259286221345,-0.18908644169813166,0.0,Restaurants,Consumer Cyclical,GRIL
2019Q4,2019,Q4,2020-05-29,2019-12-31,-23010130.0,1277757.0,-883615.0,-17.07997,-160666.0,-0.12574065334801532,6260710.0,245762.0,780529.0,4488070.0,6014948.0,78422.0,-53094602.0,5200192.0,6097685.0,0.18242428741092637,0.17391194878867755,0.2198388042250799,5.6003247043887985,-0.5447321974047367,0.18242428741092637,-93.62769671470772,4.069781656449544,-0.05649894198772454,21.159463220514155,0.0,18.342085129172936,0.0,0.20409138899581677,0.14572923327844708,-3.675322766906629,-3.4546205837296036,-0.12574065334801532,-51.71595679012345,-89.16715950599094,5.639138373615417,-0.6817024674013927,-1.907389418515339,-8.796426219192627,0.3670796766975242,-89.16715950599094,5.639138373615417,-0.6817024674013927,Restaurants,Consumer Cyclical,GRIL
2019Q3,2019,Q3,2019-11-20,2019-09-30,-2348829.0,1113458.0,-1396092.0,-0.324,177064.0,0.15902171433498166,6985106.0,-6485893.0,2287589.0,7771711.0,13470999.0,78701.0,-29777110.0,28002231.04,34989793.04,-0.8940554395197219,0.29434818150083036,1.284285163317493,-1.3831353677897553,-0.5618132979205022,-0.8940554395197219,0.3621442721919711,25.148888453807867,-2.980445898786161,-4.317405643293838,0.0,11.898120735441735,0.0,0.15940459600756238,0.277959898405898,-0.3362624704621519,-15.20491939862819,0.15902171433498166,-0.5236877004542847,-1.8147419811761658,-0.4425156086497204,0.0,-0.6402293572389355,-0.5226370181368412,-1.4881251537153672,-1.8147419811761658,-0.4425156086497204,0.0,Restaurants,Consumer Cyclical,GRIL
2019Q2,2019,Q2,2019-09-06,2019-06-30,-1542606.0,1383416.0,-561102.0,-0.212642,492158.0,0.3557556078576509,7773778.0,-4568695.0,3768699.0,6348454.0,12342473.0,62554.0,-27428281.0,28002231.04,32609918.04,-0.629777058649681,0.5936404359234547,1.0316543641971767,-1.755392294736243,-0.16258373641071674,-0.629777058649681,0.33764696483350276,20.24136705083648,-4.538137256045937,-6.129153082007007,0.0,14.247817885347061,0.0,0.1779592882636988,0.5806664110663793,-0.19843710484142973,-17.97180643339409,0.3557556078576509,-0.03985485984781796,-0.15812913247261043,-0.2814625293846952,0.0,0.35490389327225375,-0.03985698483092784,0.31000398427931275,-0.15812913247261043,-0.2814625293846952,0.0,Restaurants,Consumer Cyclical,GRIL
2019Q1,2019,Q1,2019-08-29,2019-03-31,-1483479.0,1184374.0,-813196.0,-0.204492,363242.0,0.30669535129950504,5074455.0,-4154580.0,1176056.0,6415798.0,9229035.0,47571.0,-25885675.0,28002231.04,31202702.04,-0.5726928964014433,0.18330626992932134,0.7968303985354093,-0.9732584280480818,7.31949594959496,-0.5726928964014433,0.35707075083401935,23.643064640054575,-4.719013723820829,-6.7400870942429805,0.0,17.261188539236088,0.0,0.23339925174230533,0.17156961612569474,-0.2923425274241273,-36.806829541436585,0.30669535129950504,-1.9360431699959428,0.6139899716635746,-0.3974184685830577,0.0,-0.6233215012718688,-1.9360414831820925,-34.951898846102836,0.6139899716635746,-0.3974184685830577,0.0,Restaurants,Consumer Cyclical,GRIL
2018Q4,2018,Q4,2019-08-21,2018-12-31,-505265.0,1402023.0,-22619.0,-0.06964883966616968,964329.0,0.6878125394519206,4487090.0,-2843135.0,637894.0,4556337.0,7330225.0,45067.0,-23833656.0,28002231.04,30512242.04,-0.3919152400508156,0.14000149681641197,0.6391342718777648,-1.0086939241365604,-0.9150821263856299,-0.3919152400508156,0.17771403749734008,19.97273300081382,-13.855220052843558,-9.849068384019752,0.0,9.712073135553732,0.0,0.31245707128673594,0.12650842112863908,-0.11260415993438955,-24.397500361577,0.6878125394519206,0.5585167457979496,0.6323155392193606,0.3528365680585282,-1.683821522158205,7.535773401194954,0.5585153975471573,0.9733388496772704,0.6323155392193606,0.3528365680585282,-1.683821522158205,Restaurants,Consumer Cyclical,GRIL
2018Q3,2018,Q3,2019-07-26,2018-09-30,-1144468.0,1045380.0,-848388.0,-0.157761,112975.0,0.10807074939256538,4776906.0,-3802344.0,1017079.0,5426265.0,8579250.0,40982.0,-23328391.0,28002231.04,30448755.04,-0.5241385166429939,0.18743629365687078,0.6726791358255741,-0.8450905546683835,1.440340634173091,-0.5241385166429939,0.300990126090643,26.78665273871702,-6.116866316926292,-7.364465456045007,0.0,22.751573861695377,0.0,0.21884039585455523,0.17541587076930448,-0.23958352959007356,-58.959512864782916,0.10807074939256538,0.5168811840255766,-0.3714843122733602,-0.476600794075973,0.0,-0.6536241081913031,0.5168821585861242,0.2718862052925456,-0.3714843122733602,-0.476600794075973,0.0,Restaurants,Consumer Cyclical,GRIL
2018Q2,2018,Q2,2019-07-12,2018-06-30,-2368921.0,1536963.0,-1165186.0,-0.326547,326163.0,0.21221265573732093,4306559.0,-3228953.0,529444.0,5307397.0,7535512.0,50839.0,-22183834.0,28002231.04,30004496.04,-0.44509876953004385,0.09975586902581435,0.5308572342791542,-0.7080214546325078,1.2358978982482751,-0.44509876953004385,0.7336498858918046,18.219196584433067,-2.955167251250675,-8.67223246668502,0.0,23.816361454788648,0.0,0.3568888757822661,0.08702194314840213,-0.5500728075477429,-39.02075605052228,0.21221265573732093,0.2559266652083561,-0.7784945881360171,-0.2017111942833459,0.0,4.006775692319039,0.2559281169296604,0.24809876791772092,-0.7784945881360171,-0.2017111942833459,0.0,Restaurants,Consumer Cyclical,GRIL
2018Q1,2018,Q1,2019-06-04,2018-03-31,-3183726.0,2038303.0,-1549653.0,-0.438864,-108476.0,-0.053218780524779685,4227920.0,-2437191.0,376513.0,5486154.0,6742296.0,67073.0,-20235812.0,28002231.04,29264958.04,-0.3359574187700153,0.06862968119378347,0.31346241177694945,-0.5437792934570987,1.3937019346216422,-0.3359574187700153,1.3063095998631211,13.738011983498037,-2.198856861425889,-11.489551307222126,0.0,32.006604744084804,0.0,0.48210538515392914,0.054789748884191004,-0.7530241821037295,-43.81729493575018,-0.053218780524779685,-0.003878413222077272,0.17157562494958514,0.03704044772322563,0.0,-2.0807504159568,-0.003879331139365515,0.5588126270477102,0.17157562494958514,0.03704044772322563,0.0,Restaurants,Consumer Cyclical,GRIL
2017Q4,2017,Q4,2019-02-27,2017-12-31,-3171423.0,1683082.0,-3512460.0,-0.4371684799869432,100371.0,0.05963524058839676,4247649.0,-3131867.0,376844.0,4683791.0,7449444.0,92768.0,-17052086.0,28002231.04,30827888.04,-0.4317158373106545,0.08045704857454143,0.6837523533606472,-0.9273510018145726,13.94368652121376,-0.4317158373106545,1.012630165968095,16.637472826635896,-2.207386955319426,-8.941066475683673,0.0,17.060958520179373,0.0,0.3962384839236952,0.05567904289495411,-0.7466301947265417,-19.639345865510656,0.05963524058839676,0.34797199002655854,-1.3078641023271314,0.6240353237008833,-1.7532663975284501,-0.6140823733870595,0.34797162132545384,0.31983785911759743,-1.3078641023271314,0.6240353237008833,-1.7532663975284501,Restaurants,Consumer Cyclical,GRIL
2017Q3,2017,Q3,2019-02-27,2017-09-30,-4863934.0,2355233.0,-5164151.0,-0.670475,260084.0,0.11042814023071178,6025986.0,-128130.0,839975.0,4188307.0,6203355.0,90078.0,-13880663.0,28002231.04,29408830.04,-0.017662228387927765,0.20055239503694453,0.2572193164736858,-12.097088894091938,-3.6535427232957365,-0.017662228387927765,37.960930305158826,11.889367650674052,-1.439278937584268,-218.54546975727774,0.0,23.259275294744555,0.0,0.39084607896533446,0.1700021034752228,-0.8071598573245938,-22.63285725139383,0.11042814023071178,-2.6516655047710342,-4.828742417379091,0.17921433542450013,0.0,3.8433676604778486,-2.6516541902624735,-1.9685221687053103,-4.828742417379091,0.17921433542450013,0.0,Restaurants,Consumer Cyclical,GRIL
2017Q2,2017,Q2,2017-06-30,2017-06-30,-1331981.0,1925322.0,-1739637.0,-0.183608,53699.0,0.02789091902549288,,,,,,,,28002231.04,,,0.0,0.0,0.0,0.0,,0.0,14.544180682504017,-5.2557489633861145,0.0,0.0,0.0,0.0,0.0,0.0,0.0,-25.977878852537188,0.02789091902549288,0.6534115577301334,0.0,0.0,0.0,-0.8631339095239673,0.6534106491877671,-0.148445050621346,0.0,0.0,0.0,Restaurants,Consumer Cyclical,GRIL
2017Q1,2017,Q1,2017-03-31,2017-03-31,-3843110.0,1965500.0,-1514776.0,-0.529758,392347.0,0.19961689137624014,,,,,,,,28002231.04,,,0.0,0.0,0.0,0.0,,0.0,14.246874098193844,-1.8215866212520586,0.0,0.0,0.0,0.0,0.0,0.0,0.0,-30.9470604734744,0.19961689137624014,-1.7966551274628302,0.0,0.0,0.0,2.8696010597743213,-1.7966548802523103,0.1667843792148243,0.0,0.0,0.0,Restaurants,Consumer Cyclical,GRIL
2016Q4,2016,Q4,2016-12-31,2016-12-31,-1374181.0,1036358.0,-1817988.0,-0.18942557299891488,-209856.0,-0.2024937328606524,8254024.0,4157715.0,703694.0,2427546.0,3936592.0,64120.0,-3841638.0,28002231.04,28671243.04,0.5731250441107709,0.2898787499804329,0.12172680864509239,0.24165581334939984,-0.35820185523197423,0.5731250441107709,-0.3305135152361333,27.01984356757028,-5.094349114126887,6.735004934200637,0.0,19.43565190268247,0.0,0.12555790969350222,0.24273813966862007,-0.16648618903943094,-21.296610032337846,-0.2024937328606524,-0.6467636248156106,0.0,0.0,0.0,-1.400971398764543,-0.6467631106541366,-0.6928917631612029,0.0,0.0,0.0,Restaurants,Consumer Cyclical,GRIL
2016Q3,2016,Q3,2016-09-30,2016-09-30,-834474.0,1997290.0,-1073895.0,-0.115029,523369.0,0.2620395636086898,,,,,,,,28002231.04,,,0.0,0.0,0.0,0.0,,0.0,14.020112772807153,-8.389186193937737,0.0,,0.0,,0.0,0.0,0.0,0.0,0.2620395636086898,0.0,0.0,0.0,0.0,0.0,0.0,0.0,0.0,0.0,0.0,Restaurants,Consumer Cyclical,GRIL
