Quarters,Year,Quarter,FillingDate,Date,NetIncome,Revenue,OperatingIncome,EPSDiluted,GrossProfit,GrossProfitRatio,TotalAssets,CommonStockEquity,CurrentAssets,CurrentLiability,TotalLiability,Inventory,RetainedEarnings,MarketCap,EnterpriseValue,bookValuePerShare,currentRatio,debtToAssets,debtToEquity,roic,shareholdersEquityPerShare,roe,priceToSalesRatio,peRatio,pbRatio,payoutRatio,inventoryTurnover,dividendYield,assetTurnover,quickRatio,returnOnAssets,priceToFreeCashFlowsRatio,grossProfitMargin,epsdilutedGrowth,fiveYNetIncomeGrowthPerShare,fiveYRevenueGrowthPerShare,fiveYShareholdersEquityGrowthPerShare,grossProfitGrowth,netIncomeGrowth,operatingIncomeGrowth,threeYNetIncomeGrowthPerShare,threeYRevenueGrowthPerShare,threeYShareholdersEquityGrowthPerShare,Industry,Sector,Symbol
2023Q1,2023,Q1,2023-05-01,2023-03-31,-1367000.0,142367000.0,20713000.0,-0.0111,84576000.0,0.594070255,4237460000.0,1818512000.0,357376000.0,165520000.0,2417363000.0,0.0,-1883225000.0,902593556.9,2929955556.9,14.707769071157658,2.159110681488642,0.5186963416763816,1.2086557581143265,0.0051683622575793365,14.707769071157658,-0.0007517134888304284,6.3399071196274415,-165.0683169166057,0.496336321618994,-37.54864667154352,0.0,0.05686834301841447,0.03359724929556857,2.1338388110198165,-0.00032259891538799186,214.18926362126246,0.5940702550450596,-1.0181967213114753,-1.0259771074459292,0.20441360017687524,0.11783714502155322,-0.03280919435073475,-1.018089428204687,-0.024582057923239933,-1.1597812375099859,0.05650750211116243,0.0388079067013013,REIT—Office,Real Estate,PDM
2022Q4,2022,Q4,2023-02-23,2022-12-31,75569000.0,147208000.0,21235000.0,0.61,87445000.0,0.5940234226,4085525000.0,1847667000.0,213533000.0,195640000.0,2236270000.0,3064000.0,-1855893000.0,1131940746.86,3099085746.8599997,14.968191963227866,1.0914588018810059,0.4855388230398786,1.0736139141955774,0.005542362375396223,14.968191963227866,0.04089968592825439,7.689396954377479,3.744725836189443,0.6126324423502719,0.0076089401738808245,19.504895561357703,0.000507977119469414,0.036031599366054545,0.98812615007156,0.018496766021502745,44.601471565467506,0.5940234226400739,86.14285714285714,3.7770238272268988,0.21748037045061183,0.07365917889582387,0.028026945368617814,86.36300578034682,-0.07838201466950219,-0.5260657336516985,0.1181498830637265,0.03604472077174479,REIT—Office,Real Estate,PDM
2022Q3,2022,Q3,2022-11-02,2022-09-30,865000.0,144100000.0,23041000.0,0.007,85061000.0,0.5902914643,4185493000.0,1795730000.0,217687000.0,182060000.0,2388162000.0,0.0,-1905544000.0,1303055223.3600001,3437810223.36,14.552651691233077,1.1956882346479183,0.5125819109003408,1.1947274924404003,0.0014951471799617365,14.552651691233077,0.000481698250850629,9.04271494351145,376.6055558843931,0.7256409501205638,29.965317919075144,0.0,0.019891712596158316,0.03442844128517238,1.0522410194441394,0.00020666621590335952,36.376852219647695,0.5902914642609299,-0.8559670781893004,-0.9919183560786526,0.23423798695007675,-0.025756866239418953,0.028859993952222558,-0.8560492594441671,-0.02768282905009073,-0.8953051486697887,0.08468196321723831,0.09019501320114294,REIT—Office,Real Estate,PDM
2022Q2,2022,Q2,2022-07-27,2022-06-30,6009000.0,136309000.0,23697000.0,0.0486,82675000.0,0.6065263482,3695554000.0,1814055000.0,208772000.0,261146000.0,1879891000.0,1459000.0,-1882962000.0,1618568243.84,3286949243.84,14.704601854497238,0.7994455208963568,0.4531872623157448,0.9232233862810113,0.00507627455528808,14.704601854497238,0.003312468475321862,11.874258074228408,67.33933449159593,0.8922376906102626,4.314361790647363,36.76079506511309,0.016017242460221383,0.036884591593033145,0.6906404846331171,0.0016260079003039868,63.79348273056913,0.6065263482235216,-0.9447727272727273,-0.7012724462245392,0.08063625227138284,0.02876586586487695,0.001793352478582767,-0.9446154696947353,-0.06446900908014212,-0.24906917078250973,0.06284628939900706,0.0864365742039687,REIT—Office,Real Estate,PDM
2022Q1,2022,Q1,2022-04-27,2022-03-31,108496000.0,136149000.0,25330000.0,0.88,82527000.0,0.6061520834,3699640000.0,1828851000.0,197857000.0,244102000.0,1869166000.0,1457000.0,-1865016000.0,2121936996.8999999,3784278996.8999996,14.8415406612019,0.8105505075747024,0.45127444832470187,0.9128972234479463,0.013100514749751093,14.8415406612019,0.05932467981262552,15.58540273450411,4.889436008931205,1.1602569027766614,0.4788563633682348,36.80301990391215,0.024484233073791127,0.036800607626688,0.7172493465846245,0.029326096593182038,291.3147991350906,0.6061520833792389,3.3783783783783785,7.469328129338003,0.08124330864730474,0.03407983200614715,0.00543365699735627,3.375547381327728,2.4204003813155386,1.2021128097626201,0.04368780046939095,0.08244409880527513,REIT—Office,Real Estate,PDM
2021Q4,2021,Q4,2022-02-17,2021-12-31,-45672000.0,138164000.0,-17833000.0,-0.37,82081000.0,0.5940838424,3930665000.0,1785794000.0,320424000.0,140501000.0,2143242000.0,0.0,-1899081000.0,2262149654.1,4132520654.1,14.509603138108316,2.2805816328709403,0.4777283233244248,1.05151546034985,-0.007000936988722472,14.509603138108316,-0.025575178324039615,16.372931111577543,-12.382584811810299,1.2667472586983715,-0.00030653354352776316,0.0,6.188803634023905e-06,0.03515028627471433,2.0750457292118916,-0.011619407911892771,59.498938824302996,0.594083842390203,-5.111111111111111,-2.785244492971154,0.13291494664984946,-0.03201343441941041,0.0350171491980228,-5.039624977887847,-1.832772952274213,-2.031444591666404,0.03284617463165769,0.07075268433804537,REIT—Office,Real Estate,PDM
2021Q3,2021,Q3,2021-10-27,2021-09-30,11306000.0,131071000.0,21414000.0,0.09,79304000.0,0.6050461200418094,3760648000.0,1858972000.0,328415000.0,205675000.0,1900029000.0,0.0,-1822441000.0,2163682741.08,3820594741.08,14.975338733730728,1.5967667436489608,0.4427697035191807,0.8957106400741915,0.006076491605026343,14.975338733730728,0.006081855993527605,16.507715216027954,47.84368346630108,1.1639135721678433,2.3062090925172476,0.0,0.01205075009610013,0.03485330187776149,1.435458854989668,0.0030063967699183757,59.98399659227634,0.6050461200418094,0.12499999999999993,2.037764187463399,0.10730558384458858,0.003599681458108383,0.009470468431771894,0.1366241077711873,0.08932750025434938,-0.27443460372787376,0.044986765624416475,0.10979687616144974,REIT—Office,Real Estate,PDM
2021Q2,2021,Q2,2021-07-28,2021-06-30,9947000.0,130218000.0,19658000.0,0.08,78560000.0,0.6032960113041208,3758311000.0,1870850000.0,327665000.0,187562000.0,1885803000.0,0.0,-1807679000.0,2291888977.1099997,3950336977.1099997,15.076908107290722,1.7469690022499227,0.44343589447493836,0.8908089905657856,0.005557157476352822,15.076908107290722,0.005316834593901168,17.600400690457537,57.60251777194129,1.225052236742657,2.621996581883985,0.0,0.011379696076241582,0.034648010768667095,1.5464966251159618,0.0026466676121268302,93.83373498915044,0.6032960113041208,0.0,-0.854659259578025,0.12596964455570916,-0.007636426175404324,0.009340511094265928,0.0645333904109589,0.004650687381816323,-0.05973010715408687,0.042684783090386466,0.11130231265706024,REIT—Office,Real Estate,PDM
2021Q1,2021,Q1,2021-04-28,2021-03-31,9344000.0,129257000.0,19567000.0,0.08,77833000.0,0.6021569431442785,3737874000.0,1885670000.0,312638000.0,136183000.0,1850529000.0,0.0,-1791558000.0,2152941533.6400003,3803699533.6400003,15.21364486132716,2.295719730069098,0.44448983566594275,0.8810910710781844,0.005516310851883375,15.21364486132716,0.004955267888867087,16.656285799917995,57.60224565603596,1.1417382329039547,5.5368150684931505,0.0,0.024030378527060796,0.03458035236072698,2.129421440267875,0.0024998167407462102,102.2240887726129,0.6021569431442785,-0.5555555555555556,0.055925311864508775,0.09774154641734056,0.02388117326472131,0.0210686502158028,-0.5867132557830952,0.0163619364221899,-0.8228700267012944,0.0908306709850014,0.15628531117664554,REIT—Office,Real Estate,PDM
2020Q4,2020,Q4,2021-02-17,2020-12-31,22609000.0,131529000.0,19252000.0,0.18,76227000.0,0.5795451953561572,3739810000.0,1896278000.0,308709000.0,137680000.0,1841849000.0,0.0,-1774856000.0,2009913770.3700001,3624586770.37,15.312394190092252,2.2422210923881463,0.4337129426361232,0.8553619247810711,0.005471988885484449,15.312394190092252,0.011922829880428925,15.281145377597337,22.224708858972093,1.0599256914703434,0.021097792914326154,0.0,0.00023732361409325048,0.03516996852781291,2.0731551423590937,0.0060454942898168626,91.77269395781015,0.5795451953561572,1.5714285714285712,-0.7885642399151738,0.1081730516723917,0.014900414078757682,-0.027716836734693877,1.5281225539528123,-0.11223831043069261,1.828157113887065,0.08429517657103007,0.09834859236521369,REIT—Office,Real Estate,PDM
2020Q3,2020,Q3,2020-10-29,2020-09-30,8943000.0,131693000.0,21686000.0,0.07,78400000.0,0.5953239731800475,3753082000.0,1928231000.0,217953000.0,120763000.0,1823153000.0,0.0,-1740670000.0,1710210300.3400002,3303087300.34,15.299928122756613,1.8047994832854435,0.4308019382470194,0.8385069008848006,0.0060518112736821835,15.299928122756613,0.004637929791606919,12.986341721579736,47.808629663983,0.8869322712579562,2.960080509896008,0.0,0.015478798130696095,0.0350892946117351,1.5723276169025282,0.002382841621899015,73.79548221531823,0.5953239731800475,-0.9539473684210525,6.6334792099727204,0.045227240406267265,0.08881108294164486,-0.037836113054256715,-0.9535252329454806,-0.09630370462974538,-0.918191944907452,0.10440115531163575,0.02427036920053177,REIT—Office,Real Estate,PDM
2020Q2,2020,Q2,2020-07-29,2020-06-30,192427000.0,134631000.0,23997000.0,1.52,81483000.0,0.6052320787931457,3769713000.0,1946130000.0,225398000.0,95419000.0,1821876000.0,0.0,-1723147000.0,2092440796.82,3677448796.8199997,15.448570563681637,2.362192016265104,0.43013274485352065,0.8331802089274611,0.006649604603875098,15.448570563681637,0.09887674513007867,15.542043042241385,2.7184864868495584,1.075180381999147,0.13760542959148145,0.0,0.012654599375161116,0.03571385938399024,2.0161707835965585,0.051045530521819565,98.64885186082692,0.6052320787931457,20.71428571428571,6.824998675462471,0.11842343525417601,0.05208482662509269,-0.029744823233826698,21.095188885061432,0.0073038660118373,8.368125958693149,0.045234428829393124,0.08081553173504692,REIT—Office,Real Estate,PDM
2020Q1,2020,Q1,2020-04-29,2020-03-31,8709000.0,137171000.0,23823000.0,0.07,83981000.0,0.6122358224406034,3920816000.0,1781995000.0,210074000.0,90459000.0,2137099000.0,0.0,-1889109000.0,2222724438.76,4447488438.76,14.158314522134965,2.322311765551244,0.5694437076363695,1.2529126063765612,0.005868709699272662,14.158314522134965,0.004887219099941358,16.204040495148394,63.80538634630842,1.2473236113232642,6.071994488460214,0.0,0.02379107327829667,0.03498531938249589,1.7481179318807416,0.00222122129679128,154.1738530040924,0.6122358224406034,-0.945736434108527,-0.4450789320461424,0.12318219833515064,-0.043640310831526766,0.029544813720562453,-0.946398897081451,0.2279263955466213,-0.3344082423688974,0.06653642968524916,-0.013523741452737282,REIT—Office,Real Estate,PDM
2019Q4,2019,Q4,2020-02-19,2019-12-31,162478000.0,134153000.0,19401000.0,1.29,81571000.0,0.6080445461525273,3516757000.0,1817248000.0,198316000.0,143923000.0,1697783000.0,0.0,-1871375000.0,2797422993.9199996,4265281993.9199996,14.447438091357805,1.3779312549071379,0.42124150175858044,0.8151908820370142,0.005823716191918179,14.447438091357805,0.08940882037014211,20.85248182239681,4.304310420364603,1.5393732687668384,8.616551163849875e-05,0.0,5.00460603577936e-06,0.03814679262741213,1.2012603961840707,0.046201088104751056,1360.6142966536963,0.6080445461525273,17.428571428571427,14.929743337127498,0.12188431509843466,-0.03498011958387747,0.009442134442134442,18.292092139634292,-0.20058510857472495,5.214335621138834,0.07635433841987059,-0.0361606829368519,REIT—Office,Real Estate,PDM
2019Q3,2019,Q3,2019-10-30,2019-09-30,8422000.0,135421000.0,24269000.0,0.07,80808000.0,0.5967169050590381,3751931000.0,1679041000.0,234751000.0,114812000.0,2071148000.0,0.0,-2007438000.0,2626357559.04,4495317559.04,13.348668371268808,2.0446556109117515,0.5008738167093159,1.119236516559155,0.006754043339534767,13.348668371268808,0.005015958514413883,19.394019827353215,77.96121939681785,1.5642009689102292,3.1459273331750177,0.0,0.010088116109249265,0.036093680827286,1.4595338466362402,0.0022447107902570703,60.77421170982298,0.5967169050590381,0.16666666666666682,0.12781556320134888,0.14870294479897259,-0.11860126018721716,0.032188841201716736,0.03299398994235251,0.15231945301742558,1.762917842132546,0.12906704091024473,-0.1054146044042206,REIT—Office,Real Estate,PDM
2019Q2,2019,Q2,2019-07-31,2019-06-30,8153000.0,130668000.0,21061000.0,0.06,78288000.0,0.5991367435026174,3525367000.0,1701223000.0,222750000.0,97502000.0,1822392000.0,0.0,-1989446000.0,2505068764.45,4159296764.45,13.534708057183447,2.2845685216713503,0.47143347061454877,0.9769301261504224,0.006201848510699447,13.534708057183447,0.004792434619094616,19.17124900090305,76.81432492487428,1.4725105200493998,3.253035692383172,0.0,0.010587334118879181,0.037065077196218155,1.9452318926791246,0.002312667021617891,71.87939411925052,0.5991367435026174,-0.85,-0.18480718722987027,0.15764282907428495,-0.11331364790794055,-0.03504209241843438,-0.8376155194391333,-0.23520226595976468,-0.8823946658978715,0.11542206858594913,-0.10914418508632188,REIT—Office,Real Estate,PDM
2019Q1,2019,Q1,2019-05-01,2019-03-31,50208000.0,132936000.0,27538000.0,0.4,81131000.0,0.6103011975687549,3433442000.0,1721756000.0,207193000.0,81309000.0,1709920000.0,0.0,-1971184000.0,2630765411.6,4191895411.6,13.711138226521756,2.548217294518442,0.4560307120376578,0.9093942463392025,0.008292402806372183,13.711138226521756,0.029160926403044334,19.789713934524883,13.099333829270234,1.527954838897033,1.0636153601019758,0.0,0.020299035316691937,0.03871799785754354,2.258839734838702,0.014623226488171345,106.04076793099279,0.6103011975687549,0.142857142857143,5.591434925434881,0.2025257884323884,-0.106919178306507,-0.01086293921143108,0.10565954635542832,-0.0963740771123872,4.600252574627676,0.11435343964557534,-0.07723780710487721,REIT—Office,Real Estate,PDM
2018Q4,2018,Q4,2019-02-20,2018-12-31,45410000.0,137185000.0,30475000.0,0.35,82022000.0,0.5978933556875752,3592429000.0,1710368000.0,224107000.0,129491000.0,1880289000.0,0.0,-1982542000.0,2150764160.16,3831665160.16,13.550844513715472,1.7306762632152042,0.46917336431701223,0.9854440681771408,0.008880831624677843,13.550844513715472,0.026549841905367733,15.677837665633996,11.84080687161418,1.2574862018933937,0.0004404316229905307,0.0,9.299020492563982e-06,0.03818725436188161,1.3743040056837927,0.012640472504814987,57.44562393589743,0.5978933556875752,1.692307692307692,0.9123703452914641,0.2099275165296361,-0.1324721133775552,0.02490347249122193,1.8180464192627528,-0.03742893240682249,-0.5833376156848361,0.1340400686466306,-0.10185451488799233,REIT—Office,Real Estate,PDM
2018Q3,2018,Q3,2018-10-30,2018-09-30,16114000.0,129708000.0,31660000.0,0.13,80029000.0,0.6169935547537546,3623890000.0,1732209000.0,233496000.0,109087000.0,1889894000.0,0.0,-1964135000.0,2399255148.78,4107819148.78,13.493765440687872,2.140456699698406,0.4733507363634106,0.9902794639676852,0.009083173292372028,13.493765440687872,0.00930257261104174,18.49735674576742,37.22314677888793,1.3850841028882774,1.6733895991063672,0.0,0.011238904713286313,0.03579247714472569,1.7350738401459385,0.004446602959802864,65.6341170504719,0.6169935547537546,0.44444444444444453,0.0825377385423478,0.1466412743516624,-0.11785059228595393,0.04562499183401492,0.4726740997989399,0.2214977429684787,10.965506127558042,0.01068850771762383,-0.03972350428344415,REIT—Office,Real Estate,PDM
2018Q2,2018,Q2,2018-08-01,2018-06-30,10942000.0,129174000.0,25919000.0,0.09,76537000.0,0.5925108768018332,3623990000.0,1741261000.0,222811000.0,94215000.0,1880934000.0,0.0,-1953291000.0,2557944409.69,4269846409.69,13.56688268851227,2.364920660192114,0.47484844053101694,0.988275738100147,0.00740025262330804,13.56688268851227,0.006283951687885963,19.802316330608328,58.4432555677664,1.4690183778824655,2.4672820325351856,0.0,0.010554177759973993,0.035644138090888774,2.0552035238550124,0.0030193240047571876,70.62437973687844,0.5925108768018332,-0.7857142857142857,-0.5959247925776081,0.2512985879765216,-0.134964966636951,-0.0192719211696416,-0.8107902472765001,-0.0612799246677049,-0.563268298871376,0.05326108468720574,-0.07606264525584674,REIT—Office,Real Estate,PDM
2018Q1,2018,Q1,2018-05-01,2018-03-31,57830000.0,129900000.0,27611000.0,0.42,78041000.0,0.6007775211701308,3635690000.0,1787776000.0,214532000.0,83786000.0,1846102000.0,0.0,-1904404000.0,2390070308.68,4072985308.68,13.157345089721522,2.560475497099754,0.464738192750207,0.9451094544282953,0.007843768918039418,13.157345089721522,0.0323474529247512,18.3993095356428,10.332311554037696,1.3368958463923892,2.2498876015908698,0.0,0.05443814750029607,0.03572911881926127,2.2617621082281048,0.015906196622924397,116.30512450997566,0.6007775211701308,2.905193921524155,3.8674279732738785,0.19270712395667497,-0.15887889214040976,-0.07168092117001915,2.842717394767868,2.6991384615384617,2.413235101043748,-0.014748406523699497,-0.11125335995213015,REIT—Office,Real Estate,PDM
2017Q4,2017,Q4,2018-02-21,2017-12-31,-31383000.0,139444000.0,-16250000.0,-0.22045,84067000.0,0.6028728378417142,3999967000.0,1984667000.0,252329000.0,216653000.0,2013478000.0,0.0,-1702281000.0,2791658813.4,4511203813.4,13.941288127040002,1.1646688483427416,0.43173531181632246,0.8701343852646313,-0.004333273245277666,13.941288127040002,-0.015812728281369117,20.019927809012938,-22.238622928018355,1.4066132068503179,-0.0011789822515374565,0.0,1.3253768627598582e-05,0.034861287605622744,0.8431962631489063,-0.007845814727971506,53.63520554477512,0.6028728378417142,-1.2533908045977011,-3.5583659152495346,0.2061017958095768,-0.11479825678123169,0.006826592572188222,-1.2488087970634172,-1.5650994575045207,-3.718612331510764,0.03035321651556011,-0.06878852041937022,REIT—Office,Real Estate,PDM
2017Q3,2017,Q3,2017-11-01,2017-09-30,126133000.0,137587000.0,28756000.0,0.87,83497000.0,0.6068669278347518,4060650000.0,2172131000.0,259751000.0,108120000.0,1886655000.0,0.0,-1511428000.0,2931580068.48,4599058068.48,14.937392101558677,2.402432482426933,0.41953529607328877,0.7842924759142059,0.007341743130392023,14.937392101558677,0.058068781302785144,21.30710073248199,5.810493820966757,1.3496331798036123,0.2423870041939857,0.0,0.010428846999171968,0.03388299902724933,2.141315205327414,0.03106226835605137,50.91051297223139,0.6068669278347518,4.4375,12.518725775218119,0.18404992886417804,-0.05336692918913653,-0.10121636167922497,4.319822859552931,-0.18976641965568736,13.610453500106333,0.009511438225058134,-0.013699478613100925,REIT—Office,Real Estate,PDM
2017Q2,2017,Q2,2017-08-02,2017-06-30,23710000.0,148679000.0,35491000.0,0.16,92900000.0,0.6248360562016155,4320312000.0,2078445000.0,251004000.0,111011000.0,2239998000.0,0.0,-1603119000.0,3065296005.9199996,5108882005.92,14.293438713710794,2.2610732269775067,0.47523928827362466,0.9878452400713033,0.008500929950143175,14.293438713710794,0.011407566714538995,20.61687263110459,32.32070862420919,1.4748025595673688,1.2899198650358499,0.0,0.009977502969022629,0.03441394973326001,1.90366720415094,0.005488029568234886,97.75787746906492,0.6248360562016155,0.6,-0.08630329794928676,0.3157951769301244,-0.09744601548259836,-0.001923097583772924,0.5697828389830508,0.0657957957957958,1.049203051840803,0.1385851462458436,-0.06360765386549162,REIT—Office,Real Estate,PDM
2017Q1,2017,Q1,2017-05-08,2017-03-31,15104000.0,148463000.0,33300000.0,0.1,93079000.0,0.626950822763921,4350740000.0,2085218000.0,233652000.0,116077000.0,2263643000.0,0.0,-1596276000.0,3106234563.3999996,5165240563.4,14.3524128426418,2.0129052267029643,0.4748189963086739,0.9906944981292124,0.007934945835058925,14.3524128426418,0.007243367360151313,20.922617510086685,51.41410492915784,1.4896449979810262,4.043961864406779,0.0,0.019663679208161117,0.03412362034964167,1.7462201814312912,0.0034715933381447754,141.28238712817245,0.626950822763921,-0.5189139000206866,-0.517915656490673,0.3243808073035962,-0.10716640190799881,0.07711624139327664,-0.49968531584351916,0.2503285397814741,0.7138411763426893,0.16075769912219948,-0.06514948335967452,REIT—Office,Real Estate,PDM
2016Q4,2016,Q4,2017-02-21,2016-12-31,30189000.0,143911000.0,26633000.0,0.207863,86415000.0,0.6004752937579476,4449347000.0,2177000000.0,222989000.0,165410000.0,2270465000.0,0.0,-1499684000.0,3036870394.83,5050353394.83,14.989467472005241,1.348098663926002,0.45410596206589415,0.9281005971520441,0.006273260031845634,14.989467472005241,0.01386724850711989,21.10242020992141,25.14881575101858,1.3949795107165825,0.00023187253635430124,0.0,2.305004524367215e-06,0.03234429681479102,1.2050903814763316,0.006785040591349697,72.41678736240938,0.6004752937579476,3.309588888888889,-0.6985130320376395,0.24410436685352882,-0.06645131145054502,0.0334497357028391,3.368507767142633,6.95252314123619,0.10489294753755936,0.10305633333254294,-0.04037117211234877,REIT—Office,Real Estate,PDM
2016Q3,2016,Q3,2016-11-01,2016-09-30,-12746000.0,138485000.0,3349000.0,-0.09,83618000.0,0.6038054662959887,4388297000.0,2167085000.0,218372000.0,133112000.0,2219314000.0,0.0,-1499374000.0,3161682353.2,5149728353.2,14.921625634608992,1.6405132519983172,0.4544081679065934,0.920166029482,0.000796159037819575,14.921625634608992,-0.005881633623046627,22.83050404881395,-62.01322676133689,1.4589563183723757,-2.3955750823787856,0.0,0.009657516660108485,0.0315578002127021,1.4245747941583027,-0.002904543607691093,89.5077528296011,0.6038054662959887,-1.1636363636363636,-1.2972582011887817,0.22605424671093877,-0.049273555990474525,0.007118166379611452,-1.1591817364372066,-0.8078930763494522,-1.7568693665994444,0.0821086555492119,-0.02450481494140799,REIT—Office,Real Estate,PDM
2016Q2,2016,Q2,2016-08-03,2016-06-30,80072000.0,135307000.0,17433000.0,0.55,83027000.0,0.6136193988485444,4298499000.0,2205688000.0,235566000.0,122387000.0,2091786000.0,0.0,-1456129000.0,3127147065.54,4990352065.54,15.192927778660714,1.9247632509988806,0.43836557831001005,0.8542976159819521,0.004222116304009812,15.192927778660714,0.03630250515938791,23.111495085546203,9.763547387164053,1.4177649175858054,0.3814317114596863,0.0,0.00976672966121789,0.031477732110673985,1.610252722919918,0.018627897784784873,124.33489982664705,0.6136193988485444,6.857142857142857,3.532050541387321,0.0696660125486377,-0.033224488893085935,-0.009508016797098683,6.720015426147319,-0.3389579857424541,1.614131116173239,0.1587434910826796,-0.03128706205851722,REIT—Office,Real Estate,PDM
2016Q1,2016,Q1,2016-05-02,2016-03-31,10372000.0,138012000.0,26372000.0,0.07,83824000.0,0.6073674752920036,4355017000.0,2158634000.0,212567000.0,103894000.0,2195354000.0,0.0,-1505704000.0,2950565227.56,4948751227.559999,14.858799300720923,2.045998806475831,0.4599104894424063,0.9278636396906562,0.006275345165400033,14.858799300720923,0.004804890500195958,21.379048398400137,71.11852168241418,1.3668668368792485,2.943790975703818,0.0,0.010348186752424238,0.03169034701816319,1.8081794906346853,0.002381621013190075,127.33870905701092,0.6073674752920036,-0.9166666666666667,-0.6370908202893039,0.11921058771503407,-0.06617111605006541,-0.012126854678090344,-0.9174493012002165,-0.08867233395535282,-0.18349586163722495,0.18519838896542923,-0.0501085405862672,REIT—Office,Real Estate,PDM
2015Q4,2015,Q4,2016-02-17,2015-12-31,125644000.0,139461000.0,28938000.0,0.84,84853000.0,0.6084353331755832,4434535000.0,2195419000.0,254145000.0,128465000.0,2238091000.0,0.0,-1477674000.0,2747259838.72,4771328838.719999,15.087582956591433,1.9783209434476317,0.4576601605354338,0.9244294597067804,0.00678057126629242,15.087582956591433,0.05723007772092708,19.699126198148583,5.466357006144344,1.2513601452479002,0.24371239374741333,0.0,0.011146015228856875,0.031448844129091325,1.7849375316233993,0.028333072125938795,57.25366452817605,0.6084353331755832,85.0,4.194575266967078,0.09363514803491776,-0.05862295802084303,-0.02622277307259749,68.01013333333333,26.541041482789055,9.020674514992534,0.1801138438408775,-0.042014295061546025,REIT—Office,Real Estate,PDM
2015Q3,2015,Q3,2015-11-09,2015-09-30,-1875000.0,148815000.0,-1133000.0,-0.01,87138000.0,0.5855458119141216,4739874000.0,2091709000.0,341708000.0,132741000.0,2647136000.0,0.0,-1570377000.0,2663021961.04,5083638961.04,14.051958473292485,2.5742460882470373,0.5123172050565057,1.1609258266804798,-0.00024852355511958523,14.051958473292485,-0.0008963962004274973,17.894849047743843,-355.06959480533334,1.2731321426833275,-16.577066666666667,0.0,0.011671702469874274,0.03139640420821313,1.7244860291846529,-0.0003955801356744926,144.47034997233223,0.5855458119141216,-1.05,-1.0535882964605023,0.18631842141384017,-0.1309632201670141,0.022086681133071374,-1.0625500400320256,-1.0544083749519786,-1.1963157441039793,0.25108307440971805,-0.10947985364248658,REIT—Office,Real Estate,PDM
2015Q2,2015,Q2,2015-07-29,2015-06-30,29976000.0,146734000.0,20824000.0,0.2,85255000.0,0.5810173511251653,4781302000.0,2254826000.0,287609000.0,128898000.0,2525451000.0,0.0,-1427312000.0,2701104146.84,5012402146.84,14.68376900105859,2.2312914087107636,0.4852851796435364,1.0290350563635509,0.004510937789393534,14.68376900105859,0.013294152187352816,18.40816816034457,22.52722300206832,1.197921323791725,1.0792300507072325,0.0,0.011976953957087207,0.030689130282922937,1.9481450449192386,0.006269422010991985,95.04236969880367,0.5810173511251653,0.6666666666666669,0.7158308868326874,0.1359907572998642,-0.09657288693246036,-0.003133659951124259,0.5575993764614185,-0.2619267030552208,0.09388207562191289,0.2296902737043158,-0.07279875157502362,REIT—Office,Real Estate,PDM
2015Q1,2015,Q1,2015-04-29,2015-03-31,19245000.0,149759000.0,28214000.0,0.12,85523000.0,0.5710708538385005,4819862000.0,2284894000.0,239830000.0,119466000.0,2533939000.0,0.0,-1378786000.0,2872249329.69,5190879329.690001,14.804382370450186,2.0075167830177625,0.4826090456531743,1.0180380359001338,0.006062336739234646,14.804382370450186,0.008422710200123069,19.17914335492358,37.311630679267346,1.2570602092219594,1.6875552091452326,0.0,0.011307166012466343,0.031071221541197652,1.7825238980128237,0.0039928529074068925,750.7185911369577,0.5710708538385005,0.4999999999999999,-0.34604543451744657,0.07855443198700783,-0.13925504027936272,0.00960936854407442,0.5378775771136327,-0.019972906318385494,-0.421771159804857,0.25758793173444156,-0.07905032246091205,REIT—Office,Real Estate,PDM
2014Q4,2014,Q4,2015-02-18,2014-12-31,12514000.0,146711000.0,28789000.0,0.08,84709000.0,0.5773868353429531,4795501000.0,2310406000.0,238633000.0,133988000.0,2483486000.0,0.0,-1365620000.0,2907465836.7599998,5172748836.76,14.971130009392118,1.781002776368033,0.474942868325958,0.9857960029535935,0.006216218783953955,14.971130009392118,0.005416364050301116,19.817640372978165,58.08426236135528,1.2584220421692118,2.594134569282404,0.0,0.011165393446609119,0.030593466668029055,1.5639385616622383,0.0026095292233282823,236.76431895439737,0.5773868353429531,0.3495959647080655,-0.48434865186578685,0.038652175576244105,-0.050378244318648305,0.02535889800760162,0.365858982754857,0.0584580315452774,-0.8823872321940698,0.1936142743847961,-0.0675933743160723,REIT—Office,Real Estate,PDM
2014Q3,2014,Q3,2014-10-29,2014-09-30,9162000.0,144641000.0,27199000.0,0.059277,82614000.0,0.5711658520060011,4778302000.0,2337233000.0,237868000.0,135320000.0,2439456000.0,0.0,-1345609000.0,2722294287.7200003,4947318287.72,15.14486890927957,1.7578185042861365,0.46749640353414246,0.9557622196845587,0.005892263368726486,15.14486890927957,0.003920019955220553,18.821041666747327,74.28220606090373,1.1647509203061912,3.373499235974678,0.0,0.011353658617814734,0.03027037638056364,1.4863656517883534,0.0019174175261421316,-518.8287188336193,0.5711658520060011,-0.2590375,4.398276608206064,1.943662328163924,1.731897619757513,0.014365699130691027,-0.2538480332274615,0.024212983883114925,-0.798917843655736,0.20509610130025055,-0.035049684552209345,REIT—Office,Real Estate,PDM
2014Q2,2014,Q2,2014-07-30,2014-06-30,12279000.0,138580000.0,26556000.0,0.08,81444000.0,0.5877038533698946,4661826000.0,2355576000.0,221729000.0,126273000.0,2304641000.0,0.0,-1323907000.0,2922794132.48,5021316132.48,15.264369441628913,1.755949411196376,0.45198705399987044,0.8945094533141787,0.005893409971038936,15.264369441628913,0.005212737776238169,21.09102419165825,59.50798380324131,1.2407980606357,2.518283247821484,0.0,0.010579602462032652,0.029726549210545395,1.5014848780024233,0.002633946440729448,-1005.4331381080151,0.5877038533698946,0.3333333333333334,0.34975795702690105,1.8491049539516127,1.7079976244172632,0.04349831516098861,0.30725007984669434,0.050599359101159154,-0.3461751505433317,0.030653882568578667,-0.02867842303687758,REIT—Office,Real Estate,PDM
2014Q1,2014,Q1,2014-04-30,2014-03-31,9393000.0,136320000.0,25277000.0,0.06,78049000.0,0.5725425469483568,4611945000.0,2377345000.0,210172000.0,130530000.0,2232987000.0,0.0,-1305321000.0,2655666832.7,4676217832.7,15.352628668614994,1.6101432620853444,0.44012276815963763,0.8538188609562348,0.005677170528933424,15.352628668614994,0.0039510462301432904,19.48112406616784,70.68207262589162,1.1170725463489732,3.290216118386032,0.0,0.011637378461581749,0.02955802812045677,1.3700068949666744,0.0020366678266978467,61.95275586012224,0.5725425469483568,-0.6666666666666666,0.0008492608614240103,1.7433495878530902,1.7476654929328477,-0.058391342638950884,-0.6829153022988894,-0.23774916317360756,-0.6916630307327575,0.03714712824066584,-0.03513549075160355,REIT—Office,Real Estate,PDM
2013Q4,2013,Q4,2014-02-18,2013-12-31,29623000.0,141448000.0,33161000.0,0.18,82889000.0,0.5860033369153328,4666088000.0,2459550000.0,202295000.0,128818000.0,2204929000.0,0.0,-1231209000.0,2601254117.56,4596486117.559999,15.620067922511533,1.5703938890527722,0.429097136616369,0.8140533837490598,0.007354617611338367,15.620067922511533,0.012044073102803358,18.39017955404106,21.952993599230325,1.0576138389380172,1.0869594571785437,0.0,0.012378260079489256,0.030314044655823037,1.378099333944014,0.006348572937329943,-155.10429417208275,0.5860033369153328,0.5,1.8529371457734467,1.769292712709759,1.7748278649446119,-0.04009218190872138,0.5512672811059908,-0.07492956174854241,0.13178084023741138,0.025041633823779483,-0.025399006672344092,REIT—Office,Real Estate,PDM
2013Q3,2013,Q3,2013-10-31,2013-09-30,19096000.0,145118000.0,35847000.0,0.12,86351000.0,0.5950398985653055,4576553000.0,2519070000.0,202035000.0,159675000.0,2055870000.0,0.0,-1165794000.0,2858899883.2799997,4666102883.28,15.296462620379558,1.2652888680131518,0.39837296760247287,0.7237492407912444,0.008177376085845681,15.296462620379558,0.007580575371069482,19.700518772860704,37.42799386363636,1.134902913884886,1.7244449099287809,0.0,0.011518416644314104,0.031709017682085186,1.1427274150618443,0.0041725726764226265,55.43081827361563,0.5950398985653055,-0.42857142857142855,0.7235009702224211,1.6894298380525765,1.6438244058336988,0.055842218526851214,-0.45992420385768423,0.07246073298429319,-0.5066827901430784,0.045661290794388014,-0.05399744500272575,REIT—Office,Real Estate,PDM
2013Q2,2013,Q2,2013-08-01,2013-06-30,35358000.0,134793000.0,33425000.0,0.21,81784000.0,0.6067377386066042,4523302000.0,2628351000.0,187113000.0,118076000.0,1893342000.0,0.0,-1057534000.0,3023246244.48,4721892244.48,15.683622241017778,1.5846827467055118,0.37785361225051967,0.6502731180120159,0.0076296985989430955,15.683622241017778,0.013452541156032814,22.428807463889076,21.375970391990496,1.150244485793564,0.950336557497596,0.0,0.011114542873030035,0.02979969058002318,1.4372861546800366,0.007816855916319539,-78.09584223186609,0.6067377386066042,1.3333333333333333,2.3195332958657744,1.5341118356646442,1.6747597041429645,0.004569350955633076,1.4133506245307488,-0.12787663726973855,0.8545006679218238,-0.0437974846889659,-0.03505635626499788,REIT—Office,Real Estate,PDM
2013Q1,2013,Q1,2013-05-02,2013-03-31,14651000.0,134304000.0,38326000.0,0.09,81412000.0,0.606177031212771,4538661000.0,2621007000.0,189642000.0,139273000.0,1916041000.0,0.0,-1041552000.0,3272357098.71,4954307098.71,15.642628590314606,1.3616566025001255,0.374455153182844,0.6484244414455971,0.008778795473031304,15.642628590314606,0.00558983627285238,24.36529886459078,55.83845981008123,1.2485113922664075,2.291311173298751,0.0,0.010258660344017366,0.029591106275617413,1.229757382981626,0.003228044570854708,76.10486763826225,0.606177031212771,0.04447126543496428,0.1371953126541336,1.4480718538819328,1.6678874491427538,0.005309821935738806,0.014752735835988365,0.07461096312911818,-0.5414209127184,-0.1090457569827291,-0.0905183763173905,REIT—Office,Real Estate,PDM
2012Q4,2012,Q4,2013-02-27,2012-12-31,14438000.0,136079000.0,35665000.0,0.086168,80982000.0,0.5951101933435725,4254875000.0,2638886000.0,173316000.0,127263000.0,1614380000.0,0.0,-1022681000.0,3024385818.05,4427953818.05,15.74927775938028,1.3618726574102449,0.33291812332912246,0.5367890086953359,0.008706816242112232,15.74927775938028,0.005471248094840019,22.225220776534222,52.368503567841806,1.146084301500709,2.3277462252389527,0.0,0.011112338842293958,0.03198190311113722,1.2595491226829478,0.003393284174035665,64.90376878943303,0.5951101933435725,0.4361333333333333,0.6024541605350275,1.6482588931156097,1.6567200107220625,-0.02719650193402686,0.3330255747391746,0.050608301175361595,-0.4520501913186685,-0.11269628014480577,-0.0010201776890969006,REIT—Office,Real Estate,PDM
2012Q3,2012,Q3,2012-10-31,2012-09-30,10831000.0,134891000.0,33947000.0,0.06,83246000.0,0.6171353166630835,4285831000.0,2663667000.0,218064000.0,109125000.0,1620551000.0,0.0,-994967000.0,2911896410.25,4327158410.25,15.779495310430747,1.998295532646048,0.3350633751074179,0.539115812900036,0.008280378135723366,15.779495310430747,0.004066198965561386,21.587032568888954,67.21208591658204,1.0931908569089155,3.11300895577509,0.0,0.011579052016175683,0.03147370953264373,1.6633310423825887,0.0025271645102198383,83.61511587221824,0.6171353166630835,-0.6666666666666666,0.07518629035248253,1.6054463579699778,1.6354369014875536,0.04035392479098192,-0.647290608310538,-0.05376853606868101,4.6727102236003955,1.509742805697651,1.8463743025948194,REIT—Office,Real Estate,PDM
2012Q2,2012,Q2,2012-08-01,2012-06-30,30708000.0,133716000.0,35876000.0,0.18,80017000.0,0.5984100631188489,4328308000.0,2725131000.0,236484000.0,126207000.0,1601568000.0,0.0,-934933000.0,2961452140.05,4335108140.05,15.836657927285689,1.8737787919845967,0.32357332241605724,0.5139294221085151,0.008695829220856028,15.836657927285689,0.011268449113088509,22.14732821838823,24.109777094323956,1.0867191852611857,1.1229646997525076,0.0,0.011644287453998085,0.030893365259588735,1.4345717749411682,0.007094689194946386,348.07853080042315,0.5984100631188489,-0.18181818181818185,2.0437864664719547,1.5567785173277058,1.5667567603481918,-0.004949325374619163,-0.1751148360061246,0.02758284879557758,2.027184095748673,1.465390235152857,1.8095252941691113,REIT—Office,Real Estate,PDM
2012Q1,2012,Q1,2012-05-03,2012-03-31,37227000.0,133197000.0,34913000.0,0.22,80415000.0,0.6037298137345436,4326698000.0,2775045000.0,217368000.0,116292000.0,1550040000.0,0.0,-888331000.0,3064178027.0,4388024027.0,16.075126287040632,1.869156949747188,0.3125998163033334,0.48738849279921587,0.008458487681614122,16.075126287040632,0.013414917595930876,23.00485766946703,20.57765886990625,1.1041903922278737,0.9286002095253445,0.0,0.011281655209127965,0.030784908029171436,1.545961889037939,0.008604020895380265,123.38640682129339,0.6037298137345436,-0.6809088769208795,1.0058357157295688,1.4272157934291114,1.6458943733424154,-0.019807411019015113,-0.687223263121634,0.049352288780018634,2.5580841769097358,1.404417323116806,1.8769711524211508,REIT—Office,Real Estate,PDM
2011Q4,2011,Q4,2012-02-28,2011-12-31,119021000.0,137493000.0,33271000.0,0.6894582270953671,82040000.0,0.5966849221414908,4447834000.0,2771819000.0,288951000.0,122986000.0,1674406000.0,0.0,-891032000.0,2941610905.92,4274445905.92,16.056438893718365,2.349462540451759,0.33106563779133846,0.5312486132752535,0.007838902784505686,16.056438893718365,0.042939672467791005,21.394623042045776,6.178764474168424,1.0612564911056601,0.459826417186883,0.0,0.01860511187589689,0.03091234969650396,2.1953799619468883,0.0267593170068847,54.60877542688473,0.5966849221414908,1.3774421623978177,11.68854197530789,1.6619115642191806,1.6261700444563094,-0.01574047413379403,1.3325559518676753,-0.1103297055913576,9.455477241479153,1.4553292689839046,1.8523470112354288,REIT—Office,Real Estate,PDM
2011Q3,2011,Q3,2011-11-03,2011-09-30,51026000.0,134414000.0,37397000.0,0.29,83352000.0,0.6201139762227149,4613118000.0,2712513000.0,198143000.0,143106000.0,1896195000.0,0.0,-952370000.0,2794610471.7300005,4447458471.7300005,15.694972753339645,1.3845890458820733,0.36178914131396595,0.6152877423997599,0.008535226266686964,15.694972753339645,0.01881133841570529,20.791066940422876,13.692090658340849,1.0302662039702668,1.1018304393838436,0.0,0.02011800949317843,0.029137342682324624,1.0332550696686373,0.011061065422562353,-73.08272893459558,0.6201139762227149,1.4166666666666665,1.8127677923217853,1.3121572159056283,1.4936618433518563,-0.09206570519803059,1.4266894944595045,-0.07805142617656485,3.3883232908259986,1.3736758092524644,1.7127024753350883,REIT—Office,Real Estate,PDM
2011Q2,2011,Q2,2011-08-09,2011-06-30,21027000.0,150544000.0,40563000.0,0.12,91804000.0,0.6098150706770114,4560206000.0,2715250000.0,207278000.0,126111000.0,1838983000.0,0.0,-948956000.0,3522988420.73,5138638420.73,15.715052361292749,1.6436155450357226,0.35898685278691356,0.6029109658410827,0.009319891257595976,15.715052361292749,0.00774403830218212,23.40171923643586,41.886484290792794,1.2974821547665962,2.610025205687925,0.0,0.015577967749501738,0.03301254373157704,1.271831957561196,0.004610975907667329,526.133276692055,0.6098150706770114,-0.4000000000000001,0.9761418126809166,1.8469658860024678,1.411357612305394,0.002259899341681496,-0.3809579886360291,-0.11192118226600985,0.9147392997165186,1.745142465782954,1.6801199466887198,REIT—Office,Real Estate,PDM
2011Q1,2011,Q1,2011-05-05,2011-03-31,33967000.0,146554000.0,45675000.0,0.2,91597000.0,0.625005117567586,4563272000.0,2747289000.0,219063000.0,122769000.0,1809755000.0,0.0,-915543000.0,3351301252.08,4910262252.08,15.911693840386231,1.7843510984043203,0.3508692885280562,0.5827970774097665,0.010503861074450125,15.911693840386231,0.01236382484696732,22.867347544795773,24.665861366031734,1.219857558516778,1.6054700150145729,0.0,0.01627218680091915,0.032115990455971063,1.4362339026953057,0.007443562426259052,103.40330922801604,0.625005117567586,0.20319503832752617,1.9119385712786763,1.8323753644024534,1.4111274236871125,0.007556924430755693,0.1835191637630662,0.01773658058334633,1.5585593609096657,1.5924083002252893,1.713777166431765,REIT—Office,Real Estate,PDM
2010Q4,2010,Q4,2011-02-24,2010-12-31,28700000.0,151311000.0,44879000.0,0.16622408971865896,90910000.0,0.600815538857056,4373480000.0,2767222000.0,276750000.0,112648000.0,1600026000.0,0.0,-895122000.0,3477341948.32,4823148948.32,16.02714139370895,2.4567679852283217,0.32068855922514794,0.5068350135984753,,16.02714139370895,0.010371412196057996,22.981422026951115,30.29043508989547,1.25661835166098,1.8952961672473867,0.0,0.015642695141408144,0.03459739155089311,2.246165045096229,0.0065622799235391495,-82.30979592207731,0.600815538857056,-0.2772865664406133,1.6863939825794048,1.9756936866588053,1.487812984903895,-0.08069572251997169,-0.2928247585255273,-0.1848333484697121,2.091238598472092,1.8576687457933332,1.7035923745759067,REIT—Office,Real Estate,PDM
2010Q3,2010,Q3,2010-11-10,2010-09-30,40584000.0,145502000.0,55055000.0,0.23,98890000.0,0.6796470151613037,4389585000.0,2791815000.0,296052000.0,1536279000.0,1591653000.0,0.0,0.0,3264972026.9900002,4599958026.99,16.16957854878482,0.19270718404664777,0.31951198120095636,0.5023703218157364,,16.16957854878482,0.014536779836772852,22.439361843754728,20.11243363757885,1.1694800790847533,1.3400847624679677,0.0,0.016657416832492385,0.03314709704903766,0.1687518998827687,0.009245520931933201,47.908613748936176,0.6796470151613037,1.090909090909091,2.234400637637065,1.7679239443150423,1.4631602037949043,0.10264930199366665,1.066816052149114,0.219541910331384,2.9388450572695457,1.7476854282123466,1.7005872590107454,REIT—Office,Real Estate,PDM
2010Q2,2010,Q2,2010-08-11,2010-06-30,19636000.0,145181000.0,45144000.0,0.11,89684000.0,0.6177392358504212,4405501000.0,2805264000.0,294893000.0,1536260000.0,1594278000.0,0.0,0.0,3232712572.4700003,4554171572.47,16.253407484307857,0.19195513780219495,0.3183576623861849,0.49996185742233173,,16.253407484307857,0.006999697711160162,22.266774388315277,41.1579824362141,1.1523737418189517,2.770268893868405,0.0,0.01682704502195727,0.03295448122699325,0.1757690755471079,0.0044571548162172705,45.30400488354168,0.6177392358504212,-0.42105263157894735,-0.9185936406611848,-0.0994601509241777,-0.17697019700377814,-0.036350156338981594,-0.3758423394787031,-0.07812946702062487,0.9404846265708336,1.7676683587171975,1.6343022454985492,REIT—Office,Real Estate,PDM
2010Q1,2010,Q1,2010-05-11,2010-03-31,31460000.0,148436000.0,48970000.0,0.19,93067000.0,0.6269840200490447,4428410000.0,2837788000.0,284519000.0,1524776000.0,1584781000.0,0.0,-820878000.0,3275100668.4500003,4600631668.450001,17.19949934444587,0.18659724444770903,0.316710738165617,0.49423177488945613,,17.19949934444587,0.01108609945492757,22.064059045312458,26.025911224173555,1.1541033609452152,1.709376986649714,0.0,0.01641995329122232,0.03351902827425645,0.17439873135463832,0.0071041299247359664,50.89986119063161,0.6269840200490447,0.20822364256532805,-0.4061609587267766,-0.0017200927830112892,-0.2567775589242619,0.01572697705891341,0.21251830725352655,0.10354929577464789,0.7735667288635906,1.830118906384928,1.8309611835810804,REIT—Office,Real Estate,PDM
2009Q4,2009,Q4,2010-03-16,2009-12-31,25946000.0,151016000.0,44375000.0,0.15725565475327702,91626000.0,0.606730412671505,4395345000.0,2601166000.0,219724000.0,1614272000.0,1788463000.0,0.0,-798561000.0,2573882641.2,4080403641.2,15.76536122916683,0.13611336875074337,0.34502979857098814,0.5830173852802936,,15.76536122916683,0.009974757474148131,17.043774442443183,24.8003800316041,0.9895111043278284,1.917097047714484,0.0,0.019325278939994587,0.034358167561363215,0.12282192839868374,0.005903063354526209,37.612816431149625,0.606730412671505,8.862782737663851,0.5273038054049438,1.730957821337668,0.9929154051612132,-0.023853406488041337,4.141162227602906,-0.044424824497179036,1.8940766790146397,2.0590564530798883,1.5785617641697884,REIT—Office,Real Estate,PDM
2009Q3,2009,Q3,2009-11-16,2009-09-30,-8260000.0,150540000.0,46438000.0,-0.02,93865000.0,0.6235219875116248,4431851000.0,2621115000.0,230831000.0,1673658000.0,1805131000.0,0.0,-774774000.0,7375807530.0,8890993530.0,5.543717597522504,0.13792005296183568,0.34579795214234416,0.5846843805021908,,5.543717597522504,-0.0031513306360079585,48.99566580310881,-223.23872669491524,2.8139961543083767,-6.000605326876514,0.0,0.0067199421620482555,0.03396774846446778,0.1246437444209032,-0.0018637810702571002,100.32109477435326,0.6235219875116248,-1.3333333333333335,-1.1842771873218556,-0.035812882954507845,-0.30802919467390893,-0.012228103591610806,-1.295253074063483,0.02191804938162933,-1.166436543632137,-0.05343367008433958,-0.11919840444969695,REIT—Office,Real Estate,PDM
2009Q2,2009,Q2,2009-08-13,2009-06-30,27976000.0,149579000.0,45442000.0,0.06,95027000.0,0.6352963985586212,4494484000.0,2675022000.0,220356000.0,1659328000.0,1813978000.0,0.0,-716949000.0,7403232127.2,8946228127.2,5.636773571732238,0.13279833764029775,0.3472089343292801,0.5833690339743001,,5.636773571732238,0.010458231745383776,49.49379342822188,66.15699284386618,2.767540650955394,1.765692021732914,0.0,0.00667235595902929,0.033280572363813064,0.12047527673853511,0.006224518765669207,112.74243702428996,0.6352963985586212,0.0,-0.5795491642281803,-0.12465216197834227,-0.30817124445350597,0.005002432472449606,-0.03657276671947104,-0.036715139695595034,-0.0427538386014664,0.029880082121597477,-0.13507912359763385,REIT—Office,Real Estate,PDM
2009Q1,2009,Q1,2009-05-14,2009-03-31,29038000.0,153748000.0,47174000.0,0.06,94554000.0,0.6149933657673595,4542347000.0,2677068000.0,232304000.0,1612596000.0,1859907000.0,0.0,0.0,7474206885.599999,8957326885.599998,5.587517369964732,0.1440559197715981,0.33353352352869564,0.5659269768268868,,5.587517369964732,0.010846941504661069,48.61336008013112,64.34849925614712,2.7919376293766165,1.7304222053860459,0.0,0.0067228537782127885,0.03384770031879995,0.13486142840488255,0.006392730454102252,101.10526730605342,0.6149933657673595,-0.0901136430967906,-0.4663054910611335,0.023046478912071157,-0.3188043280925745,-0.059669431350319234,-0.08090143698170539,-0.06402650741056726,-0.10290355513909158,0.07080409594773295,-0.15331350036062305,REIT—Office,Real Estate,PDM
2008Q4,2008,Q4,2009-03-13,2008-12-31,31594000.0,155416000.0,50401000.0,0.06594230097504648,100554000.0,0.6469990219797189,4557330000.0,2697040000.0,216509000.0,1635036000.0,1855036000.0,0.0,-674326000.0,7474206885.599999,8977498885.599998,5.629202488502227,0.13241849109132764,0.33432404500003293,0.5649248806098538,,5.629202488502227,0.011714323851333313,48.09161788747619,59.14261319870861,2.7712628976952507,2.206241691460404,0.0,0.009325939336024203,0.03410242400703921,0.1190927906174543,0.006932567972913965,119.32574812969969,0.6469990219797189,-0.05796712892790747,-0.38082708866598786,-0.15416853037205486,-0.5395778491896934,-0.009993206588624482,-0.009219769192172603,-0.04527286848136993,0.06571196050243625,0.10144005519272468,-0.12620705704597848,REIT—Office,Real Estate,PDM
2008Q3,2008,Q3,2008-11-14,2008-09-30,31888000.0,155295000.0,52791000.0,0.07,101569000.0,0.6540390868991275,4604707000.0,2742231000.0,246985000.0,1663924000.0,1857331000.0,0.0,0.0,7393843126.8,8894491126.8,5.785733192653541,0.1484352650722028,0.3363134722795609,0.5647317822605025,,5.785733192653541,0.011628487899086546,47.61159809910171,57.96728492536377,2.6962874851899783,2.171004766683392,0.0,0.009363060429165718,0.033725272856666016,0.13321642094230265,0.006925087741739051,88.16363353961725,0.6540390868991275,0.16666666666666682,-0.42404558122586955,-0.11828531257170494,-0.49675590185434726,0.049700289375775114,0.04653757794552019,0.12056632209038229,-0.07421839286075271,0.07618011947429693,-0.11864197901494179,REIT—Office,Real Estate,PDM
2008Q2,2008,Q2,2008-08-13,2008-06-30,30470000.0,152161000.0,47111000.0,0.06,96760000.0,0.6359053896859248,4718266000.0,2810997000.0,324653000.0,1740191000.0,1902247000.0,0.0,0.0,7478652932.4,8953114932.4,5.863563076984166,0.18656170500824334,0.3412732558952802,0.5728280748787707,,5.863563076984166,0.01083957044422317,49.1496042507607,61.36078874630784,2.660498368514801,2.2882835575976372,0.0,0.00932306935891256,0.03224934753572605,0.174434300602635,0.006457880924899105,100.98781895077983,0.6359053896859248,-0.25000000000000006,-0.41273394899458715,-0.06437377698650826,-0.43885947988164803,-0.049536850583971004,-0.1844436712079441,-0.1202920471308797,-0.9545212732299037,-0.6601971323028558,-0.7030845889537047,REIT—Office,Real Estate,PDM
2008Q1,2008,Q1,2008-05-14,2008-03-31,37361000.0,159093000.0,53553000.0,0.08,101803000.0,0.6398961613647364,4579951000.0,2848964000.0,242507000.0,1489844000.0,1724375000.0,0.0,0.0,7580002170.0,8923206170.0,5.863301540453253,0.16277341788804733,0.3056515233459921,0.4913607191947669,,5.863301540453253,0.013113889821001598,47.64510173294865,50.721354955702466,2.6606170418439827,1.8939803538449185,0.0,0.009335221601922048,0.03473683452071867,0.1506701372761175,0.008157510855465485,99.79201887885411,0.6398961613647364,0.48774517758726266,-0.26389251103597744,0.1684684960100147,-0.37513935824825784,0.04355536420854091,0.4299219228413962,0.29614928479802505,-0.7605317551796142,-0.6366847984288131,-0.7466358062878138,REIT—Office,Real Estate,PDM
2007Q4,2007,Q4,2008-03-26,2007-12-31,26128000.0,149010000.0,41317000.0,0.05377264951363464,97554000.0,0.6546808938997383,4579746000.0,2880445000.0,211108000.0,1412078000.0,1692755000.0,0.0,0.0,7580002170.0,8816516170.0,5.928090915045213,0.14950165642407856,0.2841926167957786,0.4518503217384814,,5.928090915045213,0.00907082065444749,50.86908375276827,72.52757740737906,2.631538588655572,2.765883343539498,0.0,0.009533902283830087,0.03253673893705022,0.13405845852707854,0.005705119890928449,101.50247957899248,0.6546808938997383,-0.10378917477275595,-0.6090913858823365,-0.31382289287981696,-0.5297662440530627,0.03579202191478292,-0.10394732329640934,-0.055287527152166456,-0.4777474148212209,-0.08498786129262122,-0.2506239764469897,REIT—Office,Real Estate,PDM
2007Q3,2007,Q3,2007-11-14,2007-09-30,29159000.0,149861000.0,43735000.0,0.06,94183000.0,0.6284690479844656,4537123000.0,2925601000.0,206546000.0,1296928000.0,1605150000.0,0.0,0.0,7622531155.2,8751881155.2,5.9874305097284335,0.1592578770756742,0.2618833564794254,0.4061377474235208,,5.9874305097284335,0.009966841001216501,50.86400834907014,65.35315987516718,2.605458213611494,2.4559484207277342,0.0,0.009394910764142495,0.03302996193843544,0.13904472723235214,0.0064267598652273696,108.23308042654095,0.6284690479844656,0.0,-0.8073684015680727,-0.47111594246237415,-0.5004713368739002,0.00857767021481656,0.03415378067811037,0.057473765655979496,-0.3705307480888483,-0.07122951391841065,-0.2526446308335833,REIT—Office,Real Estate,PDM
2007Q2,2007,Q2,2007-08-07,2007-06-30,28196000.0,146164000.0,41358000.0,0.06,93382000.0,0.6388850879833612,4551577000.0,2967241000.0,189967000.0,1304533000.0,1578128000.0,0.0,0.0,7502372061.599999,8656834061.599998,6.169909892489142,0.1456206933822295,0.2658724657409948,0.4078330678229372,,6.169909892489142,0.009502430035174089,51.32845339208013,66.51982605334089,2.52839997209529,2.51709462335083,0.0,0.009459941391504929,0.03211282595021462,0.12759048640394685,0.006194776008403242,110.70017207106179,0.6388850879833612,-0.4545454545454546,0.0,0.0,0.0,-0.026794368076037228,-0.43750872783130845,-0.01526226814924165,-0.5818425184839039,-0.15594018113217886,-0.24273681948820847,REIT—Office,Real Estate,PDM
2007Q1,2007,Q1,2007-05-09,2007-03-31,50127000.0,148216000.0,41999000.0,0.11,95953000.0,0.6473862470988287,4378714000.0,2832739000.0,187426000.0,1294545000.0,1539745000.0,0.0,0.0,7273597578.0,8425590578.0,6.075498118518539,0.14478137106087466,0.2756626717342124,0.42610632324404046,,6.075498118518539,0.01769559426406739,49.074307618610675,36.27584723801544,2.567690697236844,1.3634169210206077,0.0,0.009396175588090803,0.033849207781097373,0.13059491945046328,0.011447881729658525,104.43069027997129,0.6473862470988287,1.0244005545687784,0.029234933875457687,0.13443883501740914,-0.3525252578079881,0.6379542855191956,0.978567199526347,0.31246875,-0.05329734999343769,0.013437158290177064,-0.259312723524892,REIT—Office,Real Estate,PDM
