Quarters,Year,Quarter,FillingDate,Date,NetIncome,Revenue,OperatingIncome,EPSDiluted,GrossProfit,GrossProfitRatio,TotalAssets,CommonStockEquity,CurrentAssets,CurrentLiability,TotalLiability,Inventory,RetainedEarnings,MarketCap,EnterpriseValue,bookValuePerShare,currentRatio,debtToAssets,debtToEquity,roic,shareholdersEquityPerShare,roe,priceToSalesRatio,peRatio,pbRatio,payoutRatio,inventoryTurnover,dividendYield,assetTurnover,quickRatio,returnOnAssets,priceToFreeCashFlowsRatio,grossProfitMargin,epsdilutedGrowth,fiveYNetIncomeGrowthPerShare,fiveYRevenueGrowthPerShare,fiveYShareholdersEquityGrowthPerShare,grossProfitGrowth,netIncomeGrowth,operatingIncomeGrowth,threeYNetIncomeGrowthPerShare,threeYRevenueGrowthPerShare,threeYShareholdersEquityGrowthPerShare,Industry,Sector,Symbol
2023Q1,2023,Q1,2023-05-05,2023-03-31,701624000.0,2405397000.0,1434888000.0,4.01,2405397000.0,1.0,202956407000.0,25377171000.0,24124165000.0,11041106000.0,177579236000.0,0.0,16212095000.0,20042394663.719997,10376421663.719997,151.39649664531677,2.1849409832674374,0.0712379185940161,0.5697322211368635,0.027287538288518084,151.39649664531677,0.02764784143985159,8.332260605513351,7.141429976639909,0.789780494591773,0.36211845660923797,0.0,0.012676678823210179,0.011851791404643855,5.568494043984361,0.00345701823544797,53.81924550276314,1.0,-0.06526806526806532,0.7634013644476962,0.48632735643109126,0.4315840179161222,0.013690357539747592,-0.08328901931220284,0.1429199543114943,1.022604664613554,0.2376150722809562,0.24343641694616022,Banks—Regional,Financial Services,MTB
2022Q4,2022,Q4,2023-02-22,2022-12-31,765371000.0,2372911000.0,1255458000.0,4.29,2372911000.0,1.0,200729841000.0,25317990000.0,75128309000.0,3554951000.0,175411851000.0,-11512089000.0,15753978000.0,24818892883.86,5862417883.860001,147.97709336133806,21.133430249812164,0.03746073808726825,0.29700177620735296,0.028954443251059375,147.97709336133806,0.030230322391311473,10.459259906444027,8.106817766762786,0.9802868586274028,0.2893341921760819,0.0,0.008922557546634567,0.011821416228790816,11.577356199846355,0.003812940797377506,28.657872876526632,1.0,0.21529745042492926,1.0880813653737569,0.4339791405000509,0.3703403947467407,0.058498864736346724,0.18369275405353575,0.1851837167018788,0.19297757265683282,0.1920415740789921,0.23803978896416098,Banks—Regional,Financial Services,MTB
2022Q3,2022,Q3,2022-11-07,2022-09-30,646596000.0,2241770000.0,1059294000.0,3.53,2241770000.0,1.0,197955479000.0,25256493000.0,39859929000.0,5394262000.0,172698986000.0,0.0,15219828000.0,30821431406.079998,7551235406.079998,144.48468622653044,7.389320170210494,0.022111749682866822,0.17330759262578538,0.02727194927065042,144.48468622653044,0.025601179071061055,13.74870366098217,11.916804080940803,1.2203369409236666,0.3753502960117291,0.0,0.00787439093280151,0.011324617087259303,7.389320170210494,0.0032663708186627155,28.07271918026366,1.0,2.268518518518518,0.5720220143878634,0.3694204916008343,0.339326299194224,0.13059853733350077,1.972554500234459,1.4352705871534324,0.02453027735414035,0.09476821115619792,0.21752405706512404,Banks—Regional,Financial Services,MTB
2022Q2,2022,Q2,2022-08-05,2022-06-30,217522000.0,1982817000.0,434980000.0,1.08,1982817000.0,1.0,204032889000.0,25794531000.0,47569649000.0,4862599000.0,178238358000.0,0.0,14808637000.0,28370829619.44,-2618214380.5600014,144.91611106334483,9.782762057903602,0.020274594063116953,0.16037058398154244,0.01138492354374468,144.91611106334483,0.008432872844247487,14.308344955404356,32.60685082364082,1.099877707388438,1.0550335138514726,0.0,0.008089047908657169,0.0097181244147359,9.782762057903602,0.0010661124344516829,25.16177262425978,1.0,-0.6142857142857142,-0.509888130594331,0.2168509067927991,0.3600544891454682,0.37213377151552773,-0.399399183817723,-0.25191372706838167,-0.650061142638086,-0.028284989983946855,0.2515347293065429,Banks—Regional,Financial Services,MTB
2022Q1,2022,Q1,2022-05-05,2022-03-31,362174000.0,1445061000.0,581457000.0,2.8,1445061000.0,1.0,149863552000.0,17876020000.0,46980894000.0,2180232000.0,131987532000.0,0.0,14830671000.0,21886123573.5,-12056824426.5,138.44321859119654,21.548575564435346,0.023313834173635493,0.1954514483649045,0.020732229610734232,138.44321859119654,0.020260326403752065,15.14546692042758,15.107464625773797,1.2243286578052608,0.5173618205613876,0.0,0.008561360780530183,0.009642511342584486,21.548575564435346,0.0024166916849802144,17.2622557486631,1.0,-0.21126760563380284,0.24001771354993875,0.26835185023385455,0.31719435026903153,-0.044543549122934616,-0.2091718198651434,-0.06915497354539706,-0.19854149448632571,-0.004589437578860507,0.22510246969473463,Banks—Regional,Financial Services,MTB
2021Q4,2021,Q4,2022-02-16,2021-12-31,457968000.0,1512430000.0,624655000.0,3.55,1512430000.0,1.0,155107160000.0,17903405000.0,51840591000.0,2127931000.0,137203755000.0,0.0,14646448000.0,19786344917.5,-19938167082.5,138.96477350236205,24.361969913498136,0.022470716374408506,0.19467631995142823,0.02229404546523643,138.96477350236205,0.02557993856475905,13.082486407635395,10.801161280646246,1.1051721679479407,0.3658137686475911,0.0,0.008467000888669815,0.009750871590969754,24.361969913498136,0.0029525909700106687,31.165487836284022,1.0,-0.03794037940379407,0.671624242934483,0.3606379198091979,0.31030450653905284,-0.015586028420126323,-0.07567109352924554,0.0,-0.09075667015349559,0.06534822357957296,0.25583497639948455,Banks—Regional,Financial Services,MTB
2021Q3,2021,Q3,2021-11-05,2021-09-30,495460000.0,1536376000.0,0.0,3.69,1536376000.0,1.0,151901194000.0,17528771000.0,0.0,0.0,134372423000.0,0.0,14365913000.0,19210815048.72,-17110745951.279999,136.2642165103983,0.0,0.023725547542437355,0.20560135105878216,0.0,136.2642165103983,0.028265529853747307,12.503980177196208,9.69342381257821,1.0959590406378177,0.3290639002139426,0.0,0.00848678203327261,0.010114311543857911,0.0,0.0032617255134939887,43.30524971871943,1.0,0.08211143695014657,0.7136280592266899,0.37790615806316297,0.29846315920589744,0.055222864709716456,0.08162744040744953,0.0,0.0451532664127412,0.14559194428131622,0.26022056409343985,Banks—Regional,Financial Services,MTB
2021Q2,2021,Q2,2021-08-05,2021-06-30,458069000.0,1455973000.0,0.0,3.41,1455973000.0,1.0,150622707000.0,16720304000.0,0.0,0.0,133902403000.0,0.0,14030215000.0,18696794741.68,-12987814258.32,129.94887133374422,0.0,0.02383892224165112,0.21474986339961283,0.0,129.94887133374422,0.027395973183262697,12.841443310885573,10.204136681198685,1.1182090195058656,0.33741423235364104,0.0,0.008266604096339997,0.009666357941634921,0.0,0.0030411682881253755,35.71287037764717,1.0,0.024024024024024045,0.6746458235750291,0.3632224704457198,0.2470448205609297,-0.0208608917459598,0.024192340284718356,0.0,0.04651996277458707,0.1188304285788086,0.2093169362698948,Banks—Regional,Financial Services,MTB
2021Q1,2021,Q1,2021-05-06,2021-03-31,447249000.0,1486993000.0,0.0,3.33,1486993000.0,1.0,150481060000.0,16446508000.0,0.0,0.0,134034552000.0,0.0,13731893000.0,19490444294.16,-9618311705.84,127.93218257354575,0.0,0.023640583074042675,0.21630488368716325,0.0,127.93218257354575,0.027194161824504022,13.107287185723134,10.89462709483979,1.1850810089387973,0.3651925437507965,0.0,0.00838010655554629,0.009881595730386269,0.0,0.0029721281867631714,20.224156466612225,1.0,-0.053977272727272714,0.846858140793956,0.4177975698894656,0.2396268548248691,-0.034752325498367445,-0.05070891879271554,0.0,0.46564774294056804,0.19803669231946783,0.20970875817872414,Banks—Regional,Financial Services,MTB
2020Q4,2020,Q4,2021-02-22,2020-12-31,471140000.0,1540530000.0,0.0,3.52,1540530000.0,1.0,142601105000.0,16187283000.0,0.0,0.0,126413822000.0,0.0,13444428000.0,16341739687.5,-4492620312.5,126.09680274592857,0.0,0.03073042807066607,0.27071825457057863,0.0,126.09680274592857,0.029105563917057608,10.607868517653015,8.67138201357346,1.0095418537811442,0.3283949569130195,0.0,0.009467780233847884,0.010803071967780334,0.0,0.0033039014669626857,26.47709049939809,1.0,0.28,1.036282084153854,0.43370861058757604,0.1721326747761678,0.052521904053958034,0.2660425220886988,0.0,0.7131296807228558,0.24078459086245707,0.16771818209198516,Banks—Regional,Financial Services,MTB
2020Q3,2020,Q3,2020-11-04,2020-09-30,372136000.0,1463656000.0,0.0,2.75,1463656000.0,1.0,138626743000.0,16101013000.0,0.0,0.0,122525730000.0,0.0,13132374000.0,11834402190.19,-4347758809.809999,125.29084810038847,0.0,0.0397110101620147,0.3419044503597382,0.0,125.29084810038847,0.023112583040582602,8.085507926855763,7.950320709491961,0.7350097903895861,0.437479846077778,0.0,0.013756672908662252,0.01055825137578252,0.0,0.002684445958598335,-313.6519623171928,1.0,0.5804597701149425,0.36994763422362886,0.3296829728654069,0.28619708745084793,0.013324471583553146,0.5437868693321828,0.0,0.23067866175342575,0.21619205536522676,0.16140562914816617,Banks—Regional,Financial Services,MTB
2020Q2,2020,Q2,2020-08-05,2020-06-30,241054000.0,1444410000.0,0.0,1.74,1444410000.0,1.0,139536969000.0,15945105000.0,0.0,0.0,123591864000.0,0.0,12919345000.0,13330806329.52,-2538760670.4799995,124.35951178578802,0.0,0.045676705217812204,0.39972072933981934,0.0,124.35951178578802,0.015117743031482075,9.22923984846408,13.825539432575274,0.836043809653182,0.6402382868568869,0.0,0.011577094152080223,0.010351450302750951,0.0,0.001727527849626718,27.576319165768542,1.0,-0.09844559585492225,-0.13173422877294005,0.26051672759834926,0.29977232200887416,-0.04100148390116621,-0.10329511721510888,0.0,-0.24600413357624457,0.23057422055456248,0.1671284236869164,Banks—Regional,Financial Services,MTB
2020Q1,2020,Q1,2020-05-07,2020-03-31,268822000.0,1506165000.0,0.0,1.93,1506165000.0,1.0,124577833000.0,15815794000.0,0.0,0.0,108762039000.0,0.0,12837390000.0,13435235436.130001,9621351436.130001,121.7565245653185,0.0,0.051217900057709306,0.40343311249501607,0.0,121.7565245653185,0.016997060027463685,8.920161759256125,12.494546052899318,0.8494821971081566,0.6119811622560654,0.0,0.012244965916830112,0.012090152507308423,0.0,0.0021578638312002105,-30.124589252492775,1.0,-0.4638888888888889,0.12916762463459136,0.3846004436780442,0.2811876045124632,-0.015496711164913688,-0.4547950984249573,0.0,-0.08509539170593756,0.31409422187887603,0.15843165088064695,Banks—Regional,Financial Services,MTB
2019Q4,2019,Q4,2020-02-20,2019-12-31,493066000.0,1529873000.0,0.0,3.6,1529873000.0,1.0,119872757000.0,15716649000.0,0.0,0.0,104156108000.0,0.0,12820916000.0,22320804684.5,20582352684.5,119.52531306376433,0.0,0.05743178994373175,0.4380391138085479,0.0,119.52531306376433,0.03137220917766885,14.589972294759107,11.317351371063914,1.4202012582007781,0.320409438087396,0.0,0.007077836226473792,0.012762474462817268,0.0,0.004113244846783661,20.818150575929415,1.0,0.03746397694524493,0.7797138831051568,0.3473379926941157,0.27636255244093766,-0.017844612687291074,0.0270475190644912,0.0,0.7633536936236144,0.34850796166723447,0.1270090426929633,Banks—Regional,Financial Services,MTB
2019Q3,2019,Q3,2019-11-05,2019-09-30,480081000.0,1557669000.0,0.0,3.47,1557669000.0,1.0,125500926000.0,15779811000.0,0.0,0.0,109721115000.0,0.0,12490233000.0,21005457620.54,19207492620.54,118.6709087086253,0.0,0.09973169440996794,0.7931920097141848,0.0,118.6709087086253,0.030423748421321395,13.485186917464494,10.938496639390019,1.331160279457086,0.31518014668358046,0.0,0.007203461249615476,0.012411613600364989,0.0,0.0038253183884874283,29.593279309866794,1.0,0.03892215568862286,0.8804238870254657,0.494225022781409,0.37987198199568856,0.0026345669603546912,0.014412796348730085,0.0,0.6063293677359858,0.3514793621825728,0.13081634323181007,Banks—Regional,Financial Services,MTB
2019Q2,2019,Q2,2019-08-05,2019-06-30,473260000.0,1553576000.0,0.0,3.34,1553576000.0,1.0,121554895000.0,15691827000.0,0.0,0.0,105863068000.0,0.0,12162278000.0,23147976818.22,25351509818.22,115.79072291796547,0.0,0.10091652006280784,0.7817379709832386,0.0,115.79072291796547,0.03015964935121959,14.899803304260622,12.227938563485187,1.475161357451876,0.3239952668723323,0.0,0.006624077827800022,0.012780859215912283,0.0,0.003893384959939293,1550.9532206512563,1.0,-0.0029850746268657406,0.7548781908825263,0.45008730888300635,0.35958508308718395,0.0017738945400029016,-0.019641961958976016,0.0,0.6427208892750533,0.3810767995113618,0.11117718685686473,Banks—Regional,Financial Services,MTB
2019Q1,2019,Q1,2019-05-02,2019-03-31,482742000.0,1550825000.0,0.0,3.35,1550825000.0,1.0,120025205000.0,15587529000.0,0.0,0.0,104437676000.0,0.0,11842371000.0,22308408525.87,25516841525.87,113.00541955947014,0.0,0.10063377937992274,0.7748880531352981,0.0,113.00541955947014,0.030969757939183305,14.384865169100317,11.552966453027704,1.4311702981190924,0.32514883726711163,0.0,0.007036046512147089,0.012920827754470406,0.0,0.004022005211322072,58.308002503606936,1.0,-0.10904255319148928,1.1470861900156175,0.461307537870043,0.33570985934265035,0.007319642806107735,-0.11621162940139394,0.0,0.8578691969260712,0.37811032324804256,0.09499072093246597,Banks—Regional,Financial Services,MTB
2018Q4,2018,Q4,2019-02-20,2018-12-31,546219000.0,1539556000.0,0.0,3.76,1539556000.0,1.0,120097403000.0,15460191000.0,0.0,0.0,104637212000.0,0.0,11516672000.0,19997392778.22,22522516778.22,110.65528203456962,0.0,0.10188196992069845,0.7914365352924811,0.0,110.65528203456962,0.03533067605697756,12.989064885083753,9.152644259088387,1.293476437530429,0.28906903641213505,0.0,0.007895779302388363,0.012819228072733595,0.0,0.00454813331808682,39.06801412535825,1.0,0.06515580736543909,1.4901439000173091,0.38897946484503354,0.38039145618893333,0.03441705210934119,0.03825954064981153,0.0,1.1691118373299882,0.31647738497177735,0.0285960380028682,Banks—Regional,Financial Services,MTB
2018Q3,2018,Q3,2018-11-05,2018-09-30,526091000.0,1488332000.0,0.0,3.53,1488332000.0,1.0,116827637000.0,15436085000.0,0.0,0.0,101391552000.0,0.0,11128343000.0,23510893247.75,26125914247.75,108.12727580621745,0.0,0.08945124859454275,0.6770096173997487,0.0,108.12727580621745,0.03408189317433792,15.796806927318636,11.172446044386808,1.523112450323382,0.30637855428053323,0.0,0.006855673168241929,0.012739554083422915,0.0,0.0045031382428799786,23.600836033875098,1.0,0.08282208588957056,0.7301325224274663,0.24860474650678246,0.3569945326579272,0.015094110561921592,0.06677548868521373,0.0,0.7433922273318874,0.21714091328586474,0.11000116388804476,Banks—Regional,Financial Services,MTB
2018Q2,2018,Q2,2018-08-02,2018-06-30,493160000.0,1466201000.0,0.0,3.26,1466201000.0,1.0,118426053000.0,15577885000.0,0.0,0.0,102848168000.0,0.0,10763638000.0,24666530648.75,28250683648.75,107.45642224656837,0.0,0.09813492644224156,0.7460404284663804,0.0,107.45642224656837,0.031657699360343204,16.82343051788261,12.504324483306634,1.5834325807868015,0.27199894557547244,0.0,0.005438097554541891,0.01238073010843315,0.0,0.004164286383841569,2598.9390631914443,1.0,0.46188340807174877,0.3288371498328503,0.15812378454824338,0.36491856812368145,0.022303521164569,0.39859901874592324,0.0,0.5710805074563194,0.13168066643147444,0.12310575566403734,Banks—Regional,Financial Services,MTB
2018Q1,2018,Q1,2018-05-04,2018-03-31,352610000.0,1434213000.0,0.0,2.23,1434213000.0,1.0,118622824000.0,15709694000.0,0.0,0.0,102913130000.0,0.0,10404458000.0,27386431141.960003,30176513141.960003,105.75453117009248,0.0,0.08613165371952365,0.6503742211656064,0.0,105.75453117009248,0.022445376720896026,19.095093366159702,19.416941622444064,1.7432822779336123,0.3677887751340007,0.0,0.0047354107341610555,0.012090531582691034,0.0,0.0029725308175094535,57.69998239059488,1.0,0.10945273631840807,0.18685014602723338,0.21112264381717644,0.39061745158439976,-0.014627245701314254,0.09369329689860206,0.0,0.2951445716000363,0.1529104747809251,0.11280602776619651,Banks—Regional,Financial Services,MTB
2017Q4,2017,Q4,2018-02-22,2017-12-31,322403000.0,1455503000.0,0.0,2.01,1455503000.0,1.0,118593487000.0,16250819000.0,0.0,0.0,102342668000.0,0.0,10164804000.0,25732378631.530003,27127345631.530003,107.98564643399163,0.0,0.06656991205596308,0.48580677687690693,0.0,107.98564643399163,0.019839184720474703,17.6793717577566,19.9535818769754,1.5834511867697254,0.4067207811341706,0.0,0.0050958367229731434,0.012273043291154766,0.0,0.0027185556994373562,36.78061260792318,1.0,-0.09049773755656117,-0.017271929956493553,0.20315505650096488,0.43804927793201015,0.027489070376679327,-0.09417767326078955,0.0,0.016798858271703788,0.12001831565517548,0.15313511235854543,Banks—Regional,Financial Services,MTB
2017Q3,2017,Q3,2017-11-03,2017-09-30,355923000.0,1416563000.0,0.0,2.21,1416563000.0,1.0,120401804000.0,16318052000.0,0.0,0.0,104083752000.0,0.0,9909415000.0,24359403665.52,25463080665.52,107.87862996004517,0.0,0.07290931454814414,0.5379571654753889,0.0,107.87862996004517,0.021811610846686848,17.196131527874158,17.110023562343542,1.4927887020779194,0.3705352000292198,0.0,0.005414007740537384,0.011765297137906671,0.0,0.0029561268035485583,56.65952667556743,1.0,-0.059574468085106434,0.07936086678404038,0.1262842168597828,0.46016858309619363,0.012542386934817042,-0.06594883126494215,0.0,0.2255243176525994,0.19454182647943927,0.25438239715044475,Banks—Regional,Financial Services,MTB
2017Q2,2017,Q2,2017-08-07,2017-06-30,381053000.0,1399016000.0,0.0,2.35,1399016000.0,1.0,120896567000.0,16283537000.0,0.0,0.0,104613030000.0,0.0,9685478000.0,24749665577.949997,27530938577.949997,106.55169496510146,0.0,0.07568105718006038,0.5618914367314669,0.0,106.55169496510146,0.023401119793568192,17.690766637372267,16.237679258495536,1.5199195099903662,0.34953667862475823,0.0,0.005381567665248115,0.011572007665031548,0.0,0.003151892642245168,80.06232192912366,1.0,0.10849056603773584,0.45814559947050254,0.19414999348080805,0.5101003013470227,0.02785310464659229,0.09207083430058437,0.0,0.25297938544410015,0.1579656932575501,0.2511027775069803,Banks—Regional,Financial Services,MTB
2017Q1,2017,Q1,2017-05-05,2017-03-31,348927000.0,1361105000.0,0.0,2.12,1361105000.0,1.0,123223251000.0,16213104000.0,0.0,0.0,107010147000.0,0.0,9437450000.0,23868155901.84,23908765901.84,105.10462526879202,0.0,0.0671360391230061,0.5102490553320327,0.0,105.10462526879202,0.021521295367006837,17.535866741978026,17.10110990396272,1.4721521493873104,0.3838453315449937,0.0,0.005611409635114501,0.011045845560429176,0.0,0.0028316652674583304,18.878628723391298,1.0,0.07070707070707077,0.37623615378976843,0.10632691371199157,0.40028205491204916,0.014823783964337027,0.055528161877478666,0.0,0.38772250610246195,0.146843407744685,0.2423234636119289,Banks—Regional,Financial Services,MTB
2016Q4,2016,Q4,2017-02-22,2016-12-31,330571000.0,1341223000.0,0.0,1.98,1341223000.0,1.0,123449206000.0,16486622000.0,0.0,0.0,106962584000.0,0.0,9222488000.0,24317517482.9,26405471482.9,106.05532745164247,0.0,0.06811822669803158,0.5100584583063771,0.0,106.05532745164247,0.020050863057332183,18.13085332036507,18.390540521476478,1.4749848381857726,0.3996599822730972,0.0,0.005432955896624873,0.01086457372597439,0.0,0.0026777896003640556,352.91368526086643,1.0,-0.05714285714285719,0.8080582809399719,0.1176694907318725,0.43694808445862016,-0.006273292385658929,-0.05546824997714181,0.0,0.35445913818171354,0.0875390020503523,0.32300840236285333,Banks—Regional,Financial Services,MTB
2016Q3,2016,Q3,2016-11-04,2016-09-30,349984000.0,1349690000.0,0.0,2.1,1349690000.0,1.0,126841028000.0,16340976000.0,0.0,0.0,110500052000.0,0.0,9021965000.0,18078317961.3,16179639961.3,104.94268978238364,0.0,0.08050360487459941,0.624880668082494,0.0,104.94268978238364,0.021417570162271825,13.394422394253494,12.913674597481597,1.106318126977238,0.36353376154338485,0.0,0.007037767577291295,0.01064079991530816,0.0,0.0027592333925265883,45.953919693391725,1.0,0.06060606060606066,0.5291354843854857,0.07800653990464333,0.394459720289673,0.02866989870228257,0.041522954727391224,0.0,0.055219449404903774,0.03809067897642419,0.31702805989793514,Banks—Regional,Financial Services,MTB
2016Q2,2016,Q2,2016-08-04,2016-06-30,336031000.0,1312073000.0,0.0,1.98,1312073000.0,1.0,123820584000.0,16471514000.0,0.0,0.0,107349070000.0,0.0,8801305000.0,18688341451.71,19457991451.71,104.20545371840949,0.0,0.08503376950636898,0.6392205962366301,0.0,104.20545371840949,0.020400735475803865,14.243370187260922,13.903733176187616,1.1345855306142472,0.4000999907746607,0.0,0.007194110849665478,0.010596566076606456,0.0,0.0027138541036117224,102.96663591375159,1.0,0.14450867052023122,-0.12515724537384784,-0.016487351488030776,0.4953869154916239,0.01483180794757819,0.12562640690320506,0.0,-0.1695828544761797,-0.049499140232213266,0.3236245512962091,Banks—Regional,Financial Services,MTB
2016Q1,2016,Q1,2016-04-29,2016-03-31,298528000.0,1292897000.0,0.0,1.73,1292897000.0,1.0,124625632000.0,16355053000.0,0.0,0.0,108270579000.0,0.0,8596752000.0,17590820682.0,18768616682.0,103.20217094007667,0.0,0.09549521883267159,0.7276743156992521,0.0,103.20217094007667,0.018252952161023264,13.605740195854736,14.731298807817023,1.0755587696352924,0.43335298531461036,0.0,0.007354290191382442,0.010374246286670786,0.0,0.0023953980831166416,40.72769442457162,1.0,0.04848484848484853,0.18474484009404665,0.18933413672339244,0.5737336047478827,0.027432977107001405,0.10172162456405809,0.0,-0.05812785545851773,0.023396708392623037,0.357055233121332,Banks—Regional,Financial Services,MTB
2015Q4,2015,Q4,2016-02-19,2015-12-31,270965000.0,1258376000.0,0.0,1.65,1258376000.0,1.0,122787884000.0,16173289000.0,0.0,0.0,106614595000.0,0.0,8430502000.0,18218054329.84,19991877329.84,107.57895028394137,0.0,0.08743707155992687,0.6638237281235746,0.0,107.57895028394137,0.016753858785309533,14.477433080287609,16.808494021220454,1.126428540900988,0.43228830291735093,0.0,0.006429610861799902,0.010248372714037486,0.0,0.002206773104747045,40.00661943062436,1.0,-0.1450777202072539,0.14371362296009121,0.3549909354769706,0.6698830104564445,0.1074845522144393,-0.033651805806684,0.0,-0.17322818976203389,0.041254996657116835,0.4326332886387015,Banks—Regional,Financial Services,MTB
2015Q3,2015,Q3,2015-10-30,2015-09-30,280401000.0,1136247000.0,0.0,1.93,1136247000.0,1.0,97797062000.0,12921934000.0,0.0,0.0,84875128000.0,0.0,8273747000.0,16176981765.15,20562083765.15,97.4118580447932,0.0,0.1058116858357156,0.8008144910815982,0.0,97.4118580447932,0.02169961555290408,14.237205260079895,14.423077811018862,1.2519009743549223,0.396713991747533,0.0,0.0068763754336202375,0.011618416512348807,0.0,0.0028671720219979615,24.130054780297968,1.0,-0.025252525252525276,0.41865763610215384,0.2505078590922862,0.524991177853457,-0.0397528577199426,-0.02192976336644715,0.0,-0.030367034550488146,0.030153761897322287,0.31849778580534066,Banks—Regional,Financial Services,MTB
2015Q2,2015,Q2,2015-08-05,2015-06-30,286688000.0,1183286000.0,0.0,1.98,1183286000.0,1.0,97080076000.0,12667997000.0,0.0,0.0,84412079000.0,0.0,8107525000.0,16541045949.09,21476546949.09,95.67791964794505,0.0,0.10639887632556036,0.8153783901275,0.0,95.67791964794505,0.022630886319281573,13.978907845685658,14.424257336451126,1.3057349120851545,0.4078091862931131,0.0,0.0070681140938630895,0.012188762604594582,0.0,0.002953108524554513,192.5168290164106,1.0,0.20000000000000007,0.47297695117640287,0.3548661218657881,0.5163350397491614,0.0718345045480814,0.18655867027022552,0.0,0.2662433451580054,0.16578397198479639,0.3559920875959803,Banks—Regional,Financial Services,MTB
2015Q1,2015,Q1,2015-05-08,2015-03-31,241613000.0,1103982000.0,0.0,1.65,1103982000.0,1.0,98377783000.0,12528301000.0,0.0,0.0,85849482000.0,0.0,7934820000.0,16742348786.0,19883679786.0,95.03411064584185,0.0,0.10879120949493241,0.8542768887816472,0.0,95.03411064584185,0.019285376365079352,15.165418264065899,17.323518173690985,1.3363622717876908,0.4594082272063175,0.0,0.006629834404884557,0.011221862968796521,0.0,0.0024559711820299913,37.307358782266114,1.0,-0.14062500000000003,0.44794829359832944,0.17601076581357944,0.4318048329839085,-0.029493675782307664,-0.12947623662848723,0.0,0.11509112706859542,0.04999085581404641,0.2661151628824785,Banks—Regional,Financial Services,MTB
2014Q4,2014,Q4,2015-02-20,2014-12-31,277549000.0,1137532000.0,0.0,1.92,1137532000.0,1.0,96685535000.0,12335896000.0,0.0,0.0,84349639000.0,0.0,7807119000.0,16547929132.24,16586732132.24,93.6452678239283,0.0,0.08067013333483648,0.6322714620810681,0.0,93.6452678239283,0.02249929798370544,14.547220765868564,14.905412316599952,1.341445253124702,0.4192016544826319,0.0,0.0070310308359563594,0.011765275953636705,0.0,0.0028706362332276488,54.83623001703284,1.0,0.005235602094240842,0.6050283924722174,0.7766543250713728,0.5718488292768866,0.011783499542820142,0.008008164332616655,0.0,0.7914375328800423,0.11864002569299463,0.26880366551660906,Banks—Regional,Financial Services,MTB
2014Q3,2014,Q3,2014-11-06,2014-09-30,275344000.0,1124284000.0,0.0,1.91,1124284000.0,1.0,97228342000.0,12333316000.0,0.0,0.0,84895026000.0,0.0,7642995000.0,17680813375.57,17784872375.57,86.00139017026298,0.0,0.09489002702524743,0.7480551053747427,0.0,86.00139017026298,0.022325220565174848,15.726287464350644,16.053385379352736,1.433581477647212,0.40168661746760415,0.0,0.006255481444808495,0.01156333613094009,0.0,0.002831931454719242,60.47761909599012,1.0,-0.03535353535353539,0.7658828716318157,0.021630649574541028,0.32652394518229505,-0.004689349413632134,-0.031624556862303754,0.0,0.30624549749847607,-0.024977116052418834,0.14277111373868573,Banks—Regional,Financial Services,MTB
2014Q2,2014,Q2,2014-08-07,2014-06-30,284336000.0,1129581000.0,0.0,1.98,1129581000.0,1.0,90835002000.0,12168755000.0,0.0,0.0,78666247000.0,0.0,7481077000.0,17724563208.6,20418398208.6,85.16622045826045,0.0,0.08315695308731319,0.6207341671354218,0.0,85.16622045826045,0.023366071549636755,15.69127243517729,15.584170847694276,1.456563404275951,0.4079539699510438,0.0,0.006544364373600952,0.012435525679847511,0.0,0.0031302470825068074,-157.38938701960643,1.0,0.2298136645962732,3.375311472503724,0.04783667629848875,0.2952395283477972,0.044946595448263356,0.24154975394839684,0.0,-0.18106995954369765,-0.06329329788276761,0.222166855674448,Banks—Regional,Financial Services,MTB
2014Q1,2014,Q1,2014-05-08,2014-03-31,229017000.0,1080994000.0,0.0,1.61,1080994000.0,1.0,88530360000.0,11886863000.0,0.0,0.0,76643497000.0,0.0,7309912000.0,17042798835.1,18553967835.1,84.60326826896679,0.0,0.07321111085507842,0.5452579036201561,0.0,84.60326826896679,0.019266395179283215,15.765858862398867,18.604294479339963,1.433750757882883,0.4300379447813918,0.0,0.0057787456715833576,0.012210432669651406,0.0,0.002586875282106613,31.3072081736236,1.0,0.032051282051282076,1.803063950921655,0.18591863251996313,0.35376967564100276,-0.03384855737863158,0.034301017965694465,0.0,0.025157236287669766,0.12162129403562176,0.2901182710941366,Banks—Regional,Financial Services,MTB
2013Q4,2013,Q4,2014-02-21,2013-12-31,221422000.0,1118866000.0,0.0,1.56,1118866000.0,1.0,85162391000.0,11305532000.0,0.0,0.0,73856859000.0,0.0,7188004000.0,16419075946.82,17163901946.82,80.16224784531288,0.0,0.04660889570373852,0.35109581751659275,0.0,80.16224784531288,0.019585279135913285,14.674747419994887,18.538216557997853,1.45230458388159,0.5138920251826828,0.0,0.006930170757997982,0.013138029438370278,0.0,0.0025999974566237815,42.641634151638236,1.0,-0.26066350710900466,0.6958874622068654,0.14537899744878408,0.3048473830117227,-0.03076204740738944,-0.2480889978572326,0.0,-0.0037351825085063257,0.28426299203509264,0.2443101127458074,Banks—Regional,Financial Services,MTB
2013Q3,2013,Q3,2013-11-12,2013-09-30,294479000.0,1154377000.0,0.0,2.11,1154377000.0,1.0,84427485000.0,11016202000.0,0.0,0.0,73411283000.0,0.0,7074287000.0,15473281579.84,16972871579.84,79.6814380632986,0.0,0.06357343227741534,0.4872228196251303,0.0,79.6814380632986,0.02673144519318001,13.404010630703834,13.136150268643945,1.4045931238225298,0.32751062045171303,0.0,0.0062330023209593325,0.013672999971514015,0.0,0.0034879518204290936,-99.75039698194946,1.0,-0.17254901960784313,1.5662650586837017,0.5238895859576173,0.3642432765885656,-0.028898091995736622,-0.15492759695350478,0.0,0.4295302030132279,0.21899606896814633,0.2474198986054765,Banks—Regional,Financial Services,MTB
2013Q2,2013,Q2,2013-08-08,2013-06-30,348466000.0,1188729000.0,0.0,2.55,1188729000.0,1.0,83229005000.0,10716330000.0,0.0,0.0,72512675000.0,0.0,6887070000.0,15367895049.900002,16892664049.900002,78.72735030213997,0.0,0.06524333674300203,0.5067161985493168,0.0,78.72735030213997,0.032517289034585534,12.928005499907886,11.025390604750536,1.4340632520555079,0.3243071060017333,0.0,0.007353642098221861,0.014282628994543429,0.0,0.004186833664537982,-141.12710571656842,1.0,0.2878787878787878,0.7601407700876083,0.2698309669184717,0.33072111317084946,0.0879938274994783,0.27124944822025954,0.0,0.7414965981473169,0.3239308407059413,0.247696859306718,Banks—Regional,Financial Services,MTB
2013Q1,2013,Q1,2013-05-09,2013-03-31,274113000.0,1092588000.0,0.0,1.98,1092588000.0,1.0,82811957000.0,10422957000.0,0.0,0.0,72389000000.0,0.0,6645195000.0,14048291250.0,17281586250.0,76.04861498724978,0.0,0.06966573679692173,0.5535047299916904,0.0,76.04861498724978,0.02629896679032639,12.85781213961713,12.8125,1.3478220480042278,0.34860440767128886,0.0,0.006802037222854417,0.013193601981897373,0.0,0.0033100654776217885,20.606916331610748,1.0,-0.0833333333333334,0.08822132979880906,0.10804790058353364,0.2895637297278034,0.0003589099392416746,-0.07454598859527403,0.0,0.5800666821238116,0.11948623641313212,0.1457651756879043,Banks—Regional,Financial Services,MTB
2012Q4,2012,Q4,2013-02-25,2012-12-31,296193000.0,1092196000.0,0.0,2.16,1092196000.0,1.0,83008803000.0,10202593000.0,0.0,0.0,72806210000.0,0.0,6477276000.0,13378956326.03,14473154326.03,75.09175665334683,0.0,0.03864358819871189,0.3144061514558113,0.0,75.09175665334683,0.02903114923823777,12.249592862480727,11.292431223923252,1.3113290244970077,0.3787800521956967,0.0,0.008385706423282065,0.013157592454381013,0.0,0.003568211916030159,21135.791984249605,1.0,-0.004608294930875478,2.6937788285233246,0.422380567618064,0.2738694959352813,-0.024223852194655636,0.009306145259011389,0.0,0.6606740834086166,0.6538893918253053,0.2604255668939232,Banks—Regional,Financial Services,MTB
2012Q3,2012,Q3,2012-11-06,2012-09-30,293462000.0,1119310000.0,0.0,2.17,1119310000.0,1.0,81085233000.0,9945527000.0,0.0,0.0,71139706000.0,0.0,6286785000.0,12875981757.400002,15810595757.400002,73.8809417000984,0.0,0.06128780563533683,0.4996754822544849,0.0,73.8809417000984,0.029506933116766963,11.503499260615916,10.969036670335512,1.2946505255478167,0.31623855899571324,0.0,0.007207528074250672,0.013804116465941462,0.0,0.0036191793393502364,-67.80151209486749,1.0,0.26900584795321636,0.17167325464310304,0.23532034817796868,0.2679373233242131,0.06981194110877902,0.25744279715485474,0.0,1.0050128440908128,0.08354580829758709,0.13957272160101863,Banks—Regional,Financial Services,MTB
2012Q2,2012,Q2,2012-08-09,2012-06-30,233380000.0,1046268000.0,0.0,1.71,1046268000.0,1.0,80807578000.0,9629907000.0,0.0,0.0,71177671000.0,0.0,6098084000.0,11269114957.24,14465434957.24,70.55934951476827,0.0,0.07038780447051636,0.5906462025022672,0.0,70.55934951476827,0.024234917325785182,10.770772839501925,12.071637412417514,1.1702205387071754,0.48145085268660553,0.0,0.009970703149834505,0.012947647063496942,0.0,0.002888095470452041,144.2889970325604,1.0,0.13999999999999999,-0.13817737290902724,0.11065871943263957,0.2333161132352727,0.044321384938474685,0.13037202791783517,0.0,2.7596897607035835,0.016085860163903534,0.07309280715147194,Banks—Regional,Financial Services,MTB
2012Q1,2012,Q1,2012-05-10,2012-03-31,206463000.0,1001864000.0,0.0,1.5,1001864000.0,1.0,79186887000.0,9428688000.0,0.0,0.0,69758199000.0,0.0,5969236000.0,10913518080.0,14813916080.0,75.05961024073366,0.0,0.08241932783643838,0.6921991691739084,0.0,75.05961024073366,0.021897320178586883,10.89321313072433,13.214859417910231,1.1574800311559785,0.45436712631318926,0.0,0.008595761633630794,0.012651892730673957,0.0,0.0026072877444973937,21.002276751950888,1.0,0.27537565994314345,0.024552244094590104,0.273640456821693,0.3167034403188901,0.033178610505820924,0.39747529443617163,0.0,1.8264589038929422,0.22934997691032805,0.20105790578081936,Banks—Regional,Financial Services,MTB
2011Q4,2011,Q4,2012-02-23,2011-12-31,147740000.0,969691000.0,0.0,1.1761240606292191,969691000.0,1.0,77924287000.0,9271209000.0,0.0,0.0,68653078000.0,0.0,5867165000.0,9589525440.0,13321267440.0,73.80595624761177,0.0,0.06847992077232609,0.575572074796286,0.0,73.80595624761177,0.015935354277958787,9.889258990750662,16.227029646676595,1.0343338651949276,0.7576011912819819,0.0,0.011671901878806632,0.012444015047580737,0.0,0.0018959429170009603,21.08649285024771,1.0,-0.10899692376574312,-0.39523574991369403,0.17098652118669974,0.2889584641890508,-0.031910220495300776,-0.1931537671756559,0.0,0.27042933003227987,0.11450150709509897,0.20138233955480275,Banks—Regional,Financial Services,MTB
2011Q3,2011,Q3,2011-11-09,2011-09-30,183108000.0,1001654000.0,0.0,1.32,1001654000.0,1.0,77863891000.0,9375126000.0,0.0,0.0,68488765000.0,0.0,5823928000.0,8707792500.0,12023740500.0,75.25688139674895,0.0,0.08851065508657922,0.7351137467379105,0.0,75.25688139674895,0.0195312574998992,8.693413593915663,11.888875008191887,0.9288187166764479,0.5091148393297944,0.0,0.010705698373037711,0.012864165753031787,0.0,0.002351642046760802,21.49010982230997,1.0,-0.45454545454545453,-0.22411126475736948,0.22130798549226416,0.3585954754941044,-0.10535534216794941,-0.4319731478666576,0.0,0.7709175085551774,0.4674638013900892,0.28848947707216677,Banks—Regional,Financial Services,MTB
2011Q2,2011,Q2,2011-08-09,2011-06-30,322358000.0,1119611000.0,0.0,2.42,1119611000.0,1.0,77727154000.0,9244194000.0,0.0,0.0,68482960000.0,0.0,5745253000.0,11667237063.35,15338421063.35,69.6846098082588,0.0,0.0931974043459767,0.7836236452848133,0.0,69.6846098082588,0.03487140144397662,10.420795314935276,9.04835389795662,1.2621151247312639,0.3052723990097966,0.0,0.008434473343232515,0.014404374049254395,0.0,0.004147302241376289,142.8705419020854,1.0,0.5220125786163521,0.2718424745563363,0.32401290446686754,0.2921250944393186,0.2581284231297379,0.5627736058524383,0.0,0.670758620663047,0.22720884946613734,0.17787250782656955,Banks—Regional,Financial Services,MTB
2011Q1,2011,Q1,2011-04-29,2011-03-31,206273000.0,889902000.0,0.0,1.59,889902000.0,1.0,67881208000.0,8507518000.0,0.0,0.0,59373690000.0,0.0,5534909000.0,11477341116.09,17774135116.09,65.5779165093256,0.0,0.10855581709742113,0.8661633157872837,0.0,65.5779165093256,0.024245966920081744,12.897309047614232,13.91037740771938,1.3490822018936663,0.45945906638290035,0.0,0.008257487430354147,0.013109695985374922,0.0,0.0030387349618174147,15.089772228505241,1.0,0.008956088915193639,-0.12480536686673613,0.09459009915382809,0.23737352601662484,0.11043701132271355,0.008956085344498684,0.0,-0.13486404587166229,-0.046548367540654674,0.11201108153939172,Banks—Regional,Financial Services,MTB
2010Q4,2010,Q4,2011-02-22,2010-12-31,204442000.0,801398000.0,0.0,1.5758862228677677,801398000.0,1.0,68021263000.0,8357695000.0,0.0,0.0,59663568000.0,0.0,5426701000.0,11293122461.35,16579172461.35,64.42304617168111,0.0,0.09255968975465804,0.75332098144285,0.0,64.42304617168111,0.024461529165637177,14.091777695165199,13.809689864790503,1.351224525583908,0.46093268506471274,0.0,0.008344370684238121,0.011781580709549601,0.0,0.0030055601878489083,28.62119578011111,1.0,0.06478798842416737,-0.14132517066727043,-0.011807304395205649,0.22449466322559106,-0.09211940913977702,0.06471890216910137,0.0,1.6701721019750992,0.09304116684658612,0.09288365342398826,Banks—Regional,Financial Services,MTB
2010Q3,2010,Q3,2010-11-05,2010-09-30,192015000.0,882713000.0,0.0,1.48,882713000.0,1.0,68246837000.0,8231773000.0,0.0,0.0,60015064000.0,0.0,5319198000.0,10542783361.68,18131622361.68,63.876997755428285,0.0,0.13276934724462028,1.100745610939466,0.0,63.876997755428285,0.02332608054182252,11.943614019143256,13.726510118584486,1.280742722336974,0.4900190089315939,0.0,0.008924683053053509,0.012934123232700146,0.0,0.0028135369848715478,51.49075394835678,1.0,0.013698630136986314,-0.11469012337785005,0.14921970622891603,0.240281687821952,0.04220963607619223,0.017303402931936062,0.0,-0.19917745936295378,0.017642467875070032,0.09625063909948285,Banks—Regional,Financial Services,MTB
2010Q2,2010,Q2,2010-08-04,2010-06-30,188749000.0,846963000.0,0.0,1.46,846963000.0,1.0,68153616000.0,8101844000.0,0.0,0.0,60051772000.0,0.0,5223834000.0,10907637766.0,19098758766.0,63.09813935564827,0.0,0.13726099287233712,1.1546547921683015,0.0,63.09813935564827,0.02329704200673328,12.878529246259871,14.447278880947714,1.346315451889718,0.4971893890828561,0.0,0.008603512695711205,0.012427264314192808,0.0,0.0027694642056849926,30.106645779740546,1.0,0.2695652173913044,-0.14900357481441506,0.0848248778438145,0.23163943911637552,-0.0026823952211445278,0.25036600311351065,0.0,-0.25913493392481274,-0.04434237998609374,0.10290064346749377,Banks—Regional,Financial Services,MTB
2010Q1,2010,Q1,2010-05-07,2010-03-31,150955000.0,849241000.0,0.0,1.15,849241000.0,1.0,68439222000.0,7915687000.0,0.0,0.0,60523535000.0,0.0,5131600000.0,9466817760.539999,18508841760.54,66.37364845863033,0.0,0.1489876375274985,1.288150731578952,0.0,66.37364845863033,0.019070359906853317,11.147386619981841,15.67821165337352,1.1959565557026193,0.6184558312079759,0.0,0.009861708798192254,0.012408688690236718,0.0,0.0022056796612912985,14.723530356749592,1.0,-0.12395632972153446,-0.23252074983077592,0.20845373656750502,0.3426917726106027,0.342658658323149,-0.11633856078300522,0.0,-0.21097381608225868,0.13715866566275317,0.1643334010355357,Banks—Regional,Financial Services,MTB
2009Q4,2009,Q4,2010-02-19,2009-12-31,170829000.0,632507000.0,0.0,1.312719946523274,632507000.0,1.0,68880399000.0,7752907000.0,0.0,0.0,61127492000.0,0.0,5076884000.0,8704637908.69,16190984908.69,59.57651020868773,0.0,0.1284241254177404,1.1409791191871643,0.0,59.57651020868773,0.02203418666056487,13.762121065363704,12.738817631505775,1.1227579421099725,0.5456392064579199,0.0,0.01070819958024282,0.009182684902856036,0.0,0.002480081452489844,105.50308957760649,1.0,0.3533195324982206,-0.21612441704265903,-0.17933539963509632,0.19340933022394127,-0.2980139285813379,0.3381141120441158,0.0,-0.32499799926909134,-0.2627083537514718,0.040453250720104014,Banks—Regional,Financial Services,MTB
2009Q3,2009,Q3,2009-11-05,2009-09-30,127664000.0,901025000.0,0.0,0.97,901025000.0,1.0,68997450000.0,7612363000.0,0.0,0.0,61385087000.0,0.0,5035808000.0,7317395968.4,16890072968.4,64.83214304770382,0.0,0.15918889756070695,1.4428670834535873,0.0,64.83214304770382,0.016770613802836256,8.121190830887045,14.32940368545557,0.9612515809348555,0.7252240255671136,0.0,0.012652725149742628,0.013058815941748571,0.0,0.0018502712781414386,11.240498580458842,1.0,1.6944444444444444,-0.31828746809662145,0.3110649782156204,0.32719524820892654,0.06112799133220275,1.4940220364147847,0.0,-0.4260654637677538,0.16559074916046132,0.17040002955798803,Banks—Regional,Financial Services,MTB
2009Q2,2009,Q2,2009-08-04,2009-06-30,51188000.0,849120000.0,0.0,0.36,849120000.0,1.0,69913217000.0,7400164000.0,0.0,0.0,62513053000.0,0.0,5003551000.0,5731888532.92,18141475532.92,65.75325921908681,0.0,0.1947838418020444,1.840224757181057,0.0,65.75325921908681,0.006917143998430305,6.750386909883173,27.994298140775182,0.7745623654989268,1.7539071657419707,0.0,0.0156630750030067,0.012145342990010029,0.0,0.0007321648494590086,17.23948837821743,1.0,-0.2653061224489796,-0.7083753954597733,0.33903419089352327,0.37423454614898544,0.1851090941826206,-0.202939848336214,0.0,-0.7619483742613532,0.18359262407658716,0.21922812672599895,Banks—Regional,Financial Services,MTB
2009Q1,2009,Q1,2009-05-08,2009-03-31,64221000.0,716491000.0,0.0,0.49,716491000.0,1.0,64883195000.0,6901839000.0,0.0,0.0,57981356000.0,0.0,5043633000.0,4996260360.0,16463262360.0,62.49458071876783,0.0,0.19438347633774816,1.8273710818232647,0.0,62.49458071876783,0.009304911343194184,6.973235337219867,19.44948054374737,0.7239027685229981,1.2780398934927828,0.0,0.016427686726878263,0.011042782341405969,0.0,0.0009897940445133752,77.98614491305841,1.0,-0.4707102825676588,-0.5634307527084049,0.19980690064992399,0.30498641489698675,-0.06334311617175091,-0.37186647235453485,0.0,-0.6799173593518293,0.03524434964203115,0.17919482376228926,Banks—Regional,Financial Services,MTB
2008Q4,2008,Q4,2009-02-23,2008-12-31,102241000.0,764945000.0,0.0,0.925768976539085,764945000.0,1.0,65815757000.0,6784731000.0,0.0,0.0,59031026000.0,0.0,5062754000.0,6340302990.0,17272568990.0,61.434194442180754,0.0,0.18976236951889802,1.84080312100804,0.0,61.434194442180754,0.015069278354587677,8.288573675231552,15.503327896831994,0.9344958539992225,0.7553916726166606,0.0,0.012181121331553274,0.011622520728584797,0.0,0.001553442589743365,20.843712469138644,1.0,0.12898655675498172,-0.33583546106472123,0.266078554592626,0.28664288597372484,0.2707656373555542,0.12124801228272195,0.0,-0.49556350807824956,0.10801691910837123,0.1676852881738019,Banks—Regional,Financial Services,MTB
2008Q3,2008,Q3,2008-11-07,2008-09-30,91185000.0,601956000.0,0.0,0.82,601956000.0,1.0,65247215000.0,6416684000.0,0.0,0.0,58830531000.0,0.0,5037799000.0,9805134055.5,22120963055.5,58.40705937913834,0.0,0.2099453593536521,2.1348020254698534,0.0,58.40705937913834,0.01421061096354441,16.288788641528615,26.88253017354828,1.5280687120481544,0.8460602072709327,0.0,0.007868122920433233,0.009225773084720935,0.0,0.0013975309137715687,23.165363837719454,1.0,-0.4305555555555556,-0.3648759783218013,-0.009333202907033352,0.25503186319585797,-0.20566788156460555,-0.43103609646522945,0.0,-0.5068408061065904,-0.08071141296405016,0.13407343383352105,Banks—Regional,Financial Services,MTB
2008Q2,2008,Q2,2008-07-31,2008-06-30,160265000.0,757814000.0,0.0,1.44,757814000.0,1.0,65893428000.0,6519056000.0,0.0,0.0,59374372000.0,0.0,5023817000.0,7772873140.000001,20851787140.0,59.16141971667378,0.0,0.22322895387989225,2.256357515566671,0.0,59.16141971667378,0.024584080885330636,10.256966933838648,12.125032196674258,1.1923310890411127,0.48118428852213524,0.0,0.009921299191562516,0.011500600636530854,0.0,0.0024321848910334428,15.880604710934772,1.0,-0.20879120879120885,0.2954987826934324,0.23699123432137137,0.29999839590167915,-0.04257542200822981,-0.20737798967338622,0.0,-0.1580176968331577,0.1310427529010587,0.15479693286153873,Banks—Regional,Financial Services,MTB
2008Q1,2008,Q1,2008-05-07,2008-03-31,202196000.0,791513000.0,0.0,1.82,791513000.0,1.0,66085573000.0,6487962000.0,0.0,0.0,59597611000.0,0.0,4940723000.0,8854168160.0,19640603160.0,58.972358817273694,0.0,0.19000951992956164,1.9354133085243101,0.0,58.972358817273694,0.03116479412179048,11.186383748592885,10.94750657777602,1.364707154573347,0.3808383944291677,0.0,0.008696920886128732,0.011977092186217406,0.0,0.0030596087893495303,28.1150751605139,1.0,2.083797012166949,0.45717755133502164,0.4811502953074539,0.6448684546915304,0.27300989923845825,2.114061296781149,0.0,0.11435822769431978,0.22092855797740324,0.19296893924320666,Banks—Regional,Financial Services,MTB
2007Q4,2007,Q4,2008-02-21,2007-12-31,64930000.0,621765000.0,0.0,0.5901815174018561,621765000.0,1.0,64875639000.0,6485256000.0,0.0,0.0,58390383000.0,0.0,4815585000.0,8974086690.0,17399674690.0,58.94776261850441,0.0,0.15666170162886564,1.5671745263409802,0.0,58.94776261850441,0.01001194093186144,14.433245181057151,34.552928884953026,1.3837675320758347,1.1839211458493764,0.0,0.008565997037409944,0.009583951843618835,0.0,0.0010008379262360714,22.018732401623296,1.0,-0.6774964385782207,-0.5665822965814853,0.13512039174094106,0.7118219078142278,-0.13714096979268292,-0.6740249112642893,0.0,-0.6475799105290537,-0.04576278129066418,0.18081454684619372,Banks—Regional,Financial Services,MTB
2007Q3,2007,Q3,2007-11-01,2007-09-30,199187000.0,720587000.0,0.0,1.83,720587000.0,1.0,60008123000.0,6238004000.0,0.0,0.0,53770119000.0,0.0,4827583000.0,11275137920.0,20134886920.0,58.26860708414288,0.0,0.16937088667145947,1.6293078683501967,0.0,58.26860708414288,0.031931207482393406,15.647156998391589,14.151448036267427,1.8074912936894556,0.375712270379091,0.0,0.006637346747417881,0.012008157628926337,0.0,0.0033193339508386225,40.62819948111848,1.0,-0.06153846153846148,0.4606119726142097,0.3964121715991693,0.753019866283645,-0.03280677664896266,-0.06995410166737483,0.0,0.166572998937565,0.14998426411951374,0.1928314383333712,Banks—Regional,Financial Services,MTB
2007Q2,2007,Q2,2007-08-02,2007-06-30,214169000.0,745029000.0,0.0,1.95,745029000.0,1.0,57869069000.0,6175307000.0,0.0,0.0,51693762000.0,0.0,4703292000.0,11538679100.0,19214664100.0,57.21108218530837,0.0,0.15526140570880792,1.4549613484803265,0.0,57.21108218530837,0.03468151461943512,15.48755699442572,13.469128468639253,1.8685191035846478,0.30096325798785073,0.0,0.005586168004273557,0.0128743906351768,0.0,0.0037009235451843886,76.43432850651158,1.0,0.24203821656050947,0.5124181933305966,0.4842730392582236,0.7797811803334819,0.08460933746779054,0.21705602564029708,0.0,0.27220846284810457,0.22501510485412413,0.19570415969277719,Banks—Regional,Financial Services,MTB
2007Q1,2007,Q1,2007-05-07,2007-03-31,175973000.0,686910000.0,0.0,1.57,686910000.0,1.0,57842471000.0,6253184000.0,0.0,0.0,51589287000.0,0.0,4553630000.0,12705856020.0,19424685020.0,57.00570678432731,0.0,0.14115226854675694,1.305670199373631,0.0,57.00570678432731,0.02814134367387878,18.49711901122418,18.05086010353861,2.0319018311311488,0.3735459417069664,0.0,0.005173519981379421,0.011875530006316639,0.0,0.0030422801266564146,32.66463233233671,1.0,-0.19270432055651127,0.240978367102687,0.3732592445878248,0.8038654426236266,-0.050094380717293455,-0.17510980691795303,0.0,0.2043749289365148,0.15808396138073583,0.19036998199761457,Banks—Regional,Financial Services,MTB
