Quarters,Year,Quarter,FillingDate,Date,NetIncome,Revenue,OperatingIncome,EPSDiluted,GrossProfit,GrossProfitRatio,TotalAssets,CommonStockEquity,CurrentAssets,CurrentLiability,TotalLiability,Inventory,RetainedEarnings,MarketCap,EnterpriseValue,bookValuePerShare,currentRatio,debtToAssets,debtToEquity,roic,shareholdersEquityPerShare,roe,priceToSalesRatio,peRatio,pbRatio,payoutRatio,inventoryTurnover,dividendYield,assetTurnover,quickRatio,returnOnAssets,priceToFreeCashFlowsRatio,grossProfitMargin,epsdilutedGrowth,fiveYNetIncomeGrowthPerShare,fiveYRevenueGrowthPerShare,fiveYShareholdersEquityGrowthPerShare,grossProfitGrowth,netIncomeGrowth,operatingIncomeGrowth,threeYNetIncomeGrowthPerShare,threeYRevenueGrowthPerShare,threeYShareholdersEquityGrowthPerShare,Industry,Sector,Symbol
2023Q1,2023,Q1,2023-05-08,2023-03-31,-31215000.0,0.0,-33902000.0,-3.08,33902000.0,0.0,179088000.0,165427000.0,83726000.0,13073000.0,13661000.0,0.0,-516992000.0,37448148.9072,-33500851.0928,16.319992486531053,6.404497819934216,0.005729027070490485,0.006202131453753015,-0.19144699882598,16.319992486531053,-0.1886935022698834,0.0,-0.29992110289283996,0.2263726532379841,0.0,0.0,0.0,0.0,5.505622274917769,-0.1742997855802734,-1.0201075703405067,0.0,-4.049180327868853,0.9651413024818654,0.0,-0.9311615684177282,0.0,0.16293475637553298,-0.03587142507944268,-9.174157758639492,0.0,11.550088323969662,Biotechnology,Healthcare,TNXP
2022Q4,2022,Q4,2023-03-13,2022-12-31,-37291000.0,0.0,-32728000.0,-0.61,0.0,0.0,225690000.0,207182000.0,130777000.0,18180000.0,18508000.0,-8043000.0,-470038000.0,149533205.65039998,30064205.650399983,3.3754160903902872,7.193454345434543,0.0033674509282644333,0.0036682723402612196,-0.1845915056594638,3.3754160903902872,-0.17999150505352782,0.0,-1.0024751659274356,0.7217480555762567,-0.06446595693330831,0.0,0.01607669674132723,0.0,7.055665566556655,-0.16523106916566974,-5.544016226101141,0.0,0.10294117647058831,0.9913875096964546,0.0,-0.9893225178694138,-1.0,-0.31440555496810124,-0.10601196309688757,0.7269775056183331,0.0,0.40249846856526655,Biotechnology,Healthcare,TNXP
2022Q3,2022,Q3,2022-11-07,2022-09-30,-28371000.0,9739000.0,-29591000.0,-0.68,9739000.0,1.0,242646000.0,228924000.0,151139000.0,13340000.0,13722000.0,0.0,-438358000.0,140043592.1132,951592.1132000089,5.4578109549073535,11.32976011994003,0.003651409872818839,0.0038702800929566144,-0.12556854281593988,5.4578109549073535,-0.12393195995177439,14.379668560755725,-1.2340382090268232,0.6117470956002865,0.0,0.0,0.0,0.040136659990273896,10.493103448275862,-0.11692341930219331,-4.328344679746562,1.0,0.3333333333333333,0.9912229688164034,0.0,-0.9857122577930807,0.07887448764816661,-0.23653242677824268,-0.2680407953376757,0.8810948419531602,0.0,-0.2369271406498446,Biotechnology,Healthcare,TNXP
2022Q2,2022,Q2,2022-08-08,2022-06-30,-22944000.0,9027000.0,-23336000.0,-1.02,9027000.0,1.0,276165000.0,228282000.0,191747000.0,15909000.0,47883000.0,0.0,-409377000.0,221243163.625,76750163.625,10.1891724610345,12.052737444213967,0.003566708308438796,0.004314838664458871,-0.10049137399208362,10.1891724610345,-0.10050726732725314,24.509046596322143,-2.410686493473239,0.9691660473668533,-0.18545153417015342,0.0,0.019232232672337334,0.032686980609418284,9.144383682192469,-0.08308076693281191,-6.2129503966582424,1.0,0.3703703703703704,0.9843006349073581,0.0,-0.978019895210348,0.0,0.13084324570043185,0.11599363588150617,0.8918570571028916,0.0,-0.5099303660979225,Biotechnology,Healthcare,TNXP
2022Q1,2022,Q1,2022-05-09,2022-03-31,-26398000.0,0.0,-26398000.0,-1.62,0.0,0.0,223716000.0,207957000.0,152989000.0,15354000.0,15759000.0,0.0,-386237000.0,751141217.1648,611508217.1648,12.746834806029984,9.964113586036213,0.0035849022868279425,0.003856566501728723,-0.12587749469339576,12.746834806029984,-0.1269397038810908,0.0,-7.113618618501403,3.612002563822329,0.0,0.0,0.0,0.0,9.14647648821154,-0.11799781866294766,-14.652697211727757,0.0,-23.732824427480914,0.9872652930667912,0.0,-0.9768816791265382,0.0,0.10675735119953982,0.10675735119953982,0.874141560414572,0.0,-0.6530285944739402,Biotechnology,Healthcare,TNXP
2021Q4,2021,Q4,2022-03-14,2021-12-31,-29553000.0,0.0,-29553000.0,-0.0655,0.0,0.0,240900000.0,218717000.0,189049000.0,21716000.0,22183000.0,0.0,0.0,32279186478.758396,32101482478.758396,0.4847346204557088,8.7055166697366,0.003968451639684517,0.004370945102575474,,0.4847346204557088,-0.13511981236026463,0.0,-273.06184210366456,147.58425947118147,0.0,0.0,0.0,0.0,8.582888193037391,-0.1226774595267746,-671.5456857877213,0.0,-0.31,0.9996852070108875,0.0,-0.9993126825854033,0.0,-0.5950453367875648,-0.5944429457782574,0.9984648369691848,0.0,-0.9963568702790193,Biotechnology,Healthcare,TNXP
2021Q3,2021,Q3,2021-11-08,2021-09-30,-18528000.0,0.0,-18535000.0,-0.05,0.0,0.0,214774000.0,202218000.0,195082000.0,12026000.0,12556000.0,0.0,-330267000.0,44051925514.665596,43870068514.665596,0.5518671306730176,16.221686346249793,0.0051821915129391825,0.0055039610717146845,-0.09066052317505038,0.5518671306730176,-0.09162389104827463,0.0,-594.3966633563471,217.8437404912797,0.0,0.0,0.0,0.0,15.214535173790122,-0.0862674252935644,-2128.4208104877807,0.0,0.28571428571428575,0.9998256408719692,0.0,-0.9994679638446186,0.0,0.21334861801044452,0.21335200746965452,0.9991152416166865,0.0,-0.9961406738771884,Biotechnology,Healthcare,TNXP
2021Q2,2021,Q2,2021-08-09,2021-06-30,-23553000.0,0.0,-23562000.0,-0.07,0.0,0.0,189165000.0,180493000.0,177269000.0,8081000.0,8672000.0,0.0,-311739000.0,73544435724.0,73379771724.0,0.5448331421070922,21.936517757703253,0.005577141648825099,0.005845102026117356,-0.12903402463267308,0.5448331421070922,-0.1304925952807034,0.0,-780.6270509489236,407.46419929858774,0.0,0.0,0.0,0.0,20.507239203068927,-0.12451034810879391,-3581.0700552174126,0.0,0.0,0.9998569075782355,0.0,-0.9996419781949581,0.0,-0.1404154360141384,-0.1362847222222222,0.9990198421235116,0.0,-0.9971139526078652,Biotechnology,Healthcare,TNXP
2021Q1,2021,Q1,2021-05-10,2021-03-31,-20653000.0,0.0,-20736000.0,-0.07,0.0,0.0,183521000.0,176916000.0,173165000.0,6028000.0,6605000.0,0.0,-288186000.0,74267266560.0,74104015560.0,0.6098311961355158,28.72677504976775,0.0021033015295252315,0.002181826403490922,-0.11632120719154068,0.6098311961355158,-0.11673901738678243,0.0,-898.9888461724689,419.7882981754053,0.0,0.0,0.0,0.0,27.241871267418713,-0.11253752976498603,-3444.199163381719,0.0,0.3,0.9999039307352375,0.0,-0.9995792883034927,0.0,-0.21338346748134657,-0.21811666568759913,0.999194139393083,0.0,-0.99742770573537,Biotechnology,Healthcare,TNXP
2020Q4,2020,Q4,2021-03-15,2020-12-31,-17021000.0,0.0,-17023000.0,-0.1,0.0,0.0,98183000.0,87648000.0,87989000.0,9819000.0,10535000.0,0.0,-267533000.0,22123183212.5824,22047426212.5824,0.5348516134906971,8.961095834606375,0.006060112239389711,0.006788517707192406,-0.19008642830024342,0.5348516134906971,-0.1941972435195327,0.0,-324.93953370222664,252.40944702197882,-0.02649668057105928,0.0,2.03858547690143e-05,0.0,8.625623790610042,-0.17335995029689458,-1199.2185175944494,0.0,-0.11111111111111122,0.999853591477209,0.0,-0.9997498304707848,0.0,-0.4195996663886572,-0.4187015584632053,0.9985276000548164,0.0,-0.9983080993890441,Biotechnology,Healthcare,TNXP
2020Q3,2020,Q3,2020-11-09,2020-09-30,-11990000.0,0.0,-11999000.0,-0.09,0.0,0.0,67617000.0,62568000.0,62018000.0,4378000.0,5049000.0,0.0,-250512000.0,21369572112.0,21315120112.0,0.4918874343814002,14.165829145728644,0.00791221142612065,0.008550696841836082,-0.18658352641154427,0.4918874343814002,-0.19163150492264416,0.0,-445.57072793994996,341.5415565784427,0.0,0.0,0.0,0.0,12.71311100959342,-0.177322271026517,-1107.174349101083,0.0,0.6086956521739131,0.9998689379030076,0.0,-0.9998278847086739,0.0,0.15438324282389448,0.15452367531003383,0.99877685351053,0.0,-0.9987123114165497,Biotechnology,Healthcare,TNXP
2020Q2,2020,Q2,2020-08-10,2020-06-30,-14179000.0,0.0,-14192000.0,-0.23,0.0,0.0,58345000.0,53572000.0,57627000.0,4678000.0,4773000.0,0.0,-238522000.0,7617891919.795199,7563310919.795199,0.8586494021269668,12.318725951261223,0.005930242522923987,0.006458597774957067,-0.26107912213248957,0.8586494021269668,-0.264671843500336,0.0,-134.31645249656535,142.19913237876503,0.0,0.0,0.0,0.0,11.761864044463445,-0.24301996743508442,-757.6222694972848,0.0,0.37837837837837834,0.9996882343121001,0.0,-0.9997003713908372,0.0,-0.9495393922727897,-0.9449088666575305,0.9965160707652191,0.0,-0.9981477196594231,Biotechnology,Healthcare,TNXP
2020Q1,2020,Q1,2020-05-12,2020-03-31,-7273000.0,0.0,-7297000.0,-0.37,0.0,0.0,33932000.0,31247000.0,33396000.0,2660000.0,2685000.0,0.0,-224343000.0,3412113740.0,3381729740.0,1.300388655859989,12.554887218045113,0.007544500766238359,0.008192786507504721,-0.22958092121822302,1.300388655859989,-0.2327583448011009,0.0,-117.2870115495669,109.19812269977918,0.0,0.0,0.0,0.0,11.528195488721805,-0.21434044559707652,-365.87108513832294,0.0,0.8706293706293706,0.9995717947776759,0.0,-0.9996869155322811,0.0,0.16469507292982657,0.16452942523471492,0.9976178585346901,0.0,-0.997641547673297,Biotechnology,Healthcare,TNXP
2019Q4,2019,Q4,2020-03-24,2019-12-31,-8707000.0,0.0,-8734000.0,-2.86,0.0,0.0,14558000.0,9417000.0,13948000.0,5135000.0,5141000.0,0.0,-217070000.0,915595200.0,904704200.0,2.406716417910448,2.7162609542356377,0.024179145487017446,0.03737920781565254,-0.8624469240643824,2.406716417910448,-0.9246044387809281,0.0,-26.289054783507524,97.22790697674418,0.0,0.0,0.0,0.0,2.3875365141187928,-0.5980903970325594,-136.26956392320287,0.0,0.49736379613356774,0.9973323607610646,0.0,-0.9992814259082511,0.0,-0.1108701199285532,-0.10683056646812825,0.9893049486558922,0.0,-0.9965874562364235,Biotechnology,Healthcare,TNXP
2019Q3,2019,Q3,2019-11-08,2019-09-30,-7838000.0,0.0,-7891000.0,-5.69,0.0,0.0,12272000.0,9855000.0,11553000.0,2366000.0,2417000.0,0.0,-208363000.0,1090160458.4,1080602458.4,7.152411316994434,4.882924767540152,0.033816818774445895,0.04211060375443937,-0.7350037257824144,7.152411316994434,-0.7953323186199899,0.0,-34.7716400357234,110.62003636732624,0.0,0.0,0.0,0.0,4.236686390532545,-0.6386897001303781,-164.77636916565902,0.0,0.4010526315789473,0.9919521557450575,0.0,-0.9982851335362594,0.0,-0.3421232876712329,-0.3360988824923806,0.980384357345472,0.0,-0.9931046057877004,Biotechnology,Healthcare,TNXP
2019Q2,2019,Q2,2019-08-12,2019-06-30,-5840000.0,0.0,-5906000.0,-9.5,0.0,0.0,15008000.0,12822000.0,14159000.0,2047000.0,2186000.0,0.0,-200525000.0,1813100940.0,1801530940.0,20.79127486415621,6.91695163654128,0.029384328358208957,0.0343940102948058,-0.4266416239254497,20.79127486415621,-0.4554671658087662,0.0,-77.61562243150685,141.40547028544688,0.0,0.0,0.0,0.0,5.935515388373229,-0.38912579957356075,-384.21295613477434,0.0,0.26356589147286824,0.9844526373021979,0.0,-0.9951642644740993,0.0,0.06305150008021819,0.062093060187390824,0.9809407660047847,0.0,-0.9863375973656859,Biotechnology,Healthcare,TNXP
2019Q1,2019,Q1,2019-05-13,2019-03-31,-6233000.0,0.0,-6297000.0,-12.9,0.0,0.0,20022000.0,17811000.0,19182000.0,2011000.0,2211000.0,0.0,-194685000.0,2433791380.0,2417923380.0,36.737421594450716,9.538538040775734,0.018979122964738786,0.021335129975857615,-0.33546428000639283,36.737421594450716,-0.34995227668294876,0.0,-97.61717391304347,136.64540901689966,0.0,0.0,0.0,0.0,8.17901541521631,-0.3113075616821496,-281.49333564654177,0.0,0.6976422245651028,0.9782955829128779,0.0,-0.9933168449082815,0.0,0.17857142857142858,0.1768627450980392,0.9826509263024723,0.0,-0.974655506208525,Biotechnology,Healthcare,TNXP
2018Q4,2018,Q4,2019-03-18,2018-12-31,-7588000.0,0.0,-7650000.0,-42.66468749297169,0.0,0.0,26319000.0,23664000.0,26056000.0,2655000.0,2655000.0,0.0,-188452000.0,782548800.0,757514800.0,133.0544497672222,9.813935969868174,0.0,0.0,-0.3232758620689655,133.0544497672222,-0.32065584854631507,0.0,-25.782445967316814,33.06916835699797,0.0,0.0,0.0,0.0,9.626741996233521,-0.28830882632318855,-114.69277443939616,0.0,0.25149671064961954,0.9423733855487317,0.0,-0.8976960027665108,0.0,-0.38492425625114074,-0.3806172171088251,0.9398606740368531,0.0,-0.9377656003671867,Biotechnology,Healthcare,TNXP
2018Q3,2018,Q3,2018-11-09,2018-09-30,-5479000.0,0.0,-5541000.0,-57.0,0.0,0.0,16055000.0,13709000.0,15880000.0,2346000.0,2346000.0,0.0,-180864000.0,1150440000.0,1135766000.0,142.9957233754042,6.768968456947997,0.0,0.0,-0.4041870304179736,142.9957233754042,-0.3996644540083157,0.0,-52.49315568534404,83.91859362462615,0.0,0.0,0.0,0.0,6.254901960784314,-0.34126440361258176,-235.07151614221496,0.0,0.2191780821917808,0.9345851121038027,0.0,-0.9069589193219553,0.0,0.09988500082142271,0.09799772098323295,0.9205373495161491,0.0,-0.9499646690139775,Biotechnology,Healthcare,TNXP
2018Q2,2018,Q2,2018-08-13,2018-06-30,-6087000.0,0.0,-6143000.0,-73.0,0.0,0.0,18355000.0,15842000.0,18159000.0,2512000.0,2513000.0,0.0,-175385000.0,7468613000.0,7451934000.0,188.7817724656506,7.22890127388535,0.0,0.0,-0.38776669612422676,188.7817724656506,-0.38423178891554094,0.0,-306.74441432561196,471.4438202247191,0.0,0.0,0.0,0.0,6.639729299363057,-0.3316262598746935,-1361.1468926553673,0.0,0.17045454545454544,0.9239744117025807,0.0,1.2101718007793711,0.0,0.12227829848594088,0.12092157985117344,0.9004919870226638,0.0,-0.9341239628432185,Biotechnology,Healthcare,TNXP
2018Q1,2018,Q1,2018-05-11,2018-03-31,-6935000.0,0.0,-6988000.0,-88.0,0.0,0.0,20980000.0,18611000.0,20682000.0,2364000.0,2369000.0,0.0,-169298000.0,4709341260.16,4690088260.16,237.07676237548088,8.748730964467006,0.0,0.0,-0.375476868518618,237.07676237548088,-0.3726290903229273,0.0,-169.7671687152127,253.04074258019452,0.0,0.0,0.0,0.0,8.14424703891709,-0.3305529075309819,-695.3109789103794,0.0,-0.23943661971830985,0.904692464167219,0.0,1.800092428558397,0.0,-0.2625159293646459,-0.26068915749594085,0.875020359474629,0.0,-0.9429208709085788,Biotechnology,Healthcare,TNXP
2017Q4,2017,Q4,2018-03-09,2017-12-31,-5493000.0,0.0,-5543000.0,-71.0,0.0,0.0,26754000.0,24616000.0,26443000.0,2126000.0,2138000.0,0.0,-162363000.0,5372892000.0,5347396000.0,316.1247238917142,12.4379115710254,0.0,0.0,-0.22517874553136172,316.1247238917142,-0.2231475463113422,0.0,-244.53358820316765,218.26828079298016,0.0,0.0,0.0,0.0,12.22483537158984,-0.2053150930701951,-1089.8361054766735,0.0,0.07792207792207792,0.9420664714614033,0.0,-0.2880905563714802,0.0,0.05063947459384722,0.050042844901456725,0.915433806778892,0.0,-0.9056145399352457,Biotechnology,Healthcare,TNXP
2017Q3,2017,Q3,2017-11-06,2017-09-30,-5786000.0,0.0,-5835000.0,-77.0,0.0,0.0,30535000.0,28680000.0,30206000.0,1837000.0,1855000.0,0.0,-156870000.0,6847296000.0,6817986000.0,381.9925412892914,16.44311377245509,0.0,0.0,-0.20345188284518828,381.9925412892914,-0.20174337517433752,0.0,-295.85620463187,238.74811715481172,0.0,0.0,0.0,0.0,15.955362003266195,-0.18948747339119043,-1356.7061620764812,0.0,-0.18461538461538463,0.9237821189794757,0.0,1.9703667359128922,0.0,-0.21046025104602512,-0.21007880547490668,0.8909733629682546,0.0,-0.9084132372393631,Biotechnology,Healthcare,TNXP
2017Q2,2017,Q2,2017-08-11,2017-06-30,-4780000.0,0.0,-4822000.0,-65.0,0.0,0.0,35823000.0,33969000.0,35485000.0,1830000.0,1854000.0,0.0,-151084000.0,6345874800.0,6311519800.0,463.56341603209694,19.39071038251366,0.0,0.0,-0.14195295710795136,463.56341603209694,-0.1407165356648709,0.0,-331.8972175732218,186.81370661485474,0.0,0.0,0.0,0.0,18.773224043715846,-0.1334338274293052,-1454.8085281980743,0.0,0.4881889763779528,0.9636460514775198,0.0,0.11077340477943147,0.0,0.05608214849921011,0.05283834217246121,0.8929041049426218,0.0,-0.8921821728556512,Biotechnology,Healthcare,TNXP
2017Q1,2017,Q1,2017-05-12,2017-03-31,-5064000.0,0.0,-5091000.0,-127.0,0.0,0.0,23784000.0,21975000.0,23432000.0,1780000.0,1809000.0,0.0,-146304000.0,3722457000.0,3702514000.0,551.3737297704178,13.164044943820224,0.0,0.0,-0.23167235494880545,551.3737297704178,-0.23044368600682594,0.0,-183.770586492891,169.3950853242321,0.0,0.0,0.0,0.0,12.597191011235955,-0.2129162462159435,-776.482478097622,0.0,0.3894230769230769,0.9002426511993118,0.0,3.30215030680479,0.0,0.3231756214915798,0.32210386151797604,0.7854929774965622,0.0,-0.8996958417432444,Biotechnology,Healthcare,TNXP
2016Q4,2016,Q4,2017-04-13,2016-12-31,-7482000.0,0.0,-7510000.0,-208.0,0.0,0.0,27510000.0,25361000.0,27140000.0,2116000.0,2149000.0,0.0,-141240000.0,3380930432.0,3361989432.0,705.2558398220244,12.826086956521738,0.0,0.0,-0.29612396987500494,705.2558398220244,-0.29501991246401954,0.0,-112.96880620155038,133.31218926698475,0.0,0.0,0.0,0.0,12.529773156899811,-0.2719738276990185,-621.1520176373324,0.0,0.2827586206896552,0.9048885029542271,0.0,1.4546676017440074,0.0,0.012668250197941409,0.013010908135103168,0.7189700814301617,0.0,-0.4577371022744355,Biotechnology,Healthcare,TNXP
2016Q3,2016,Q3,2016-11-10,2016-09-30,-7578000.0,0.0,-7609000.0,-290.0,0.0,0.0,29801000.0,27105000.0,29221000.0,2620000.0,2696000.0,0.0,-133758000.0,3645295404.7999997,3629651404.7999997,1037.273736175424,11.153053435114504,0.0,0.0,-0.280723113816639,1037.273736175424,-0.27957941339236303,0.0,-120.25915164951174,134.48793229293486,0.0,0.0,0.0,0.0,10.205343511450382,-0.2542867689003725,-434.3774314585319,0.0,0.42,-33.3454372260931,0.0,19.972416192101203,0.0,0.2272078319396288,0.2264131760878406,0.6680622855060134,0.0,-0.3250912188516928,Biotechnology,Healthcare,TNXP
2016Q2,2016,Q2,2016-08-05,2016-06-30,-9806000.0,0.0,-9836000.0,-500.0,0.0,0.0,34318000.0,30034000.0,33660000.0,4196000.0,4284000.0,0.0,-126180000.0,7854928000.0,7839990000.0,1521.7875962707742,8.021925643469972,0.0,0.0,-0.32749550509422654,1521.7875962707742,-0.3264966371445695,0.0,-200.25820925963697,261.5345275354598,0.0,0.0,0.0,0.0,7.446615824594852,-0.2857392621947666,-982.3571785892947,0.0,0.32432432432432434,-89.12935123578465,0.0,33.918397622470145,0.0,0.29836863194046936,0.29813044098758384,0.4792381157193014,0.0,2.694214623237179,Biotechnology,Healthcare,TNXP
2016Q1,2016,Q1,2016-05-06,2016-03-31,-13976000.0,0.0,-14014000.0,-740.0,0.0,0.0,31346000.0,27338000.0,30654000.0,3911000.0,4008000.0,0.0,-116374000.0,9090520000.0,9082093000.0,1449.5227995758219,7.837893121963692,0.0,0.0,-0.5126197966200893,1449.5227995758219,-0.5112297900358476,0.0,-162.60947338294218,332.52322774160507,0.0,0.0,0.0,0.0,7.0278701099463055,-0.44586231098066736,-584.5993569131833,0.0,-0.04225352112676056,-35.95118586252282,0.0,36.60367719572624,0.0,-0.04610778443113772,-0.04566482614535144,0.2005290260114268,0.0,5.891884828115615,Biotechnology,Healthcare,TNXP
2015Q4,2015,Q4,2016-03-03,2015-12-31,-13360000.0,0.0,-13402000.0,-710.0,0.0,0.0,47018000.0,40262000.0,46359000.0,6650000.0,6756000.0,0.0,-102398000.0,28888288000.0,28869113000.0,2137.9566694987257,6.971278195488722,0.0,0.0,-0.3328697034424519,2137.9566694987257,-0.3318265361879688,0.0,-540.574251497006,717.5075257066215,0.0,0.0,0.0,0.0,6.893533834586466,-0.2841464970862223,-2415.0048486875103,0.0,0.013888888888888888,-32.55003575991836,0.0,104.4920056525523,0.0,-0.00830188679245283,-0.009186746987951808,0.4173745993853489,0.0,3.8146551916201275,Biotechnology,Healthcare,TNXP
2015Q3,2015,Q3,2015-11-06,2015-09-30,-13250000.0,0.0,-13280000.0,-720.0,0.0,0.0,57825000.0,52651000.0,57189000.0,5097000.0,5174000.0,0.0,-89038000.0,19491534000.0,19458525000.0,2857.89502252619,11.220129487934079,0.0,0.0,-0.25222692826347076,2857.89502252619,-0.2516571385158876,0.0,-367.7647924528302,370.2025412622742,0.0,0.0,0.0,0.0,10.799882283696292,-0.22913964548205792,-1576.9849514563107,0.0,0.0136986301369863,-52.67236444386114,0.0,5864.083068617181,0.0,-0.12641332993284027,-0.12695179904955872,0.2886911186042266,0.0,8.25984401483439,Biotechnology,Healthcare,TNXP
2015Q2,2015,Q2,2015-08-07,2015-06-30,-11763000.0,0.0,-11784000.0,-730.0,0.0,0.0,50928000.0,46244000.0,50314000.0,4619000.0,4684000.0,0.0,-75788000.0,28949778000.0,28901041000.0,2865.712338104976,10.89283394674172,0.0,0.0,-0.25482224721044894,2865.712338104976,-0.25436813424444255,0.0,-615.2719969395562,626.0223596574691,0.0,0.0,0.0,0.0,10.551418055856246,-0.23097313854853913,-3082.715152805878,0.0,-0.028169014084507043,-82.45550487068547,0.0,205.35530059671862,0.0,-0.21506042764177255,-0.21534653465346534,0.5937507269952413,0.0,5.8667132496385115,Biotechnology,Healthcare,TNXP
2015Q1,2015,Q1,2015-05-08,2015-03-31,-9681000.0,0.0,-9696000.0,-710.0,0.0,0.0,60470000.0,56886000.0,59986000.0,3517000.0,3584000.0,0.0,-64025000.0,17311744000.0,17253563000.0,4153.47546728972,17.05601364799545,0.0,0.0,-0.1704461554688324,4153.47546728972,-0.17018247020356503,0.0,-447.05464311538066,304.32345392539463,0.0,0.0,0.0,0.0,16.542792152402615,-0.16009591532991566,-1912.2659891748592,0.0,0.14457831325301204,-32.387735591231454,0.0,182.6048470510646,0.0,-0.07698297919679609,-0.07685473123056419,0.44504152528150304,0.0,18.342002901205706,Biotechnology,Healthcare,TNXP
2014Q4,2014,Q4,2015-02-27,2014-12-31,-8989000.0,0.0,-9004000.0,-830.0,0.0,0.0,39542000.0,36092000.0,39036000.0,3382000.0,3450000.0,0.0,-54344000.0,12586368000.0,12548184000.0,3349.2947290274683,11.54228267297457,0.0,0.0,-0.2494735675495955,3349.2947290274683,-0.24905796298348665,0.0,-350.04917120925575,348.73013410174,0.0,0.0,0.0,0.0,11.290360733293909,-0.22732790450660056,-1508.6141675656238,0.0,-0.16901408450704225,-64.88062714727177,0.0,75.48061533526146,0.0,-0.21161881655209597,-0.2111918213613129,0.6186806935987806,0.0,3.1592388407092895,Biotechnology,Healthcare,TNXP
2014Q3,2014,Q3,2014-11-07,2014-09-30,-7419000.0,0.0,-7434000.0,-710.0,0.0,0.0,47328000.0,43777000.0,46926000.0,3497000.0,3551000.0,0.0,-45355000.0,14379520000.0,14333293000.0,4170.826981707317,13.418930511867314,0.0,0.0,-0.16981519976243234,4170.826981707317,-0.16947255408091005,0.0,-484.55047850114573,328.4720286908651,0.0,0.0,0.0,0.0,13.21904489562482,-0.15675709939148072,-2865.587883618972,0.0,-0.16393442622950818,-73.39004700932486,0.0,72.87938292879306,0.0,-0.22749834546657843,-0.22896346503554307,-82.71283067845214,0.0,77.28715796272114,Biotechnology,Healthcare,TNXP
2014Q2,2014,Q2,2014-08-08,2014-06-30,-6044000.0,0.0,-6049000.0,-610.0,0.0,0.0,45065000.0,42664000.0,44816000.0,2371000.0,2401000.0,0.0,-37936000.0,28479010000.0,28435420000.0,4299.506197722463,18.901729228173767,0.006213247531343615,0.006562910181886368,-0.14085786140089418,4299.506197722463,-0.14166510406900432,0.0,-1177.9868464592985,667.5185167822989,0.0,0.0,0.0,0.0,18.502741459299873,-0.13411738599800288,-4968.424633635729,0.0,-0.03389830508474576,-11.043410127988384,0.0,64.18713222922469,0.0,-0.17041053446940357,-0.1702456954923583,-109.48796046178263,0.0,94.00434235614547,Biotechnology,Healthcare,TNXP
2014Q1,2014,Q1,2014-05-13,2014-03-31,-5164000.0,0.0,-5169000.0,-590.0,0.0,0.0,50204000.0,47923000.0,50101000.0,2275000.0,2281000.0,0.0,-31892000.0,18150876000.0,18101609000.0,5497.017664601973,22.02241758241758,0.005577244841048522,0.0058427060075537844,-0.10723398958571043,5497.017664601973,-0.10775619222502765,0.0,-878.7217273431448,378.750829455585,0.0,0.0,0.0,0.0,21.7789010989011,-0.10286032985419488,-4464.06197737334,0.0,0.20270270270270271,-13.993820446988794,0.0,46.17365759917436,0.0,-0.39303869108314965,-0.3934845632966572,-28.53633097662489,0.0,136.01963717091306,Biotechnology,Healthcare,TNXP
2013Q4,2013,Q4,2014-03-28,2013-12-31,-3707004.0,0.0,-3709406.0,-740.0,0.0,0.0,8736000.0,6512000.0,8631000.0,2211000.0,2224000.0,0.0,-26728000.0,10324434000.0,10316512000.0,1300.5791891352108,3.903663500678426,0.03205128205128205,0.042997542997543,-0.5461434040047114,1300.5791891352108,-0.5692573710073711,0.0,-696.278854838031,1585.4474815724816,0.0,0.0,0.0,0.0,3.7096336499321576,-0.42433653846153846,-2918.2305141257166,0.0,0.14942528735632185,-63.67604185144609,0.0,7.3352974204055785,0.0,-0.19962642372558842,-0.19980269626869535,-34.01292858957047,0.0,63.957098576339206,Biotechnology,Healthcare,TNXP
2013Q3,2013,Q3,2013-11-13,2013-09-30,-3090132.0,0.0,-3091680.0,-870.0,0.0,0.0,7569467.0,5436049.0,7466331.0,2119668.0,2133418.0,0.0,-23021276.0,2582010000.0,2574870070.0,1536.9095278484592,3.522405867333941,0.036990715462528606,0.05150799781238175,-0.5408770988492226,1536.9095278484592,-0.5684518296284673,0.0,-208.89156191386,474.97916225552785,0.0,0.0,0.0,0.0,3.5005151750179744,-0.40823640554876583,-899.3313556479497,0.0,0.08421052631578947,-64.78757779208438,0.0,108.18998735945378,0.0,-0.48160798902602103,-0.4823302994837677,-64.19843530439405,0.0,3153.105374315868,Biotechnology,Healthcare,TNXP
2013Q2,2013,Q2,2013-08-14,2013-06-30,-2085661.0,0.0,-2085689.0,-950.0,0.0,0.0,314441.0,-1963522.0,114399.0,2262826.0,2277963.0,0.0,-19931144.0,2946728000.0,2946859963.0,-898.2259835315645,0.05055580941707405,0.0,0.0,1.0622182995657803,-898.2259835315645,1.0622040394760028,0.0,-353.212722489417,-1500.7359224903007,0.0,0.0,0.0,0.0,0.030067269865203954,-6.632916827004112,-3869.9970712962077,0.0,-0.021505376344086023,-48.608110931957206,0.0,-847.8389878734716,0.0,-0.042203614525862694,-0.04220614873390049,-108.2328470937226,0.0,-65.67979719067301,Biotechnology,Healthcare,TNXP
2013Q1,2013,Q1,2013-05-07,2013-03-31,-2001203.0,0.0,-2001225.0,-930.0,0.0,0.0,594475.0,-639737.0,491430.0,1216788.0,1234212.0,0.0,-17845483.0,3022600000.0,3022176261.0,-296.31171838814265,0.4038747916646121,0.0,0.0,3.128199557005457,-296.31171838814265,3.1281651678736733,0.0,-377.5978748782607,-4724.754078629187,0.0,0.0,0.0,0.0,0.34824390115615866,-3.3663366836284117,-2219.841087403397,0.0,0.23623042957504992,-27.18140397799997,0.0,-17.300404592266297,0.0,0.23876647793084166,-0.04460881162355508,-42.78234266248879,0.0,-14.098492614811,Biotechnology,Healthcare,TNXP
2012Q4,2012,Q4,2013-03-11,2012-12-31,-2628895.0,0.0,-1915765.0,-1217.64474,0.0,0.0,2117210.0,958708.0,2010049.0,1138792.0,1158502.0,0.0,-15844280.0,4749800000.0,4748014610.0,444.0518758684576,1.7650712333771224,0.0,0.0,,444.0518758684576,-2.7421227318432724,0.0,-451.69168034478366,4954.376097831665,0.0,0.0,0.0,0.0,1.567792889307266,-1.2416789076189891,-3155.510084770535,0.0,-0.21764473999999995,-105.36985524382139,0.0,1.8458893440496364,0.0,-0.517814098740955,-0.10460624259805736,-95.16665833071504,0.0,9.139854343919774,Biotechnology,Healthcare,TNXP
2012Q3,2012,Q3,2012-11-14,2012-09-30,-1732027.0,0.0,-1734342.0,-1000.0,0.0,0.0,190004.0,-674336.0,78729.0,836797.0,864340.0,0.0,-13215385.0,5070480000.0,5070444347.0,-393.6579100992411,0.09408375030025204,0.0,0.0,,-393.6579100992411,2.5684925615716794,0.0,-731.8708080185817,-7519.218905708726,0.0,0.0,0.0,0.0,0.04260651030058664,-9.115739668638556,-3894.2103872644493,0.0,0.4444444444444444,-75.13760646790314,0.0,-26.455218178364525,0.0,0.4364991264571248,0.06299343198236139,-105.41199342548116,0.0,-7.973006459084786,Biotechnology,Healthcare,TNXP
2012Q2,2012,Q2,2012-08-13,2012-06-30,-3073690.0,0.0,-1850939.0,-1800.0,0.0,0.0,1525742.0,714893.0,1412272.0,782792.0,810849.0,0.0,-11483358.0,6852000000.0,6850662269.0,417.333917104495,1.8041472064098765,0.0,0.0,,417.333917104495,-4.299510556125182,0.0,-557.3105941067577,9584.651129609607,0.0,0.0,0.0,0.0,1.7089226767774837,-2.0145542300074326,-5888.4848839018005,0.0,-0.5,-92.29574306210213,0.0,395.38772234960874,0.0,-0.5254135508499306,-0.5951351514394178,-34.4789462938926,0.0,5.3274245894661005,Biotechnology,Healthcare,TNXP
2012Q1,2012,Q1,2012-05-15,2012-03-31,-2014988.0,0.0,-1160365.0,-1200.0,0.0,0.0,2648824.0,-378895.0,2565429.0,284252.0,3027719.0,0.0,-8409668.0,9492000000.0,9489498618.0,-239.5037926675095,9.025192434881724,0.0,0.0,,-239.5037926675095,5.318064371395769,0.0,-1177.674507242723,-25051.795352274377,0.0,0.0,0.0,0.0,8.799874759016648,-0.7607104133758982,-5339.741923724723,0.0,0.4514499717757297,-37.72488240075084,0.0,-14.175343665446109,0.0,0.4177614165674592,0.6555937284350026,-31.241031048857824,0.0,-3.055345388783433,Biotechnology,Healthcare,TNXP
2011Q4,2011,Q4,2012-03-30,2011-12-31,-3460760.0,0.0,-3369175.0,-2187.58534,0.0,0.0,425446.0,-2453913.0,143553.0,925276.0,2879359.0,0.0,-6394680.0,9492000000.0,9494033877.0,-1551.146017699115,0.15514614017871425,4.8772347136886935,-0.8455882502761916,,-1551.146017699115,1.4103026472413651,0.0,-685.6875368416187,-3868.107793552583,0.0,0.0,0.0,0.0,0.044444036157859926,-8.134428341082064,-3601.0703054725873,0.0,-258.0809622773886,-190.10100607694247,0.0,-10.941158145546543,0.0,-1489.4220499569337,-1449.979758828596,-190.10100607694247,0.0,-10.941158145546543,Biotechnology,Healthcare,TNXP
2011Q3,2011,Q3,2011-10-07,2011-09-30,-2322.0,0.0,-2322.0,-8.443636,0.0,0.0,205.0,-15035.0,205.0,15240.0,15240.0,0.0,-80035.0,1650000000.0,1649999795.0,-54.67272727272727,0.013451443569553806,0.0,0.0,,-54.67272727272727,0.15443964083804457,0.0,-177648.57881136952,-109743.93082806784,0.0,0.0,0.0,0.0,0.013451443569553806,-11.326829268292682,-3044280.442804428,0.0,-0.5316622789410758,0.364184008762322,0.0,-2.8130864823738273,0.0,-0.5316622691292876,-0.5316622691292876,0.364184008762322,0.0,-2.8130864823738273,Biotechnology,Healthcare,TNXP
2011Q2,2011,Q2,2011-08-15,2011-06-30,-1516.0,0.0,-1516.0,-5.512727,0.0,0.0,747.0,-12713.0,747.0,13460.0,13460.0,0.0,-77713.0,1650000000.0,1649999253.0,-46.22909090909091,0.05549777117384844,0.0,0.0,,-46.22909090909091,0.1192480138440966,0.0,-272097.6253298153,-129788.4055691025,0.0,0.0,0.0,0.0,0.05549777117384844,-2.0294511378848727,-2652733.118971061,0.0,0.7251133346580538,0.713367366231802,0.0,-42.6872852233677,0.0,0.7251133272892113,0.7251133272892113,0.713367366231802,0.0,-42.6872852233677,Biotechnology,Healthcare,TNXP
2011Q1,2011,Q1,2011-05-04,2011-03-31,-5515.0,0.0,-5515.0,-20.054545,0.0,0.0,1369.0,-11196.0,1369.0,12566.0,12565.0,0.0,-76196.0,1650000000.0,1649998631.0,-40.71272727272727,0.10894477160592074,0.0,0.0,,-40.71272727272727,0.4925866380850304,0.0,-74796.01087941976,-147374.06216505895,0.0,0.0,0.0,0.0,0.10894477160592074,-4.028487947406866,-506912.44239631336,0.0,0.05159053129633086,0.3902708678828082,0.0,-3.239647929585917,0.0,0.051590713671539126,0.051590713671539126,0.3902708678828082,0.0,-3.239647929585917,Biotechnology,Healthcare,TNXP
2010Q4,2010,Q4,2011-03-02,2010-12-31,-5815.0,0.0,-5815.0,-21.14545,0.0,0.0,4624.0,-5681.0,4624.0,10305.0,10305.0,0.0,-70681.0,1650000000.0,1649995376.0,-20.658181818181816,0.4487142163998059,0.0,0.0,,-20.658181818181816,1.0235873965851083,0.0,-70937.2312983663,-290441.8236226017,0.0,0.0,0.0,0.0,0.4487142163998059,-1.257569204152249,-174510.84082496035,0.0,-0.578018656716418,-0.8472045743329097,0.0,-1.1323964669416673,0.0,-0.5780189959294437,-0.5780189959294437,-0.8472045743329097,0.0,-1.1323964669416673,Biotechnology,Healthcare,TNXP
2010Q3,2010,Q3,2010-11-08,2010-09-30,-3685.0,0.0,-3685.0,-13.4,0.0,0.0,4079.0,134.0,4079.0,3946.0,3945.0,0.0,-64866.0,1650000000.0,1649995921.0,0.48727272727272725,1.033705017739483,0.0,0.0,,0.48727272727272725,-27.5,0.0,-111940.29850746268,12313432.835820897,0.0,0.0,0.0,0.0,1.033705017739483,-0.9034076979651875,-36666666.666666664,0.0,-0.5341382979880462,-0.009036144578313329,0.0,1.0339842759320315,0.0,-0.5341382181515404,-0.5341382181515404,-0.009036144578313329,0.0,1.0339842759320315,Biotechnology,Healthcare,TNXP
2010Q2,2010,Q2,2010-08-09,2010-06-30,-2402.0,0.0,-2402.0,-8.734545,0.0,0.0,4124.0,3819.0,4124.0,305.0,305.0,0.0,-61181.0,1650000000.0,1649995876.0,13.887272727272727,13.521311475409837,0.0,0.0,,13.887272727272727,-0.6289604608536266,0.0,-171731.89009159035,432050.2749410841,0.0,0.0,0.0,0.0,13.521311475409837,-0.5824442289039767,-831234.2569269522,0.0,0.5874270207292469,0.5458498771034223,0.0,14.123711340206187,0.0,0.5874270010305737,0.5874270010305737,0.5458498771034223,0.0,14.123711340206187,Biotechnology,Healthcare,TNXP
2010Q1,2010,Q1,2010-05-04,2010-03-31,-5822.0,0.0,-5822.0,-21.170909,0.0,0.0,6534.0,6221.0,6534.0,313.0,313.0,0.0,-58779.0,1650000000.0,1649993891.0,22.62181818181818,20.875399361022364,0.0,0.0,,22.62181818181818,-0.9358624015431602,0.0,-70851.94091377534,265230.67031023954,0.0,0.0,0.0,0.0,20.875399361022364,-0.8910315273951638,-253963.367708173,0.0,-0.6720273230862547,0.3563294637921503,0.0,0.24444888977795545,0.0,-0.672027570361861,-0.672027570361861,0.3563294637921503,0.0,0.24444888977795545,Biotechnology,Healthcare,TNXP
2009Q4,2009,Q4,2010-02-16,2009-12-31,-3482.0,0.0,-3482.0,-12.66182,0.0,0.0,13031.0,12043.0,13031.0,988.0,988.0,0.0,-52957.0,1650000000.0,1649987394.0,43.79272727272727,13.18927125506073,0.0,0.0,,43.79272727272727,-0.28913061529519224,0.0,-118466.3986214819,137009.0509009383,0.0,0.0,0.0,0.0,13.18927125506073,-0.26720896324150106,-727513.2275132275,0.0,-0.33256814643260907,-0.10609911054637867,0.0,-0.7193362697802327,0.0,-0.33256792958285497,-0.33256792958285497,-0.10609911054637867,0.0,-0.7193362697802327,Biotechnology,Healthcare,TNXP
2009Q3,2009,Q3,2009-11-05,2009-09-30,-2613.0,0.0,-2613.0,-9.501818,0.0,0.0,15525.0,15525.0,15525.0,0.0,0.0,0.0,-49475.0,1650000000.0,1649985126.0,56.45454545454545,0.0,0.0,0.0,,56.45454545454545,-0.16830917874396134,0.0,-157864.52353616533,106280.19323671497,0.0,0.0,0.0,0.0,0.0,-0.16830917874396134,-631458.0941446613,0.0,0.8121225213197667,0.28450164293537783,0.0,4.937357342125286,1.0,0.8121225194132873,0.8121225194132873,0.28450164293537783,0.0,4.937357342125286,Biotechnology,Healthcare,TNXP
2009Q2,2009,Q2,2009-08-05,2009-06-30,-13908.0,0.0,-13908.0,-50.574545,-8500.0,0.0,18138.0,18138.0,18138.0,0.0,0.0,0.0,-46862.0,1650000000.0,1649982513.0,65.95636363636363,0.0,0.0,0.0,,65.95636363636363,-0.7667879589811446,0.0,-29659.188955996546,90969.23585841879,0.0,0.0,0.0,0.0,0.0,-0.7667879589811446,-118500.43091065786,0.0,-0.2801914317908755,-1.629608621667612,0.0,63.3298969072165,0.0,-0.2801914580265096,-0.2801914580265096,-1.629608621667612,0.0,63.3298969072165,Biotechnology,Healthcare,TNXP
2009Q1,2009,Q1,2009-05-12,2009-03-31,-10864.0,0.0,-10864.0,-39.505455,-8500.0,0.0,32045.0,32045.0,32045.0,0.0,0.0,0.0,-32955.0,1650000000.0,1649968589.0,116.52727272727273,0.0,0.0,0.0,,116.52727272727273,-0.3390232485567171,0.0,-37969.44035346097,51490.092058043374,0.0,0.0,0.0,0.0,0.0,-0.3390232485567171,-182038.83495145632,0.0,-2.4510809127416406,-0.2011055831951355,0.0,5.4102820564112815,0.0,-2.4510800508259214,-2.4510800508259214,-0.2011055831951355,0.0,5.4102820564112815,Biotechnology,Healthcare,TNXP
2008Q4,2008,Q4,2009-03-17,2008-12-31,-3148.0,0.0,-3148.0,-11.44727,0.0,0.0,45909.0,42909.0,45909.0,3000.0,3000.0,0.0,-22091.0,1650000000.0,1649959525.0,156.03272727272727,15.303,0.0,0.0,,156.03272727272727,-0.07336456221305554,0.0,-131035.57814485388,38453.47129972733,0.0,0.0,0.0,0.0,15.303,-0.06857043281273824,-333940.4978749241,0.0,0.13800677710843373,0.0,0.0,0.0,0.0,0.1380065717415115,0.1380065717415115,0.0,0.0,0.0,Biotechnology,Healthcare,TNXP
2008Q3,2008,Q3,2008-11-05,2008-09-30,-3652.0,0.0,-3652.0,-13.28,0.0,0.0,39057.0,-3943.0,39057.0,43000.0,43000.0,0.0,-18943.0,1650000000.0,1649961584.0,-14.338181818181818,0.9083023255813953,0.0,0.0,,-14.338181818181818,0.9261983261476033,0.0,-112951.80722891567,-418463.0991630738,0.0,0.0,0.0,0.0,0.8933953488372093,-0.09350436541465039,-340909.0909090909,0.0,0.3095102946139672,0.0,0.0,0.0,0.0,0.30951030440536964,0.30951030440536964,0.0,0.0,0.0,Biotechnology,Healthcare,TNXP
2008Q2,2008,Q2,2008-08-14,2008-06-30,-5289.0,0.0,-5289.0,-19.232727,0.0,0.0,21909.0,-291.0,21909.0,22200.0,22200.0,0.0,-15291.0,1650000000.0,1649978744.0,-1.0581818181818181,0.9868918918918919,0.0,0.0,,-1.0581818181818181,18.175257731958762,0.0,-77992.05899035734,-5670103.092783505,0.0,0.0,0.0,0.0,0.9574774774774775,-0.24140764069560455,-347954.4495993252,0.0,0.415257054768538,0.0,0.0,0.0,0.0,0.415257048092869,0.415257048092869,0.0,0.0,0.0,Biotechnology,Healthcare,TNXP
2008Q1,2008,Q1,2008-03-31,2008-03-31,-9045.0,0.0,-9045.0,-32.890909,0.0,0.0,4999.0,4999.0,4999.0,0.0,0.0,0.0,-10001.0,1650000000.0,1649995001.0,18.17818181818182,0.0,0.0,0.0,,18.17818181818182,-1.8093618723744749,0.0,-45605.30679933665,330066.0132026405,0.0,0.0,0.0,0.0,0.0,-1.8093618723744749,-182421.2271973466,0.0,0.0,0.0,0.0,0.0,0.0,0.0,0.0,0.0,0.0,0.0,Biotechnology,Healthcare,TNXP
