Quarters,Year,Quarter,FillingDate,Date,NetIncome,Revenue,OperatingIncome,EPSDiluted,GrossProfit,GrossProfitRatio,TotalAssets,CommonStockEquity,CurrentAssets,CurrentLiability,TotalLiability,Inventory,RetainedEarnings,MarketCap,EnterpriseValue,bookValuePerShare,currentRatio,debtToAssets,debtToEquity,roic,shareholdersEquityPerShare,roe,priceToSalesRatio,peRatio,pbRatio,payoutRatio,inventoryTurnover,dividendYield,assetTurnover,quickRatio,returnOnAssets,priceToFreeCashFlowsRatio,grossProfitMargin,epsdilutedGrowth,fiveYNetIncomeGrowthPerShare,fiveYRevenueGrowthPerShare,fiveYShareholdersEquityGrowthPerShare,grossProfitGrowth,netIncomeGrowth,operatingIncomeGrowth,threeYNetIncomeGrowthPerShare,threeYRevenueGrowthPerShare,threeYShareholdersEquityGrowthPerShare,Industry,Sector,Symbol
2023Q1,2023,Q1,2023-05-05,2023-03-31,3001871.0,0.0,-675589.0,0.33,0.0,0.0,25866620.0,10975136.0,748826.0,1057302.0,14891484.0,0.0,-14043570.0,4097026.2765,3528790.2765,0.4010171642354122,0.7082422997402823,0.0,0.0,-0.15886649713499595,0.4010171642354122,0.27351560837150446,0.0,0.3412060575304535,0.37330072962193817,0.0,0.0,0.0,0.0,0.537439634087517,0.11605192328955233,-9.037325384640837,0.0,1.357142857142857,3.875481981910566,0.0,-0.9533472716042151,0.0,-0.3165873339659308,-0.3730534881735815,3.875481981910566,0.0,-0.9533472716042151,,,BYTSW
2022Q4,2022,Q4,2023-03-31,2022-12-31,4392472.0,0.0,-492034.0,0.14,0.0,0.0,329414104.0,316314982.0,1187672.0,433834.0,13099122.0,0.0,-11812362.0,2589540.08,1534959.08,9.772082214691961,2.737618536122111,0.0,0.0,-0.00350349070854805,9.772082214691961,0.013886386197160904,0.0,0.1473851216353798,0.008186586874977678,0.0,0.0,0.0,0.0,2.430839906508019,0.013334195308164461,-18.947808029736514,0.0,0.4000000000000001,0.6414921024760996,0.0,0.03477762452075579,0.0,0.335125873460568,-0.8341751814477799,0.6414921024760996,0.0,0.03477762452075579,,,BYTSW
2022Q3,2022,Q3,2022-11-07,2022-09-30,3289931.0,0.0,-268259.0,0.1,0.0,0.0,327088719.0,314364763.0,1471830.0,225958.0,12723956.0,0.0,-11153038.0,2269116.8643509997,1077868.8643509997,9.71183309122599,6.513732640579223,0.0,0.0,-0.0018581890907601638,9.71183309122599,0.01046533004718471,0.0,0.17242890993390134,0.007218101808538255,0.0,0.0,0.0,0.0,5.271988599651262,0.010058222154705372,-30.801933870215016,0.0,-0.23076923076923075,-0.6642663760315861,0.0,0.0323463671217441,0.0,-0.20099675923317395,0.06994022854606978,-0.6642663760315861,0.0,0.0323463671217441,,,BYTSW
2022Q2,2022,Q2,2022-08-12,2022-06-30,4117544.0,0.0,-288432.0,0.13,0.0,0.0,325875501.0,312853927.0,1703748.0,189616.0,13021574.0,0.0,-11218738.0,2913232.59,1648316.5899999999,9.665158053857965,8.98525440891064,0.0,0.0,-0.001982768476769148,9.665158053857965,0.013161234827651691,0.0,0.17687926285669323,0.009311798058395476,0.0,0.0,0.0,0.0,6.67093494219897,0.012635328483929205,-14.201469220419623,0.0,-0.6176470588235294,1.7379476480010576,0.0,-0.10332179899258506,0.0,-0.6208170373119415,0.1718482617633885,1.7379476480010576,0.0,-0.10332179899258506,,,BYTSW
2022Q1,2022,Q1,2022-05-12,2022-03-31,10858990.0,0.0,-348284.0,0.34,0.0,0.0,325802365.0,310939371.0,2054759.0,252196.0,14862994.0,0.0,-12754051.0,6376742.447000001,4906690.447000001,9.606010685882104,8.147468635505717,0.0,0.0,-0.002314436919029296,9.606010685882104,0.034923174781877335,0.0,0.14680790863146573,0.020507993009994223,0.0,0.0,0.0,0.0,5.82900601119764,0.03332999132771795,-33.03121670327166,0.0,3.11124546553809,9.794726884562927,0.0,0.11752475321077777,0.0,3.0580671489464115,-0.03196482328679451,9.794726884562927,0.0,0.11752475321077777,,,BYTSW
2021Q4,2021,Q4,2022-04-06,2021-12-31,2675902.0,0.0,-337496.0,0.0827,0.0,0.0,326072415.0,305684018.0,2235354.0,204589.0,20388397.0,0.0,-18009404.0,17162176.8802,15499072.880199999,9.443654349617173,10.9260712941556,0.0,0.0,-0.0025268309042015924,9.443654349617173,0.008753817152455776,0.0,1.603401103646546,0.05614352033347062,0.0,0.0,0.0,0.0,8.129000092869118,0.008206465425785864,-265.25775703554865,0.0,272.1783066322558,0.0,0.0,0.0,0.0,-0.7269273197996169,-0.48872087586346835,0.0,0.0,0.0,,,BYTSW
2021Q3,2021,Q3,2021-11-18,2021-09-30,9799230.0,0.0,-226702.0,0.00030273267676165876,0.0,0.0,326273208.0,304514815.0,2563728.0,75385.0,21758393.0,0.0,-19178607.0,20068935.62,18341131.62,9.4075335570786,34.008463222126416,0.0,0.0,-0.0007444695260557355,9.4075335570786,0.032179813648803915,0.0,0.5120028721644456,0.06590462805561693,0.0,0.0,0.0,0.0,22.91973204218346,0.030033817548390306,-215.54701171770114,0.0,3.079127631337461,0.0,0.0,0.0,0.0,3.0791276313374616,0.22927701586308655,0.0,0.0,0.0,,,BYTSW
2021Q2,2021,Q2,2021-08-20,2021-06-30,-4713145.0,0.0,-294142.0,-0.00014560562430066733,0.0,0.0,326509384.0,294715586.0,2806066.0,91021.0,31793798.0,0.0,-5947861.0,33256111.088999998,31435200.088999998,10.778848022623047,30.82877577701849,0.0,0.0,-0.0009980537642824223,10.778848022623047,-0.015992181017531932,0.0,-1.7640084852577205,0.11284137205081511,0.0,0.0,0.0,0.0,20.005394359543402,-0.014434944999926863,-156.7545796402613,0.0,-2.8171895399427886,0.0,0.0,0.0,0.0,-2.8171895399427886,-0.8044746544626918,0.0,0.0,0.0,,,BYTSW
2021Q1,2021,Q1,2021-05-27,2021-03-31,-1234716.0,0.0,-163007.0,-3.8144719505557916e-05,0.0,0.0,303677311.0,278239359.0,2776590.0,193552.0,25437952.0,0.0,-1234716.0,19421550.599999998,17941387.599999998,8.595792315367445,14.345447218318592,0.0004893977739416956,0.0005341408222551289,-0.0005855389344434981,8.595792315367445,-0.004437603667711152,0.0,-3.9323922667236837,0.06980159338276797,0.0,0.0,0.0,0.0,8.415216582623792,-0.004065881629200806,-16.433886473080445,0.0,0.0,0.0,0.0,0.0,0.0,0.0,0.0,0.0,0.0,0.0,,,BYTSW
