Quarters,Year,Quarter,FillingDate,Date,NetIncome,Revenue,OperatingIncome,EPSDiluted,GrossProfit,GrossProfitRatio,TotalAssets,CommonStockEquity,CurrentAssets,CurrentLiability,TotalLiability,Inventory,RetainedEarnings,MarketCap,EnterpriseValue,bookValuePerShare,currentRatio,debtToAssets,debtToEquity,roic,shareholdersEquityPerShare,roe,priceToSalesRatio,peRatio,pbRatio,payoutRatio,inventoryTurnover,dividendYield,assetTurnover,quickRatio,returnOnAssets,priceToFreeCashFlowsRatio,grossProfitMargin,epsdilutedGrowth,fiveYNetIncomeGrowthPerShare,fiveYRevenueGrowthPerShare,fiveYShareholdersEquityGrowthPerShare,grossProfitGrowth,netIncomeGrowth,operatingIncomeGrowth,threeYNetIncomeGrowthPerShare,threeYRevenueGrowthPerShare,threeYShareholdersEquityGrowthPerShare,Industry,Sector,Symbol
2023Q1,2023,Q1,2023-05-04,2023-03-31,226011000.0,2592589000.0,275969000.0,1.45,350746000.0,0.1352879303,5332577000.0,3147169000.0,4257011000.0,1760056000.0,2182209000.0,195670000.0,3336140000.0,16976539680.0,15146367680.0,20.414422303520926,2.4186792920225266,0.09763047022105822,0.16542549828115363,0.04954025142925072,20.414422303520926,0.07181406527580819,6.548102950371232,18.778444058032573,5.394225629446655,0.0,11.457264782542035,0.0,0.4861793838138671,2.24723588340371,0.042383072949532655,31.655757711370427,0.1352879303275606,0.05072463768115947,0.9004576774463844,0.595311313394294,0.8140707852405522,-0.19713138582540185,0.030714715700760686,-0.1629845983997865,1.0219439248244702,0.4920261053604138,0.6928530520278608,Integrated Freight & Logistics,Industrials,EXPD
2022Q4,2022,Q4,2023-03-01,2022-12-31,219276000.0,3441528000.0,329706000.0,1.38,436866000.0,0.1269395455,5590434000.0,3110021000.0,4518017000.0,2054055000.0,2476899000.0,257545000.0,3310892000.0,16343394480.0,14827728480.0,19.77516866006651,2.199559894939522,0.09274145799771538,0.16670787753523209,0.053178350163932624,19.77516866006651,0.07050627632417916,4.748877382372016,18.633359875225743,5.2550752808421555,0.4741558583702731,11.66655147644101,0.006361652723198541,0.6156101655077226,2.0163900187677544,0.03922343059590722,34.89397228277463,0.1269395454577153,-0.45669291338582685,0.48242236842356584,1.0431297367913743,0.7624485611127836,-0.27265371360071927,-0.47061507596406643,-0.37428049259569235,0.729455126648733,0.822810379550952,0.534596576620922,Integrated Freight & Logistics,Industrials,EXPD
2022Q3,2022,Q3,2022-11-08,2022-09-30,414209000.0,4362146000.0,526923000.0,2.54,600630000.0,0.1376914024,6607526000.0,3482180000.0,5587556000.0,2706250000.0,3116133000.0,499935000.0,3738600000.0,14308780990.0,12652664990.0,21.49109110097575,2.064685819861432,0.07543186360522834,0.1431338988794376,0.09109570873941639,21.49109110097575,0.11895105939382801,3.2802159739724437,8.636208405659945,4.109144555996531,0.0,7.524010121315771,0.0,0.6601784086812522,1.8116788914549653,0.0626874566971057,21.863625652450278,0.13769140235104466,0.11894273127753305,2.8137824525808433,1.6802408598445622,0.9493628679899198,0.02097604922742185,0.09635658606953322,0.041386847753477396,1.7190372686524422,1.2111973884036635,0.659159725182867,Integrated Freight & Logistics,Industrials,EXPD
2022Q2,2022,Q2,2022-08-04,2022-06-30,377805000.0,4603312000.0,505982000.0,2.27,588290000.0,0.1277971165,7361142000.0,3525248000.0,6330149000.0,3411066000.0,3825879000.0,745577000.0,3717316000.0,16089866319.999998,14615820319.999998,21.353233348678312,1.8557685486003497,0.06832160009954977,0.14266372181474893,0.08388762644773272,21.353233348678312,0.10717118341745034,3.4952804241815456,10.646938447082489,4.5641799725863255,0.2907002289540901,5.385120517397935,0.006825911279541321,0.6253529683301857,1.5968040489395396,0.051324237462067705,30.913039916386158,0.12779711651089476,0.0966183574879228,2.7845191428051277,2.00149140072445,0.9454158534592205,0.07875029339279427,0.0810489870664988,0.09576836451836451,1.5552372889277088,1.3423950956325887,0.7803583773769998,Integrated Freight & Logistics,Industrials,EXPD
2022Q1,2022,Q1,2022-05-09,2022-03-31,349480000.0,4664298000.0,461760000.0,2.07,545344000.0,0.1169187732,7955993000.0,3843392000.0,6962729000.0,3721972000.0,4106662000.0,817435000.0,3965803000.0,17279196840.0,15609336840.0,22.94576087021415,1.8707096668110346,0.059045552201969005,0.12222692871297021,0.0716076184880899,22.94576087021415,0.09093009508267696,3.704565368679274,12.36064784823166,4.495819536492764,0.0,5.038876485592127,0.0,0.5862622051075208,1.63206010147309,0.04392663492790906,43.24837645857424,0.1169187732001686,-0.22471910112359555,3.0282659945383554,2.245118450633892,1.120000037874007,-0.21908302283421496,-0.23023891491615842,-0.26339146844735695,1.566170278098837,1.36853821514493,0.8559292091864289,Integrated Freight & Logistics,Industrials,EXPD
2021Q4,2021,Q4,2022-03-15,2021-12-31,454011000.0,5396343000.0,626873000.0,2.67,698338000.0,0.1294094908,7609929000.0,3494426000.0,6635045000.0,3726297000.0,4111938000.0,0.0,3620008000.0,22613495970.0,21352463970.0,20.751610815176402,1.780600150766297,0.06145392420875412,0.1338302771327823,0.10266043596455914,20.751610815176402,0.12992434236695813,4.190522353749567,12.452063920257437,6.4713048638030966,0.21448599263013451,0.0,0.004306233769833157,0.7091187053124938,1.486456393572493,0.05966034637116851,77.03456300459888,0.12940949083481165,0.2775119617224881,3.393227361389498,2.5168812526900197,1.0272058910776005,0.2589993816220972,0.26441509686187575,0.2802811062072515,1.5950849366201056,1.47259774879139,0.8016101988900068,Integrated Freight & Logistics,Industrials,EXPD
2021Q3,2021,Q3,2021-11-04,2021-09-30,359068000.0,4319261000.0,489637000.0,2.09,554677000.0,0.1284194217483037,7076383000.0,3417358000.0,6111539000.0,3275482000.0,3655791000.0,0.0,3463539000.0,20208379290.0,18844293290.0,20.145596670459167,1.8658441719417174,0.06444252664108203,0.13344226738901807,0.08259271272207387,20.145596670459167,0.10507181278636889,4.678665931510043,14.07002245396415,5.9134510607317115,0.0,0.0,0.0,0.6103769397444995,1.5724415521135515,0.050741741932283764,120.64632026077456,0.1284194217483037,0.13586956521739119,2.564789149319532,1.9526475326537418,0.9728405525394161,0.17707588390456525,0.13495505291239426,0.1923607982564015,1.2559747125540028,1.111495430263671,0.785989403618376,Integrated Freight & Logistics,Industrials,EXPD
2021Q2,2021,Q2,2021-08-05,2021-06-30,316372000.0,3609093000.0,410645000.0,1.84,471233000.0,0.13056826188740495,5953171000.0,3079454000.0,4985262000.0,2485226000.0,2869520000.0,0.0,3104471000.0,21421986000.0,20198408000.0,18.19900715087761,2.0059592165863385,0.07568117898847522,0.14630613089203476,0.0787038493043419,18.19900715087761,0.10273639417896809,5.935559432799321,16.9278460167145,6.956423443896222,0.3109851693575917,0.0,0.004592804794102657,0.6062471580272094,1.7389311877471103,0.05314344237718016,895.11892027411,0.13056826188740495,0.10179640718562884,1.9282015973011233,1.6279272026549634,0.8625464319482959,0.0681583266086988,0.10149711022909268,0.06518553104289068,1.3237980076393678,0.9040761473771729,0.6829453259710615,Integrated Freight & Logistics,Industrials,EXPD
2021Q1,2021,Q1,2021-05-06,2021-03-31,287220000.0,3357540000.0,385515000.0,1.67,441164000.0,0.13139500944143628,5454997000.0,2874794000.0,4494195000.0,2195022000.0,2576347000.0,0.0,2887323000.0,18222655660.0,16874676660.0,16.989102556526056,2.047448727165377,0.08165247386937151,0.15493771031941767,0.07549948317909597,16.989102556526056,0.09990976744768494,5.42738304234648,15.861234994081192,6.338769198766937,0.0,0.0,0.0,0.6154980470200075,1.8316135328028602,0.05265264123884945,52.461489205505636,0.13139500944143628,0.43965517241379315,2.1986627158340957,1.5460057831966487,0.737914749697096,0.28461193517014055,0.44607793777061727,0.36799131332701707,1.2003409525344424,0.88226013719924,0.5096892852037255,Integrated Freight & Logistics,Industrials,EXPD
2020Q4,2020,Q4,2021-02-19,2020-12-31,198620000.0,3169188000.0,281811000.0,1.16,343422000.0,0.10836277305101497,4927503000.0,2659637000.0,3963544000.0,1893043000.0,2264276000.0,0.0,2600201000.0,16118577030.0,15028975030.0,15.69357360759531,2.093742191804412,0.08892719091190812,0.16475519027596622,0.05600993404420269,15.69357360759531,0.07467936413879037,5.0860274082825,20.288209936058806,6.060442470156642,0.443631054274494,0.0,0.00546661158959638,0.6431630787439399,1.8625282151541196,0.04030844831550585,122.51137837468077,0.10836277305101497,0.035714285714285546,0.8955824743054387,1.16863614660304,0.7169415618596385,0.13553835420310748,0.03822651549603517,0.11854174522217151,0.2460814896928625,0.7459638533238526,0.3986791566171596,Integrated Freight & Logistics,Industrials,EXPD
2020Q3,2020,Q3,2020-11-04,2020-09-30,191307000.0,2464797000.0,251945000.0,1.12,302431000.0,0.12270016557144463,4358554000.0,2502029000.0,3409902000.0,1496708000.0,1854081000.0,0.0,2489694000.0,15235421200.0,14198039200.0,14.865599191967203,2.278268038922756,0.09822707255663231,0.17111232523683778,0.05653100916513576,14.865599191967203,0.07646074445979643,6.181207296178955,19.909649411678608,6.089226463801978,0.0,0.0,0.0,0.5655079643386316,2.0364252746694746,0.04389230923833914,99.95618189094678,0.12270016557144463,0.027522935779816536,0.8102419629797003,0.6709905001817859,0.5230957417501502,0.011474916387959866,0.040452713616759756,0.017441625677432904,0.6957041307670573,0.45793316309635507,0.34839347798056297,Integrated Freight & Logistics,Industrials,EXPD
2020Q2,2020,Q2,2020-08-06,2020-06-30,183869000.0,2580632000.0,247626000.0,1.09,299000000.0,0.1158630909017636,3810177000.0,2159118000.0,2858271000.0,1288069000.0,1648579000.0,0.0,2298387000.0,12680962680.000002,11930757680.000002,12.946913957797406,2.219035626197044,0.11292126323790207,0.19927118388156645,0.06018149793251418,12.946913957797406,0.08515931042212607,4.913898099380307,17.24184430219341,5.873214284721818,0.4721568072921482,0.0,0.006846089069950641,0.6772997684884455,2.0501844233499913,0.04825733817615297,77.03780932767137,0.1158630909017636,0.535211267605634,0.7852682638491847,0.7443484198491837,0.3085324027105407,0.3721135137119571,0.5028853070032041,0.556857690735909,0.8233390437983079,0.6657456318338308,0.17954650031633396,Integrated Freight & Logistics,Industrials,EXPD
2020Q1,2020,Q1,2020-05-07,2020-03-31,122344000.0,1901864000.0,159055000.0,0.71,217912000.0,0.11457811915047553,3509967000.0,2034806000.0,2618817000.0,1159178000.0,1472822000.0,0.0,2202208000.0,11257999200.0,10523418200.0,12.05918155687913,2.2592017791918066,0.10752009919181577,0.18546829525763145,0.04185871694553057,12.05918155687913,0.06012563359848556,5.919455439505664,23.004804485712416,5.532713782050967,0.0,0.0,0.0,0.5418466897267126,2.0538441895895194,0.03485616816340439,70.86162658223864,0.11457811915047553,-0.10126582278481021,0.3021325640079666,0.2875479814537362,0.20052191453243048,-0.08941920764193874,-0.10909805863419891,-0.11802705999778197,0.3998629890348477,0.3135020796187685,0.11416943207578543,Integrated Freight & Logistics,Industrials,EXPD
2019Q4,2019,Q4,2020-02-21,2019-12-31,137326000.0,2044941000.0,180340000.0,0.79,239311000.0,0.11702587018402975,3691884000.0,2195028000.0,2769923000.0,1168318000.0,1494665000.0,0.0,2321316000.0,13289848780.0,12451071780.0,12.886232747638532,2.3708639257462436,0.10610138346708618,0.17845512676831457,0.044962379638715085,12.886232747638532,0.06256229988865745,6.498891058470636,24.19397779735811,6.054523577831353,0.6216521270553282,0.0,0.0064236246335979755,0.5539017477255515,2.1788434313260603,0.037196726657717304,85.10023743812714,0.11702587018402975,-0.14130434782608695,0.5632797472476835,0.3079224088912446,0.3290938244728128,-0.09232245535782016,-0.14289637438288363,-0.1268942144759138,0.3136510446747463,0.3174947143836419,0.25884429755714194,Integrated Freight & Logistics,Industrials,EXPD
2019Q3,2019,Q3,2019-11-06,2019-09-30,160221000.0,2074855000.0,206550000.0,0.92,263652000.0,0.12707008441553747,3706453000.0,2207385000.0,2769213000.0,1183586000.0,1497166000.0,0.0,2301156000.0,12660130350.000002,11819582350.000002,12.952997095326115,2.3396804287985833,0.10128875234624586,0.17007545126926205,0.05242129991073741,12.952997095326115,0.07258407572761436,6.101694021991899,19.754168227011444,5.735352170101727,0.0,0.0,0.0,0.5597953083446626,2.1417978921683765,0.04322758173380318,86.72628992039898,0.12707008441553747,0.0454545454545455,0.7853818502238051,0.38824995632962817,0.32446903471281113,0.047193867418675775,0.046177252218427806,0.07465621927045124,0.583357947854008,0.4118626016044757,0.26847560608896986,Integrated Freight & Logistics,Industrials,EXPD
2019Q2,2019,Q2,2019-08-07,2019-06-30,153149000.0,2035579000.0,192201000.0,0.88,251770000.0,0.12368471083657279,3646990000.0,2050973000.0,2711460000.0,1278820000.0,1594596000.0,0.0,2140935000.0,12994517970.0,12288910970.0,11.993783734788279,2.1202827606699928,0.10338470903402532,0.18383615971541312,0.05234271088413347,11.993783734788279,0.07467138767794602,6.383696221075183,21.212214852855716,6.335782075141895,0.5562164950473069,0.0,0.0065553797529590094,0.5581531619225718,1.9273392658857385,0.04199326019539401,91.04903286154709,0.12368471083657279,0.09999999999999995,0.9270208109764989,0.4623580970219026,0.24350028383453912,0.03913524400713201,0.09627842718988683,0.024520125159247553,0.4026179566582011,0.4666467190527859,0.22748339596713468,Integrated Freight & Logistics,Industrials,EXPD
2019Q1,2019,Q1,2019-05-08,2019-03-31,139699000.0,2020051000.0,187601000.0,0.8,242288000.0,0.11994152622879323,3642912000.0,2124270000.0,2728994000.0,1227927000.0,1517478000.0,0.0,2222562000.0,13333076799.999998,12491833799.999998,12.363489273533622,2.2224399333185114,0.09557903128047013,0.16390854269937438,0.04769766192778347,12.363489273533622,0.065763297509262,6.600366426392204,23.86036550011095,6.276545260254111,0.0,0.0,0.0,0.554515453571209,2.0710954315688146,0.03834816761975035,47.60996971947665,0.11994152622879323,-0.2156862745098039,0.9507788595030824,0.585185100864957,0.26984612238678196,-0.12538670074325958,-0.22047318788014061,-0.13550714953895496,0.5321973255152244,0.5085793441481002,0.2647336900054319,Integrated Freight & Logistics,Industrials,EXPD
2018Q4,2018,Q4,2019-02-22,2018-12-31,179210000.0,2235597000.0,217007000.0,1.02,277023000.0,0.12391455168351004,3314559000.0,1986838000.0,2734816000.0,1326839000.0,1326839000.0,0.0,2088707000.0,11745048370.0,10821313370.0,11.518368861345097,2.061151352952393,0.0,0.0,0.08825310586545253,11.518368861345097,0.09019859696663744,5.25365187464467,16.38447682886,5.911427287982212,0.4333463534400982,0.0,0.006612148162655885,0.6744779622266491,1.8881454343744795,0.05406752451834467,127.3617772018478,0.12391455168351004,0.10869565217391301,1.5453170427994214,0.6222794076773608,0.13017817601692713,0.07290085205267234,0.10152927003171637,0.0681896492316174,0.6803934843189925,0.5030078521631377,0.260156973635501,Integrated Freight & Logistics,Industrials,EXPD
2018Q3,2018,Q3,2018-11-07,2018-09-30,162692000.0,2090947000.0,203154000.0,0.92,258200000.0,0.1234847176901184,3334800000.0,1955849000.0,2746473000.0,1377468000.0,1377468000.0,0.0,2053389000.0,12647358360.0,11656746360.0,11.279796302063508,1.9938561186176376,0.0,0.0,0.08126591140839612,11.279796302063508,0.0831822906574076,6.048626942720213,19.43451177685442,6.466428829628463,0.0,0.0,0.0,0.6270082163847907,1.8288163499986934,0.04878613410099556,168.6584301488238,0.1234847176901184,0.16455696202531644,1.097076502385504,0.6222938143680653,0.06876630826293983,0.07605302749311317,0.1570854521531951,0.10659970367788042,0.49433448659347,0.375978675855177,0.15570247075984286,Integrated Freight & Logistics,Industrials,EXPD
2018Q2,2018,Q2,2018-08-08,2018-06-30,140605000.0,1957559000.0,183584000.0,0.79,239951000.0,0.12257663753685075,3132832000.0,1889752000.0,2564141000.0,1240273000.0,1240273000.0,0.0,1977121000.0,12774517399.999998,11753663399.999998,10.813783947720797,2.0674004836032065,0.0,0.0,0.0721022234240492,10.813783947720797,0.07440394295124439,6.525738125900674,22.713483517655842,6.75989092748678,0.5631378684968529,0.0,0.006198277204585435,0.6248528487962329,1.9016539100665741,0.0448811171489566,93.62530433954105,0.12257663753685075,0.03947368421052635,0.7993042543893665,0.5412339972390868,0.05311947023339201,-0.02103970494639098,0.03620699820180998,-0.047889719839434075,0.3028029292403459,0.26271403973947394,0.0929389611785967,Integrated Freight & Logistics,Industrials,EXPD
2018Q1,2018,Q1,2018-05-09,2018-03-31,135692000.0,1854262000.0,192818000.0,0.76,245108000.0,0.13218628219744566,3212481000.0,1979469000.0,2638091000.0,1198881000.0,1230215000.0,0.0,2041520000.0,11134470000.0,10001569000.0,11.25337691870381,2.2004610966392826,0.0,0.0,0.06708822592947127,11.25337691870381,0.06854969691366725,6.004798674620955,20.514234442708485,5.624978213854321,0.0,0.0,0.0,0.5772055928112882,2.0511368517809525,0.04223900468205104,50.22744393971518,0.13218628219744566,-0.1739130434782609,0.9831675845389478,0.5431369180575083,0.10503048152973987,-0.007149425008000065,-0.18731246294177892,-0.031118882875820934,0.38537103896453184,0.20418828858281662,0.12030203208033277,Integrated Freight & Logistics,Industrials,EXPD
2017Q4,2017,Q4,2018-02-23,2017-12-31,166967000.0,1901371000.0,199011000.0,0.92,246873000.0,0.12983946846775302,3117008000.0,1991858000.0,2541452000.0,1093119000.0,1122635000.0,0.0,2063512000.0,11483962870.0,10432863870.0,11.220281315660506,2.324954556640219,0.0,0.0,0.08153532755381127,11.220281315660506,0.08382475055952784,6.039832768039483,17.194958988902,5.765452592504084,0.4478070516928495,0.0,0.00651073160427242,0.609998755216541,2.255783679544496,0.053566432938253604,116.03126984126985,0.12983946846775302,0.3939393939393939,1.3205901010238084,0.4516370255139334,0.14967749808213895,0.04039833619203749,0.38834886872936814,0.06482784451162417,0.8237866824275738,0.1668835804418067,0.1572665881131872,Integrated Freight & Logistics,Industrials,EXPD
2017Q3,2017,Q3,2017-11-07,2017-09-30,120263000.0,1802166000.0,186895000.0,0.66,237287000.0,0.131667671013658,3068881000.0,1978003000.0,2518921000.0,1076054000.0,1087800000.0,0.0,2053723000.0,10739841760.0,9706397760.0,11.024674499487226,2.340887167372641,0.0,0.0,0.05984017853809607,11.024674499487226,0.0608002111220256,5.95940760174146,22.32573975370646,5.42963876192301,0.0,0.0,0.0,0.5872388013741817,2.2148498123700113,0.03918789943305068,211.00714684270503,0.131667671013658,0.10000000000000009,0.591756527049819,0.37806622356986547,0.10844954264792642,0.1637477378506025,0.10484056186897686,0.11088326200665716,0.27288849059784553,0.1453055297670515,0.12729431535406077,Integrated Freight & Logistics,Industrials,EXPD
2017Q2,2017,Q2,2017-08-08,2017-06-30,108851000.0,1672279000.0,168240000.0,0.6,203899000.0,0.12192881690196433,3022756000.0,1975844000.0,2494316000.0,1007646000.0,1044119000.0,0.0,2049403000.0,10167077760.0,9052167760.0,10.976179365820057,2.475389174372746,0.0,0.0,0.053278388499884824,10.976179365820057,0.05509088774214969,6.079773626290828,23.350905733525643,5.145688505772722,0.6956849271021855,0.0,0.007448157847078372,0.5532299001308739,2.312506574729617,0.036010514907587644,167.12821382779367,0.12192881690196433,0.17647058823529405,0.524946679570418,0.30693770956976724,0.13725112620321647,0.04580751713101637,0.16712772345170698,0.1514297055723613,0.3010887901328314,0.14123946305358018,0.13799635366336632,Integrated Freight & Logistics,Industrials,EXPD
2017Q1,2017,Q1,2017-05-04,2017-03-31,93264000.0,1545132000.0,146114000.0,0.51,194968000.0,0.12618209965232743,2902719000.0,1948896000.0,2401796000.0,926804000.0,950999000.0,0.0,2038053000.0,10171702380.0,9015659380.0,10.823471915229199,2.5914821256705842,0.0,0.0,0.047032046651882715,10.823471915229199,0.04785478547854786,6.583063699412089,27.265886033196093,5.219212508004532,0.0,0.0,0.0,0.5323050560526182,2.4627979594391047,0.032129875471928214,55.60799035633453,0.12618209965232743,-0.16393442622950816,0.4321643260844237,0.28955098237899646,0.09553017529507928,-0.1110381586806553,-0.15666877656207615,-0.15153591545206435,0.24272596079496342,0.15699058342342295,0.1116719186822092,Integrated Freight & Logistics,Industrials,EXPD
2016Q4,2016,Q4,2017-02-23,2016-12-31,110590000.0,1642007000.0,172210000.0,0.61,219321000.0,0.13356885811083632,2790871000.0,1844638000.0,2218579000.0,929931000.0,943658000.0,0.0,1944789000.0,9543444960.0,8569009960.0,10.236558065715506,2.3857458241525444,0.0,0.0,0.05862977919918155,10.236558065715506,0.059952142371565584,5.812061069167184,21.57393290532598,5.173613988218827,0.6521656569310064,0.0,0.007557333887531531,0.5883493002722089,2.3276619448109592,0.039625622251977966,179.8444353151795,0.13356885811083632,0.0338983050847458,0.40126979643927735,0.28613040964356173,0.08304614169619778,0.019708762239517952,0.027969622888800068,0.02957617644069519,0.503521983574752,0.14056862405164228,0.004407365545219166,Integrated Freight & Logistics,Industrials,EXPD
2016Q3,2016,Q3,2016-11-08,2016-09-30,107581000.0,1562394000.0,167263000.0,0.59,215082000.0,0.13766181897779944,2813797000.0,1850083000.0,2235686000.0,927604000.0,959864000.0,0.0,1929449000.0,9334239040.0,8291539040.0,10.211467239219106,2.4101728754942844,0.0,0.0,0.05703570649795281,10.211467239219106,0.05814928303216667,5.974318283352343,21.691188592781256,5.045308259142969,0.0,0.0,0.0,0.5552618046006873,2.3191103100029755,0.03823339068170163,90.59993050365438,0.13766181897779944,-0.06349206349206354,0.18227697356594086,0.13946941694502848,0.10826064761465823,-0.026179006085192698,-0.07299314100575605,-0.06485933446641023,0.32713362880830205,0.16013372327732406,-0.032458401645814434,Integrated Freight & Logistics,Industrials,EXPD
2016Q2,2016,Q2,2016-08-04,2016-06-30,116052000.0,1475164000.0,178864000.0,0.63,220864000.0,0.14972165806649296,2707138000.0,1775915000.0,2126845000.0,894026000.0,927633000.0,0.0,1855935000.0,8913167120.0,7932903120.0,9.771035416196707,2.3789520662710033,0.0,0.0,0.06395901042419277,9.771035416196707,0.06534772216012591,6.042153360575502,19.200804639299623,5.018915387279233,0.6290283665942853,0.0,0.008190130288951656,0.5449164394279125,2.272458519103471,0.04286888958006574,97.12188900874985,0.14972165806649296,0.18867924528301883,0.4258116121461543,0.08878087161727272,0.1072312096164803,0.12958890377750273,0.20156547668350866,0.1780854399114776,0.4279138585747687,0.11670783296618804,-0.048430439253818534,Integrated Freight & Logistics,Industrials,EXPD
2016Q1,2016,Q1,2016-05-04,2016-03-31,96584000.0,1418472000.0,151826000.0,0.53,195526000.0,0.13784269270031413,2679743000.0,1779251000.0,2087480000.0,854415000.0,897232000.0,0.0,1845356000.0,8883908100.0,7869991100.0,9.775567276523267,2.443168717777661,0.0,0.0,0.05326051254882659,9.775567276523267,0.054283515928893675,6.26301266433176,22.995289333637043,4.993060619328022,0.0,0.0,0.0,0.5293313575219714,2.3695557779299286,0.03604226226171689,40.03239079299561,0.13784269270031413,-0.13114754098360648,0.2336177228227657,0.1314577595931189,0.12561962590503897,-0.09568716324029322,-0.15609572822829382,-0.1470066070385186,0.3642091210176177,0.14083994870320898,-0.04008371061945127,Integrated Freight & Logistics,Industrials,EXPD
2015Q4,2015,Q4,2016-02-25,2015-12-31,114449000.0,1596221000.0,177992000.0,0.61,216215000.0,0.13545430112747545,2582438000.0,1691993000.0,1993370000.0,861373000.0,887762000.0,0.0,1771379000.0,8348506100.0,7540710100.0,9.14042385379583,2.3141774817645784,0.0,0.0,0.06565877515495742,9.14042385379583,0.06764153279593946,5.230169318659509,18.23630197729993,4.934125673096757,0.5844699385752606,0.0,0.00801245147320429,0.6181062236537721,2.229110965864962,0.04431819853951963,80.71336407757605,0.13545430112747545,-0.01612903225806453,0.36076208672515175,0.1575932730336063,0.11514091933546448,-0.0884427449376668,-0.032634604006423804,-0.0724414126622649,0.5254648158264842,0.1687095498541526,-0.06343349760979804,Integrated Freight & Logistics,Industrials,EXPD
2015Q3,2015,Q3,2015-11-05,2015-09-30,118310000.0,1651332000.0,191893000.0,0.62,237193000.0,0.14363737879481533,2827018000.0,1839045000.0,2235460000.0,955202000.0,984826000.0,0.0,1910388000.0,8865368020.0,7896685020.0,9.760121300638346,2.340300795015086,0.0,0.0,0.06470522929286718,9.760121300638346,0.06433230290721544,5.368616377566716,18.73334464542304,4.8206368087784695,0.0,0.0,0.0,0.5841250391755552,2.243758911727572,0.04184975122195897,72.00006513441079,0.14363737879481533,0.016393442622950834,0.3876408285108088,0.11623281689060865,0.1992063474142245,0.03720401425541684,0.004670516304347826,0.050225486547428796,0.491042729807756,0.2023577920202964,-0.018691935767895115,Integrated Freight & Logistics,Industrials,EXPD
2015Q2,2015,Q2,2015-08-06,2015-06-30,117760000.0,1691553000.0,182716000.0,0.61,228685000.0,0.13519233509088985,2932375000.0,1886621000.0,2334755000.0,993681000.0,1042642000.0,0.0,1935159000.0,8791255663.84,7805528663.84,9.894224958418077,2.3496021358967316,0.0,0.0,0.060584703607091325,9.894224958418077,0.0624184719665476,5.1971505851959705,18.663501324388587,4.659788936855891,0.584077785326087,0.0,0.007823797035377836,0.5768542563621638,2.2411156095366622,0.040158574534293875,52.07596237228699,0.13519233509088985,0.10909090909090897,0.4519003789851693,0.24187879937141402,0.29171080299380636,0.0701667360815383,0.10361373519268256,0.08190877708235879,0.5574661113262361,0.24804526207154037,0.025148924944545133,Integrated Freight & Logistics,Industrials,EXPD
2015Q1,2015,Q1,2015-05-07,2015-03-31,106704000.0,1677526000.0,168883000.0,0.55,213691000.0,0.1273846128167313,2943778000.0,1924891000.0,2352160000.0,979219000.0,1016247000.0,0.0,1974830000.0,9232624995.0,8199480995.0,10.044949126627015,2.4020775740666798,0.0,0.0,0.05486150754971544,10.044949126627015,0.0554337881989162,5.503714991600726,21.631393844185784,4.796440419223738,0.0,0.0,0.0,0.5698547920393453,2.3353754369553696,0.03624729853949585,73.89114754819967,0.1273846128167313,0.07843137254901968,0.9291586214497608,0.5465319546484501,0.315275013307926,0.041399442484258954,0.07368611706463006,0.06975315289065123,0.5396541717156178,0.3155454565792427,0.01672965603947008,Integrated Freight & Logistics,Industrials,EXPD
2014Q4,2014,Q4,2015-02-26,2014-12-31,99381000.0,1768830000.0,157871000.0,0.51,205196000.0,0.11600662584872487,2890905000.0,1868408000.0,2289250000.0,983783000.0,1019297000.0,0.0,1903196000.0,8596736400.69,7669629400.690001,9.695502687893292,2.3269867440279004,0.0,0.0,0.05299707419202489,9.695502687893292,0.053190202568175686,4.860125846288224,21.625704110166932,4.601102329196835,0.6221209285477103,0.0,0.007191915294161814,0.611860299802311,2.2398079657810714,0.03437712411857186,109.22038369571847,0.11600662584872487,-0.03773584905660381,0.5831945041221496,0.5623542659181923,0.32503449103735543,0.01798373774005189,-0.029302311952413045,-0.007918004662824968,0.1775112773030608,0.2955432258018282,0.025801515559905844,Integrated Freight & Logistics,Industrials,EXPD
2014Q3,2014,Q3,2014-11-06,2014-09-30,102381000.0,1705105000.0,159131000.0,0.53,201571000.0,0.11821618023523478,2926053000.0,1901373000.0,2317972000.0,962798000.0,1022123000.0,0.0,1920166000.0,7889525901.179999,6899045901.179999,9.779765895496949,2.407537198872453,0.0,0.0,0.05237645388498113,9.779765895496949,0.0538458261477364,4.627002971183592,19.26511242608492,4.149383577646259,0.0,0.0,0.0,0.582732096787037,2.2995103853560144,0.034989455078223125,100.58552069432403,0.11821618023523478,0.15217391304347827,0.9352796957709448,0.7944313483318246,0.37275716989681384,0.08296396585164052,0.12134454885982783,0.11715563418349796,0.048497072167366526,0.1588505716291578,0.06140767344733152,Integrated Freight & Logistics,Industrials,EXPD
2014Q2,2014,Q2,2014-08-07,2014-06-30,91302000.0,1599141000.0,142443000.0,0.46,186129000.0,0.11639311355283868,2929940000.0,1894814000.0,2310470000.0,962231000.0,1032803000.0,0.0,1893771000.0,8675316433.92,7704755433.92,9.645179732330627,2.4011593889616942,0.0,0.0,0.04646771638918401,9.645179732330627,0.0481852044580629,5.424985310188408,23.754453445488597,4.57845278424162,0.6879038794330902,0.0,0.007239735919536971,0.545793087913063,2.293878496951356,0.031161730274340087,1064.4560041619632,0.11639311355283868,0.09523809523809533,0.8232342911105481,0.9284466498580769,0.4152938451737183,0.0878375219170076,0.08921072723802252,0.053549107638144126,0.03780351442834728,0.09197391280351246,0.0929695336375808,Integrated Freight & Logistics,Industrials,EXPD
2014Q1,2014,Q1,2014-05-08,2014-03-31,83824000.0,1491645000.0,135203000.0,0.42,171100000.0,0.11470557672904746,2925504000.0,1958131000.0,2334993000.0,901493000.0,965490000.0,0.0,1964122000.0,7970321795.700001,6839275795.700001,9.73621059715126,2.590139912345409,0.0,0.0,0.04224277974274889,9.73621059715126,0.04280816758429339,5.343310101062921,23.77100172892012,4.070372102632562,0.0,0.0,0.0,0.5098762469646256,2.5296491486900066,0.028652840672923365,48.27659979103194,0.11470557672904746,0.024390243902439046,0.4917520754239525,0.7235920431378517,0.46127524149735544,-0.017536203589926157,0.003928331896138737,0.011521513058961716,-0.031081474760960036,0.07677885943218796,0.12108785302082235,Integrated Freight & Logistics,Industrials,EXPD
2013Q4,2013,Q4,2014-02-27,2013-12-31,83496000.0,1634230000.0,133663000.0,0.41,174154000.0,0.10656639518305257,3014812000.0,2084783000.0,2415269000.0,870200000.0,928481000.0,0.0,2087376000.0,9051698226.0,7804046226.0,10.191639783683614,2.775533210756148,0.0,0.0,0.03907573894885758,10.191639783683614,0.04005021146085708,5.538815360139026,27.102191200776083,4.341793954574649,0.7352807320111143,0.0,0.006782484177792782,0.5420669680232134,2.697643070558492,0.027695259273215048,176.6771070599028,0.10656639518305257,-0.08888888888888896,0.1172146153552799,0.30004020423702144,0.5868128683737988,-0.06334573930254071,-0.09636363636363636,-0.08645848284157935,-0.10163814338571855,0.07248589284119372,0.24339032190428905,Integrated Freight & Logistics,Industrials,EXPD
2013Q3,2013,Q3,2013-11-07,2013-09-30,92400000.0,1535089000.0,146313000.0,0.45,185932000.0,0.12112131609307343,3098563000.0,2179579000.0,2498211000.0,863979000.0,917833000.0,0.0,2181317000.0,9099103507.640001,7788773507.640001,10.554034324300979,2.8915181966228345,0.0,0.0,0.04136304121460861,10.554034324300979,0.04239350810408799,5.927411054108264,24.618786546645023,4.174706907912033,0.0,0.0,0.0,0.4954196509801479,2.821515337757052,0.029820274753167838,112.5973383281979,0.12112131609307343,0.0,0.11246646116600036,0.010542240065113548,0.6757781516578725,0.034530340629625095,0.0009207604397985159,0.019041781876179664,-0.01119508864362419,-0.05324637268032705,0.29675283356381565,Integrated Freight & Logistics,Industrials,EXPD
2013Q2,2013,Q2,2013-08-08,2013-06-30,92315000.0,1500453000.0,143579000.0,0.45,179726000.0,0.11978115942318752,3063665000.0,2119841000.0,2475778000.0,860213000.0,941723000.0,0.0,2129349000.0,7981142978.24,6695033978.24,10.268335410534428,2.8780987964608764,0.0,0.0,0.041571130160887954,10.268335410534428,0.04354807742656171,5.319155600501982,21.613884466879703,3.764972457009747,0.670519417212804,0.0,0.0077556560719138955,0.489757528972652,2.7834361954539166,0.03013221093037261,119.32635087448605,0.11978115942318752,0.15384615384615383,0.33853791176798465,0.06590624359510487,0.6558755996970547,0.09634482590342337,0.14941169146485714,0.117189809987706,0.051261931989919456,0.017456011501299377,0.3405516687051163,Integrated Freight & Logistics,Industrials,EXPD
2013Q1,2013,Q1,2013-05-03,2013-03-31,80315000.0,1410485000.0,128518000.0,0.39,163932000.0,0.11622385207924933,3017799000.0,2102695000.0,2430826000.0,831680000.0,913178000.0,0.0,2098933000.0,7303024110.15,5908337110.15,10.183770589862181,2.9227900153905346,0.0,0.0,0.036963451160449204,10.183770589862181,0.038196219613400896,5.177668752344052,22.732441356378008,3.4731732895878857,0.0,0.0,0.0,0.4673886498073596,2.857837148903424,0.02661376718595241,47.0567805236604,0.11622385207924933,-0.025000000000000022,0.24679976970632508,0.11333286686124909,0.6693005464391946,1.2467747908318254,-0.04623076192285769,0.0038508103885959775,0.3476422792310679,0.206837608454749,0.33345214886156016,Integrated Freight & Logistics,Industrials,EXPD
2012Q4,2012,Q4,2013-02-27,2012-12-31,84208000.0,1532957000.0,128025000.0,0.4,-664298000.0,-0.4333441838225077,2954125000.0,2027699000.0,2357599000.0,842558000.0,921555000.0,0.0,2018618000.0,8217169781.45,6956327781.45,9.759503281901122,2.798144460084647,0.0,0.0,0.03952235253419125,9.759503281901122,0.04152884624394449,5.36033938424235,24.395454652319255,4.052460341229147,0.6876425042751283,0.0,0.007046830178770154,0.5189208310413405,2.7205462413270065,0.028505225743663522,163.7049463382807,-0.4333441838225077,-0.04761904761904753,0.235077915053133,0.08887858173028737,0.6986477719640256,-2.4281740042740005,-0.048389648547858516,-0.11767138298678834,0.24425638592383161,0.2558825020929118,0.3337811230828651,Integrated Freight & Logistics,Industrials,EXPD
2012Q3,2012,Q3,2012-11-07,2012-09-30,88490000.0,1531664000.0,145099000.0,0.42,465138000.0,0.303681486278975,3032187000.0,2090017000.0,2439995000.0,866200000.0,936488000.0,0.0,2082542000.0,7594306474.82,6226664474.82,9.946031889869218,2.8168956361117523,0.0,0.0,0.04134684998495966,9.946031889869218,0.042339368531452135,4.958206548446657,21.455267473217315,3.6336099059577025,0.0,0.0,0.0,0.5051350724740922,2.7510875086585083,0.029183556291218188,128.725786067191,0.303681486278975,0.07692307692307684,0.2096419360441407,0.1028009635394508,0.788321593785028,0.02532122711070845,0.054017032934310046,0.09588906595772,0.5475955078382637,0.49134498101831703,0.396095441827193,Integrated Freight & Logistics,Industrials,EXPD
2012Q2,2012,Q2,2012-08-08,2012-06-30,83955000.0,1504952000.0,132403000.0,0.39,453651000.0,0.3014388498769396,2992372000.0,2043455000.0,2405397000.0,882898000.0,942315000.0,0.0,2044682000.0,8204308177.5,6840061177.5,9.651500106634067,2.7244336265344353,0.0,0.0,0.03919022011566862,9.651500106634067,0.04108482936986623,5.451541429560544,24.430671721457923,4.0149199162692595,0.7070216187243166,0.0,0.0072349793201073355,0.5029294486113357,2.659145224023613,0.02805633791520573,98.84708647590361,0.3014388498769396,0.08333333333333341,0.2912206735467066,0.20434516597296917,0.8458636666402674,0.015854141894569955,0.0944894207829794,0.05693257018783278,0.5555886181003827,0.6839512725790109,0.4162212707996886,Integrated Freight & Logistics,Industrials,EXPD
2012Q1,2012,Q1,2012-05-07,2012-03-31,76707000.0,1411370000.0,125271000.0,0.36,446571000.0,0.31640958784726897,3001223000.0,2095454000.0,2410198000.0,828257000.0,899189000.0,0.0,2067929000.0,9864662259.619999,8451747259.619999,9.879665717390134,2.909963936314453,0.0,0.0,0.03552541621032088,9.879665717390134,0.03660638696912459,6.989423226807994,32.15046299431603,4.707649158425811,0.0,0.0,0.0,0.4702649553198813,2.8542565894402343,0.02555858061863447,75.70207936228502,0.31640958784726897,-0.16279069767441862,0.30191958675595204,0.2692515923477328,0.9142512876554684,-0.06213102876164274,-0.1737987785831996,-0.1921335706546974,0.29443178930979147,0.5464140548325737,0.4828059400560358,Integrated Freight & Logistics,Industrials,EXPD
2011Q4,2011,Q4,2012-02-28,2011-12-31,92843000.0,1501914000.0,155064000.0,0.43,476155000.0,0.31703213366411126,2866827000.0,2003638000.0,2286883000.0,796145000.0,856758000.0,0.0,1991222000.0,8683048222.72,7388692222.719999,9.451636150684829,2.872445346011091,0.0,0.0,0.04644440905747962,9.451636150684829,0.046337212610261934,5.781321848468021,23.380998628652673,4.333641217984486,0.5708238639423543,0.0,0.0061035017473850305,0.5238941868483867,2.8004697636737026,0.032385281706918484,97.91991229455877,0.31703213366411126,-0.14,0.49362397502589583,0.21771303855518687,0.8862431685582862,-0.035822908356046214,-0.1290852125623804,-0.05309053603488074,0.19873898575852492,0.1529041346354408,0.4715961503177157,Integrated Freight & Logistics,Industrials,EXPD
2011Q3,2011,Q3,2011-11-07,2011-09-30,106604000.0,1606368000.0,163758000.0,0.5,493846000.0,0.3074301778919899,2883169000.0,1955719000.0,2312613000.0,865501000.0,921111000.0,0.0,1951375000.0,8606985625.449999,7346171625.449999,9.213958161554816,2.6719934465702524,0.0,0.0,0.050514149089954656,9.213958161554816,0.05450885326572989,5.3580410126758,20.18448094220198,4.400931639693637,0.0,0.0,0.0,0.5571536042458836,2.610051288213416,0.03697459288720155,118.41325187037393,0.3074301778919899,0.13636363636363635,0.6808163407048137,0.3140915079863462,0.9257873517337113,0.04504180412687463,0.12214736842105263,0.07540962075192907,0.248769691489233,0.028868448824990345,0.46299976890078626,Integrated Freight & Logistics,Industrials,EXPD
2011Q2,2011,Q2,2011-08-05,2011-06-30,95000000.0,1581368000.0,152275000.0,0.44,472561000.0,0.29883050624522567,2878004000.0,1872048000.0,2313042000.0,921525000.0,998854000.0,0.0,1844771000.0,10859250235.16,9633420235.16,8.824747109125628,2.510015463498006,0.0,0.0,0.04979582878402227,8.824747109125628,0.050746562053964425,6.866997583838803,28.57697430305263,5.800732799137628,0.0,0.0,0.0,0.5494669222141456,2.446939583842001,0.03300898817374819,178.1753037091243,0.29883050624522567,0.047619047619047665,0.6991549342118212,0.41076866757387215,0.9452048437171403,0.04107817542932047,0.041301297790249034,0.034266114243021124,0.3405114800294632,0.09324647636593911,0.42308201156994674,Integrated Freight & Logistics,Industrials,EXPD
2011Q1,2011,Q1,2011-05-09,2011-03-31,91232000.0,1460848000.0,147230000.0,0.42,453915000.0,0.3107202118221745,2836732000.0,1841909000.0,2280825000.0,914985000.0,987612000.0,0.0,1808481000.0,10636256329.0,9397785329.0,8.684609837593545,2.4927457827177495,0.0,0.0,0.048456881513416476,8.684609837593545,0.049531220054845275,7.280878181029101,29.146177681624867,5.774582962024725,0.0,0.0,0.0,0.5149756832862604,2.454753903069449,0.0321609514046445,67.87309090154938,0.3107202118221745,-0.07561749891193974,0.7536229411158146,0.4347504514949569,0.9023548383810476,-0.11098685228454531,-0.05461026714472239,-0.009032657566701666,0.37878662607411506,0.12256476209623098,0.42356152071394043,Integrated Freight & Logistics,Industrials,EXPD
2010Q4,2010,Q4,2011-02-28,2010-12-31,96502000.0,1582135000.0,148572000.0,0.4543573677624055,510583000.0,0.3227177200428535,2679179000.0,1740906000.0,2140355000.0,861978000.0,931025000.0,0.0,1717249000.0,11596618815.6,10512153815.6,8.196653620461527,2.483073813948848,0.0,0.0,0.05428767544822239,8.196653620461527,0.05543205664177158,7.329727751171676,30.04243128536196,6.661255010666859,0.4401463182110215,0.0,0.0036627055416240633,0.5905297854305367,2.4233483917222944,0.036019243208460505,97.3883806610904,0.3227177200428535,0.03263038127819428,0.20671931909848532,0.44455578597367373,0.917359041135138,0.16187353224954942,0.00413089849643619,-0.06922021538519368,0.38456819351289867,0.0993349967945846,0.4266327914227244,Integrated Freight & Logistics,Industrials,EXPD
2010Q3,2010,Q3,2010-11-08,2010-09-30,96105000.0,1667559000.0,159621000.0,0.44,439448000.0,0.26352770726553004,2716183000.0,1728622000.0,2183645000.0,921265000.0,980065000.0,0.0,1715876000.0,9818895381.779999,8761669381.779999,8.138817244991657,2.3702680553369553,0.0,0.0,0.055601786859832,8.138817244991657,0.05559630734770239,5.888184694982305,25.54210338114562,5.680186519539841,0.0,0.0,0.0,0.6139347017487408,2.3235008385209466,0.03538237298444177,96.20237477862146,0.26352770726553004,0.047619047619047665,0.7341827256681024,0.6036433086891145,0.972882511182924,0.0043217226555625895,0.0640736065900485,0.15253148105360442,0.29978001320760755,0.1878895795706518,0.4633798471844568,Integrated Freight & Logistics,Industrials,EXPD
2010Q2,2010,Q2,2010-08-06,2010-06-30,90318000.0,1516770000.0,138496000.0,0.42,437557000.0,0.28847946623416865,2546542000.0,1626420000.0,2022407000.0,864536000.0,911734000.0,0.0,1634771000.0,7327590261.25,6367290261.25,7.659783393841848,2.3392976116668365,0.0,0.0,0.05128452213580921,7.659783393841848,0.05553178145866381,4.83104904583424,20.282751669794504,4.505349332429508,0.4694191634004296,0.0,0.005785940328050981,0.5956194714243864,2.2874466765987767,0.035466919453910443,589.6033361160283,0.28847946623416865,0.4999999999999998,1.0346926922319875,0.6438411002521084,0.9658412797869788,0.14829287495079385,0.474651819680964,0.37750768343262947,0.38510359966878593,0.21032525803010776,0.46494490025530866,Integrated Freight & Logistics,Industrials,EXPD
2010Q1,2010,Q1,2010-05-07,2010-03-31,61247000.0,1201109000.0,100541000.0,0.28,381050000.0,0.3172484761999119,2422079000.0,1620547000.0,1892949000.0,748437000.0,793143000.0,0.0,1593265000.0,7834154853.200001,6792506853.200001,7.637147383621238,2.529202858757651,0.0,0.0,0.036987864974385845,7.637147383621238,0.0377940288063228,6.522434561059821,31.977708513070027,4.83426574681265,0.0,0.0,0.0,0.49590000986755595,2.485575940259501,0.0252869538937417,65.53529628495663,0.3172484761999119,-0.14041202863961805,0.6323621110291172,0.4642719975019526,0.9595108277531845,-0.020877497269865743,-0.1140956100383308,-0.08892292078220998,0.03905707944362321,0.07967905903928774,0.47974836713134156,Integrated Freight & Logistics,Industrials,EXPD
2009Q4,2009,Q4,2010-02-26,2009-12-31,69135000.0,1246911000.0,110354000.0,0.32573745716435826,389175000.0,0.31211128941841076,2323722000.0,1553007000.0,1787830000.0,708386000.0,762375000.0,0.0,1532018000.0,7379636259.6,6453707259.6,7.317170046119166,2.5238076415965307,0.0,0.0,0.04397342444947583,7.317170046119166,0.04451686309205303,5.918334395638502,26.685601575179,4.751837087405272,0.5836985607868663,0.0,0.005468291197618907,0.5366007637746684,2.451986628758897,0.029751837784382125,239.22576049014523,0.31211128941841076,0.20643502653466014,0.5890241237781528,0.3355783760004356,0.9258959509272076,0.06712458355612223,0.19710139908574595,0.1465827151258234,0.11089260988713143,0.009758101913960376,0.46027225261644894,Integrated Freight & Logistics,Industrials,EXPD
2009Q3,2009,Q3,2009-11-09,2009-09-30,57752000.0,1037327000.0,96246000.0,0.27,364695000.0,0.35157187656351374,2216887000.0,1512046000.0,1676520000.0,655136000.0,696932000.0,0.0,1503162000.0,7460288022.0,6513019022.0,7.124177611275609,2.559041176183266,0.0,0.0,0.036889377913376604,7.124177611275609,0.03819460519058283,7.191838274719544,32.29450071858983,4.933902819094128,0.0,0.0,0.0,0.4679205570694402,2.4913086748400333,0.026050944409886475,226.4261266844725,0.35157187656351374,0.08000000000000007,0.34143468877005656,0.15766400294605892,0.9876891028138958,0.04797112651975138,0.06809691141113372,0.10720489606221312,-0.08936624719869467,-0.15135471935513806,0.4890073185424494,Integrated Freight & Logistics,Industrials,EXPD
2009Q2,2009,Q2,2009-08-07,2009-06-30,54070000.0,895360000.0,86927000.0,0.25,348001000.0,0.38867159578270194,2073944000.0,1445568000.0,1534908000.0,573728000.0,619261000.0,0.0,1445409000.0,7071970077.860001,6155988077.860001,6.814966210177182,2.67532349824307,0.0,0.0,0.03541396425244373,6.814966210177182,0.0374039823792447,7.898465508689243,32.69821563648974,4.892173926000023,0.7448862585537267,0.0,0.005695159843236729,0.43171850348900453,2.6038819789168386,0.02607109931608568,100.20361139565858,0.38867159578270194,-0.07407407407407414,0.431325463458506,0.1161972478274939,1.0196332868225777,-0.020375015130658515,-0.0875801552480594,-0.04970811378096508,-0.032823718333424186,-0.20115882795896228,0.5021966202404612,Integrated Freight & Logistics,Industrials,EXPD
2009Q1,2009,Q1,2009-05-08,2009-03-31,59260000.0,912685000.0,91474000.0,0.27,355239000.0,0.38922410251072387,2054822000.0,1413187000.0,1531272000.0,584631000.0,632288000.0,0.0,1431616000.0,6000323258.16,5116644258.16,6.662817736633007,2.619211092124776,0.0,0.0,0.038576245091154704,6.662817736633007,0.04193358699167202,6.574363836548207,25.313547326020924,4.24595135545402,0.0,0.0,0.0,0.44416742666761405,2.5615473691952704,0.02883948098667427,36.67096462762642,0.38922410251072387,-0.2609879944164264,0.8448182803557972,0.31728143713365997,1.0558778541956164,-0.15605556307863358,-0.23759777686290653,-0.23263285935992617,0.13900813809720866,-0.10366901443916936,0.45948336143642365,Integrated Freight & Logistics,Industrials,EXPD
2008Q4,2008,Q4,2009-02-27,2008-12-31,77728000.0,1307389000.0,119205000.0,0.3653526572775903,420927000.0,0.32196002872901636,2100839000.0,1366418000.0,1573359000.0,670349000.0,716923000.0,0.0,1372356000.0,7078121668.170001,6337093668.170001,6.4227105708616,2.3470744343618026,0.0,0.0,0.05381526773984446,6.4227105708616,0.05688449654498111,5.413936990574344,22.76567539422731,5.1800559332283385,0.4366766158913133,0.0,0.00479534000561698,0.6223175597939681,2.2821873382372466,0.036998551531078776,76.92690730640902,0.32196002872901636,-0.0631983146728454,1.1106806297159726,0.7651059331974193,1.090332044578286,-0.06222262819256064,-0.09159118798574184,-0.11958255783036427,-0.02966664325914061,0.19170599249900427,0.5023987534247317,Integrated Freight & Logistics,Industrials,EXPD
2008Q3,2008,Q3,2008-11-07,2008-09-30,85565000.0,1564913000.0,135396000.0,0.39,448856000.0,0.2868248905849718,2270337000.0,1339884000.0,1734339000.0,852267000.0,930453000.0,0.0,1328572000.0,7412135825.64,6715786825.64,6.2979901688416895,2.0349714350080434,0.0,0.0,0.06104429575211479,6.2979901688416895,0.06386000579154613,4.736452330346799,21.656447804709874,5.531923528932356,2.3374043125109566e-05,0.0,2.698277591030666e-07,0.6892866565624398,1.985131420083143,0.03768823747311523,110.55134197861203,0.2868248905849718,0.21875000000000003,1.5951774516725823,1.172015098122369,1.1570587065678193,0.0771708115450241,0.20092913584752067,0.19850227049419764,0.5414113199715882,0.502416286260843,0.5266585163041706,Integrated Freight & Logistics,Industrials,EXPD
2008Q2,2008,Q2,2008-08-08,2008-06-30,71249000.0,1454255000.0,112971000.0,0.32,416699000.0,0.2865377805130462,2289704000.0,1322552000.0,1747964000.0,872179000.0,967152000.0,0.0,1247023000.0,9170834847.0,8467346847.0,6.201151470806767,2.004134472396148,0.0,0.0,0.05198947005574796,6.201151470806767,0.05387236191847277,6.3062082282680825,32.178819516765145,6.934196044465548,0.0,0.0,0.0,0.6351279466690891,1.9338037260699925,0.03111712256256704,422.8724510997372,0.2865377805130462,0.06666666666666674,1.5026189297352404,1.2784587795198887,1.2466567155057933,0.24217934883055406,0.07186484534841737,0.07016596567011481,0.5980085075187113,0.5691211299816227,0.5914914191077945,Integrated Freight & Logistics,Industrials,EXPD
2008Q1,2008,Q1,2008-05-09,2008-03-31,66472000.0,1307321000.0,105564000.0,0.3,335458000.0,0.25659956506473924,2183703000.0,1299812000.0,1646065000.0,798958000.0,866524000.0,0.0,1209937000.0,9626151596.58,8885933596.58,6.100621371978406,2.060264744830141,0.000342537423816334,0.0005754678368871806,0.048324851576655975,6.100621371978406,0.05113970328016667,7.363265484590242,36.203783535097486,7.405802990417076,0.0,0.0,0.0,0.5986716142259273,2.027344366036763,0.030440036946416248,57.13019138004095,0.25659956506473924,-0.08580670739540665,1.5913169933589666,1.3010253889472787,1.3045602633553866,-0.4523563867647923,-0.05117261658363904,-0.019067796610169493,0.7643893183874054,0.5872508287431589,0.5652747071572085,Integrated Freight & Logistics,Industrials,EXPD
2007Q4,2007,Q4,2008-02-29,2007-12-31,70057000.0,1446582000.0,107616000.0,0.3281581722671377,612548000.0,0.4234450587661121,2069065000.0,1226571000.0,1534697000.0,769753000.0,825286000.0,0.0,1143464000.0,9538530576.2,8963931576.2,5.74545438023146,1.9937525413996438,0.0,0.0,0.0541901959518631,5.74545438023146,0.05711613922064031,6.5938402221236,34.03846359464436,7.776582502113615,0.42602452288850506,0.0,0.0031289934819174396,0.699147682648926,1.96009888886435,0.033859255267475886,156.09554676550968,0.4234450587661121,-0.03482890509665382,0.9004873403169388,1.0436138978675442,1.2865722953207326,0.881544189018172,-0.05736006458557589,-0.09960592699190937,0.600832942845497,0.5404192356573374,0.5122167801735618,Integrated Freight & Logistics,Industrials,EXPD
2007Q3,2007,Q3,2007-11-09,2007-09-30,74320000.0,1411025000.0,119521000.0,0.34,325556000.0,0.2307230559345157,2105209000.0,1187333000.0,1571329000.0,841020000.0,901180000.0,0.0,1103253000.0,10287864558.35,9730682558.35,5.56165732407122,1.8683610377874487,0.0,0.0,0.0593598352950501,5.56165732407122,0.0625940658602094,7.291057605889336,34.60664881038078,8.664683419352446,0.0,0.0,0.0,0.6702541172871672,1.8331490333166869,0.0353029081673126,-1289.6909312210105,0.2307230559345157,0.13333333333333347,1.3701857702531024,1.2209296788874124,1.3534229078735622,0.07358125331829589,0.13484707355433737,0.17479211307476067,0.716208934677017,0.5655376242672439,0.5517363911793387,Integrated Freight & Logistics,Industrials,EXPD
2007Q2,2007,Q2,2007-08-09,2007-06-30,65489000.0,1258618000.0,101738000.0,0.3,303243000.0,0.24093330939172966,1937261000.0,1115033000.0,1437761000.0,763268000.0,805731000.0,0.0,1028933000.0,8807295623.0,8232466623.0,5.228717743928056,1.883690918524031,0.00010994904661787957,0.00019102573645802412,0.05499396146454392,5.228717743928056,0.05873279086807296,6.997592298060253,33.62127847043015,7.898686068484071,0.0,0.0,0.0,0.6496894326577575,1.8403889590550109,0.033804944196987395,118.97249180039985,0.24093330939172966,0.111111111111111,1.691970648412747,1.2870934430852714,1.3467726971283156,0.008114972639809575,0.10459114829307786,0.07630785506479767,0.7243788342061172,0.5607002286672399,0.5495443524381612,Integrated Freight & Logistics,Industrials,EXPD
2007Q1,2007,Q1,2007-05-10,2007-03-31,59288000.0,1118946000.0,94525000.0,0.27,300802000.0,0.2688261989407889,1836799000.0,1101527000.0,1351393000.0,685682000.0,718678000.0,0.0,993346000.0,8818854091.72,8242262091.719999,5.161112222361634,1.9708742536627766,0.00012195128590553457,0.00020335407121205382,0.05065236674691329,5.161112222361634,0.053823465062590385,7.881393822150487,37.186505244400216,8.006026263287238,0.0,0.0,0.0,0.6091826051734567,1.9371720418503038,0.03227789213735417,85.91940931713447,0.2688261989407889,-0.07919400095831337,1.5837273835702423,1.41134936673688,1.4146770123210677,-0.3591558297683773,-0.053058616834371505,-0.05147759771210677,0.8342080815779306,0.6049320251673599,0.5925118681594888,Integrated Freight & Logistics,Industrials,EXPD
