Year,Date,FillingDate,NetIncome,Revenue,OperatingIncome,EPSDiluted,GrossProfit,GrossProfitRatio,TotalAssets,CommonStockEquity,CurrentAssets,CurrentLiability,TotalLiability,Inventory,RetainedEarnings,EnterpriseValue,bookValuePerShare,currentRatio,debtToAssets,debtToEquity,roic,shareholdersEquityPerShare,roe,priceToSalesRatio,peRatio,pbRatio,payoutRatio,inventoryTurnover,dividendYield,assetTurnover,quickRatio,returnOnAssets,priceToFreeCashFlowsRatio,grossProfitMargin,epsdilutedGrowth,fiveYNetIncomeGrowthPerShare,fiveYRevenueGrowthPerShare,fiveYShareholdersEquityGrowthPerShare,grossProfitGrowth,netIncomeGrowth,operatingIncomeGrowth,threeYNetIncomeGrowthPerShare,threeYRevenueGrowthPerShare,threeYShareholdersEquityGrowthPerShare,Industry,Sector,Price,MarketCap,AvgVolume,Symbol
2022,2022-12-31,2023-02-09,341200000.0,2909800000.0,391200000.0,0.82,1883100000.0,0.6471578803,5391700000.0,2131800000.0,3668800000.0,1839300000.0,3259900000.0,306700000.0,479900000.0,45538756000.0,5.47457627118644,1.9946718860436035,0.3867796798783315,0.9782343559433343,0.07883785341363939,5.47457627118644,0.1600525377615161,15.154187916695305,129.2369753810082,20.68470588235294,0.0,3.34757091620476,0.0,0.5396813620935883,1.72320991681618,0.06328245265871618,144.71826714801443,0.647157880266685,0.5471698113207546,7.025320392799628,2.5901385319169545,3.5060174745196924,0.12055935733412675,1.2055591467356173,1.2303306727480046,2.1582047909563875,0.8448421099516593,1.2602941232951947,Medical Devices,Healthcare,130.685,50658210660,2509481,DXCM
2021,2021-12-31,2022-02-14,154700000.0,2448500000.0,175400000.0,0.53,1680500000.0,0.6863385746,4863600000.0,2251500000.0,3684400000.0,720800000.0,2612100000.0,357300000.0,-47400000.0,52705688750.00001,5.81933316102352,5.111542730299667,0.3745785015215067,0.8091494559182767,0.037218392228572754,5.81933316102352,0.06870974905618477,21.211553502144174,335.72390917905625,23.06750555185432,0.0,2.149454240134341,0.0,0.5034336705321161,4.502635960044395,0.031807714450201495,974.418175422139,0.6863385746375332,-0.5793650793650793,3.0382338664430844,2.6913540823742794,5.856888685857171,0.31278806343254434,-0.6865883306320908,-0.4143572621035058,2.109876382282945,1.1643057917243385,2.0952219798116962,Medical Devices,Healthcare,130.685,50658210660,2509481,DXCM
2020,2020-12-31,2021-02-11,493600000.0,1926700000.0,299500000.0,1.26,1280100000.0,0.6644002699,4290500000.0,1826500000.0,3424800000.0,614100000.0,2464000000.0,234700000.0,-202100000.0,35923468000.0,4.837129237288136,5.576941866145579,0.4287379093345764,1.00711743772242,0.1711790231207682,4.837129237288136,0.2702436353681905,18.11468728914725,70.70820097244733,19.10844128113879,0.0,2.7550063911376226,0.0,0.44906188089966204,5.106985832926234,0.11504486656566834,126.18065075921909,0.6644002698915243,3.4999999999999996,8.244085451977401,3.051528902099671,5.980161177858828,0.3742351046698873,3.8822947576656777,1.1047083626141954,9.988976298197043,1.451467422714459,2.9813471929229003,Medical Devices,Healthcare,130.685,50658210660,2509481,DXCM
2019,2019-12-31,2020-02-13,101100000.0,1476000000.0,142300000.0,0.28,931500000.0,0.631097561,2395000000.0,882600000.0,1969400000.0,360200000.0,1512400000.0,119800000.0,-695700000.0,20626714000.0,2.4220636663007684,5.4675180455302606,0.4783716075156576,1.298096532970768,0.06530128492543644,2.4220636663007684,0.11454792658055744,13.500822493224932,197.10399604352125,22.57785406752776,0.0,4.545075125208681,0.0,0.6162839248434238,5.051637978900611,0.04221294363256785,148.1577249070632,0.6310975609756098,1.777777777777778,4.725654696565784,3.7005732406391023,4.196553144245871,0.40307275192046993,1.7954366640440598,1.7638217928073001,2.41427940349656,1.362611514250216,1.8539044750210603,Medical Devices,Healthcare,130.685,50658210660,2509481,DXCM
2018,2018-12-31,2019-02-21,-127100000.0,1031600000.0,-186300000.0,-0.36,663900000.0,0.6435633966653742,1916000000.0,663300000.0,1699500000.0,222400000.0,1252700000.0,70700000.0,-798900000.0,10446960000.0,1.8801020408163265,7.641636690647482,0.5311064718162839,1.5341474445952057,-0.1108776426748231,1.8801020408163265,-0.19161766922960952,10.2426909654905,-83.13422501966954,15.92998643147897,0.0,5.200848656294201,0.0,0.5384133611691023,7.24955035971223,-0.06633611691022964,188.34866310160427,0.6435633966653742,-1.4827586206896552,-2.438193398164635,4.197474489795918,5.3579193865417745,0.34911603332655966,-1.5318725099601593,-3.3835294117647057,-0.996445105820106,1.3217720919213456,1.71305864117799,Medical Devices,Healthcare,130.685,50658210660,2509481,DXCM
2017,2017-12-31,2018-02-27,-50200000.0,718500000.0,-42500000.0,-0.145,492100000.0,0.6848990953375087,904100000.0,419400000.0,744700000.0,138900000.0,484700000.0,45200000.0,-671800000.0,4845557000.0,1.2149478563151797,5.361411087113031,0.3697599823028426,0.7970910824988078,-0.057731689840521454,1.2149478563151797,-0.11969480209823558,6.893189979123173,-98.66049800796814,11.80914878397711,0.0,5.008849557522124,0.0,0.7947129742285145,4.916486681065515,-0.055524831323968585,190.49065384615383,0.6848990953375087,0.2564102564102565,0.266748168858367,4.72541834998382,3.3359437781222256,0.30047568710359407,0.2347560975609756,0.3348982785602504,-0.9528223804005959,1.4154542723488264,1.6066784249615267,Medical Devices,Healthcare,130.685,50658210660,2509481,DXCM
2016,2016-12-31,2017-02-28,-65600000.0,573300000.0,-63900000.0,-0.195,378400000.0,0.6600383743240886,402800000.0,283800000.0,280000000.0,102400000.0,119000000.0,45400000.0,-621000000.0,4902420000.0,0.8486842105263158,2.734375,0.0,0.0,-0.22758708307137018,0.8486842105263158,-0.23114869626497533,8.70559916274202,-76.08109756097562,17.586046511627906,0.0,4.29295154185022,0.0,1.423286991062562,2.201171875,-0.1628599801390268,9981.84,0.6600383743240886,-0.08333333333333341,-0.14976420869567442,4.895357372339597,1.1300844704353477,0.35919540229885055,-0.1388888888888889,-0.1190893169877408,-0.8721942134163964,2.0473706638755984,1.869985606108017,Medical Devices,Healthcare,130.685,50658210660,2509481,DXCM
2015,2015-12-31,2016-02-23,-57600000.0,402000000.0,-57100000.0,-0.18,278400000.0,0.6925373134328359,292000000.0,221200000.0,231300000.0,66900000.0,70800000.0,35200000.0,-555400000.0,6451820000.0,0.6929824561403509,3.4573991031390134,0.007876712328767124,0.010397830018083183,-0.2559252990954188,0.6929824561403509,-0.2603978300180832,16.25776119402985,-113.46562500000002,29.54620253164557,0.0,3.5113636363636362,0.0,1.3767123287671232,2.8295964125560538,-0.19726027397260273,416.2815286624204,0.6925373134328359,-1.4,0.25580999807839344,4.892195995530559,1.585053044626059,0.579126488939308,-1.5714285714285714,-1.655813953488372,0.09012899220528395,2.464291359028201,1.4731373889268626,Medical Devices,Healthcare,130.685,50658210660,2509481,DXCM
2014,2014-12-31,2015-02-25,-22400000.0,259200000.0,-21500000.0,-0.075,176300000.0,0.6801697530864198,184600000.0,140200000.0,145900000.0,40600000.0,44400000.0,16000000.0,-497800000.0,4072560000.0,0.4660904255319149,3.5935960591133007,0.024918743228602384,0.03281027104136947,-0.14914649555285783,0.4660904255319149,-0.15977175463623394,15.971296296296297,-184.81071428571428,29.52753209700428,0.0,5.18125,0.0,1.4041170097508127,3.103448275862069,-0.12134344528710726,559.4270270270271,0.6801697530864198,0.2857142857142857,0.7531995986688016,4.147867073764072,5.482453152846588,0.7612387612387612,0.2483221476510067,0.2560553633217993,0.5635430624489436,1.9631363017791594,0.16982496543494946,Medical Devices,Healthcare,130.685,50658210660,2509481,DXCM
2013,2013-12-31,2014-02-20,-29800000.0,160000000.0,-28900000.0,-0.105,100100000.0,0.625625,122500000.0,84100000.0,93100000.0,32100000.0,38400000.0,9000000.0,-475400000.0,2481250999.9999995,0.2957102672292546,2.9003115264797508,0.05551020408163265,0.08085612366230678,-0.3179317931793179,0.2957102672292546,-0.35434007134363854,15.735318749999998,-84.48493288590603,29.936397146254453,0.0,6.655555555555556,0.0,1.3061224489795917,2.514018691588785,-0.24326530612244898,-457.75472727272717,0.625625,0.4683544303797469,0.7760432914573171,5.7448788517442475,1.903282174375369,1.148068669527897,0.45321100917431195,0.48114901256732495,0.5678734977707315,1.6321122401681527,0.10309679538748581,Medical Devices,Healthcare,130.685,50658210660,2509481,DXCM
2012,2012-12-31,2013-02-21,-54500000.0,99900000.0,-55700000.0,-0.1975,46600000.0,0.46646646646646645,106000000.0,77000000.0,77600000.0,19500000.0,29000000.0,7400000.0,-445600000.0,932533000.0,0.2802037845705968,3.9794871794871796,0.0660377358490566,0.09090909090909091,-0.6476467827274278,0.2802037845705968,-0.7077922077922078,9.345675675675675,-17.130880733944952,12.125103896103896,0.0,7.202702702702703,0.0,0.9424528301886792,3.4974358974358974,-0.5141509433962265,-21.916267605633802,0.46646646646646645,-0.16176470588235292,0.5104228079623618,7.898056122078215,3.4601038665058654,0.300078116281665,-0.217985965225942,-0.24211136632250296,0.3427123851009932,1.1717954491207476,3.6947567870647346,Medical Devices,Healthcare,130.685,50658210660,2509481,DXCM
2011,2011-12-31,2012-02-23,-44746000.0,76266000.0,-44843000.0,-0.17,35844000.0,0.46998662575721817,120475000.0,104490000.0,104410000.0,14741000.0,15985000.0,8171000.0,-391124000.0,607847840.0,0.3984274906961137,7.0829658774845665,0.0,0.0,,0.3984274906961137,-0.4282323667336587,8.003577478824116,-13.641461583158272,5.8417153794621495,0.0,4.94700771019459,0.0,0.6330442000415024,6.407842073129367,-0.37141315625648474,-16.00757474037554,0.46998662575721817,0.2989690721649484,0.6011146618330656,13.601128724603399,-0.23619326965841797,0.9435015995228542,0.18894326626789923,0.009869728416869067,0.635324833893509,2.486497025716925,2.2170441476348697,Medical Devices,Healthcare,130.685,50658210660,2509481,DXCM
2010,2010-12-31,2011-03-03,-55170000.0,48631000.0,-45290000.0,-0.2425,18443000.0,0.3792436922950381,77164000.0,60993000.0,66025000.0,15129000.0,16171000.0,8112000.0,-346378000.0,772061650.0,0.2680728186916545,4.364135104765682,0.006803690840288217,0.008607545128129458,,0.2680728186916545,-0.9045300280360041,15.965652567292468,-14.073330614464382,12.729750135261424,0.0,3.7214003944773175,0.0,0.6302291223886787,3.555026769779893,-0.7149707117308589,-15.673967417635659,0.3792436922950381,0.19834710743801653,0.40279835780150935,0.0,-0.5888917055383022,4.03769461895657,-0.03075255959943203,0.011847358889882836,0.40142693134499097,4.231573925790275,3.267010943424773,Medical Devices,Healthcare,130.685,50658210660,2509481,DXCM
2009,2009-12-31,2010-03-09,-53524000.0,29693000.0,-45833000.0,-0.3025,3661000.0,0.12329505270602499,46948000.0,-18445000.0,36920000.0,18796000.0,65393000.0,2641000.0,-291208000.0,400960290.0,-0.1039811035695763,1.9642477122792084,0.993801652892562,-2.529520195174844,,-0.1039811035695763,2.90181621035511,12.052682113629475,-6.6863517300650175,-19.402563838438603,0.0,9.856872396819387,0.0,0.6324657067393712,1.6762077037667589,-1.1400698645309704,-8.44435690521696,0.12329505270602499,0.3529411764705883,0.8021403568502666,0.0,0.9807151154574185,1.662145053355037,0.030081182951580167,0.13239441952032105,0.29458675029978576,7.404477806220374,-1.1993373162981953,Medical Devices,Healthcare,130.685,50658210660,2509481,DXCM
2008,2008-12-31,2009-03-05,-55184000.0,9838000.0,-52827000.0,-0.4675,-5529000.0,-0.5620044724537507,44366000.0,-38613000.0,32058000.0,14996000.0,82979000.0,2446000.0,-231436000.0,132040120.0,-0.327373079662224,2.137770072019205,1.4280304737862326,-1.6407945510579338,,-0.327373079662224,1.4291559837360475,8.272425289693027,-1.4747774717309363,-2.1076870484033874,0.0,6.282502044153721,0.0,0.221746382364874,1.8795678847692718,-1.2438353694270388,-2.0375064466865282,-0.5620044724537507,-0.15432098765432098,0.5904075837090055,0.0,0.9128398180799921,0.3181650018497965,-0.20284232093814028,-0.1317807866998029,-0.15230599006425935,0.0,-1.5020493651294617,Medical Devices,Healthcare,130.685,50658210660,2509481,DXCM
TTM,,,,,,,,,,,,,,,,52177810660.0,5.774502198086372,2.0200536193029492,0.3884769484580939,0.9596059113300492,0.064298851629304,5.774502198086372,0.13854023587363237,16.76036746401985,172.7722717948718,22.631388042991492,0.0,2.9368852459016392,0.0,0.5479613481027574,1.7262734584450403,0.05302851755833137,121.77454485576924,0.6443672456575682,,,,,,,,,,,Medical Devices,Healthcare,130.685,50658210660,2509481,DXCM
