Quarters,Year,Quarter,FillingDate,Date,NetIncome,Revenue,OperatingIncome,EPSDiluted,GrossProfit,GrossProfitRatio,TotalAssets,CommonStockEquity,CurrentAssets,CurrentLiability,TotalLiability,Inventory,RetainedEarnings,MarketCap,EnterpriseValue,bookValuePerShare,currentRatio,debtToAssets,debtToEquity,roic,shareholdersEquityPerShare,roe,priceToSalesRatio,peRatio,pbRatio,payoutRatio,inventoryTurnover,dividendYield,assetTurnover,quickRatio,returnOnAssets,priceToFreeCashFlowsRatio,grossProfitMargin,epsdilutedGrowth,fiveYNetIncomeGrowthPerShare,fiveYRevenueGrowthPerShare,fiveYShareholdersEquityGrowthPerShare,grossProfitGrowth,netIncomeGrowth,operatingIncomeGrowth,threeYNetIncomeGrowthPerShare,threeYRevenueGrowthPerShare,threeYShareholdersEquityGrowthPerShare,Industry,Sector,Symbol
2023Q1,2023,Q1,2023-04-27,2023-03-31,48600000.0,741500000.0,69100000.0,0.12,462600000.0,0.6238705327,5515900000.0,2233000000.0,3767400000.0,1865000000.0,3282900000.0,366000000.0,528500000.0,44926806000.0,46446406000.0,5.774502198086372,2.0200536193029492,0.3884769484580939,0.9596059113300492,0.011450888849903869,5.774502198086372,0.021764442454097626,60.589084288604184,231.1049691358025,20.119483206448724,0.0,0.7620218579234973,0.0,0.13442955818633406,1.7262734584450403,0.00881089214815352,556.7138289962825,0.6238705327039784,-0.4545454545454546,2.8135142239804063,2.6312011026052247,3.7817314858234794,-0.14539072602992795,-0.47058823529411764,-0.44896331738437,1.3190584419381628,0.7381106179378174,1.2690178781565715,Medical Devices,Healthcare,DXCM
2022Q4,2022,Q4,2023-02-09,2022-12-31,91800000.0,815200000.0,125400000.0,0.22,541300000.0,0.6640088322,5391700000.0,2131800000.0,3668800000.0,1839300000.0,3259900000.0,306700000.0,479900000.0,43744612000.0,45187712000.0,5.518508930882733,1.9946718860436035,0.3867796798783315,0.9782343559433343,0.019948831873213845,5.518508930882733,0.0430622009569378,53.66120215897939,119.13020697167755,20.520035650623885,0.0,0.8930551027062276,0.0,0.1511953558246935,1.72320991681618,0.017026169853663967,633.979884057971,0.66400883218842,-0.0833333333333333,9.787592048953245,2.319150590999657,3.5737570442890756,0.0953055443140429,-0.09288537549407115,-0.14983050847457627,-0.060722965450163154,0.670711944603983,1.2909377660043433,Medical Devices,Healthcare,DXCM
2022Q3,2022,Q3,2022-10-27,2022-09-30,101200000.0,769600000.0,147500000.0,0.24,494200000.0,0.6421517672,4899200000.0,1824500000.0,3398500000.0,900500000.0,3074700000.0,311000000.0,388100000.0,31394492000.000004,32828592000.000004,4.680605438686506,3.774014436424209,0.4352139124755062,1.1686489449164155,0.02478091871583078,4.680605438686506,0.0554672513017265,40.79325883575884,77.55556324110673,17.207175664565636,0.0,0.8855305466237942,0.0,0.15708687132593077,3.2970571904497503,0.02065643370346179,169.6999567567568,0.6421517671517671,1.0,46.01816316059517,2.7091177129477737,3.22717178681375,0.09944382647385984,0.9882121807465619,0.9155844155844156,1.070160265817651,0.8194072492256814,1.2365002043808868,Medical Devices,Healthcare,DXCM
2022Q2,2022,Q2,2022-07-28,2022-06-30,50900000.0,696200000.0,77000000.0,0.12,449500000.0,0.6456478024,5217400000.0,2255900000.0,3808700000.0,807000000.0,2961500000.0,339500000.0,286900000.0,29253025000.0,30655125000.0,5.747515923566879,4.719578686493184,0.40968681718863803,0.9475154040515981,0.011405280214345821,5.747515923566879,0.022563056873088346,42.01813415685148,143.6789047151277,12.967341194201872,0.0,0.7266568483063328,0.0,0.13343811093648178,4.171995043370508,0.00975581707363821,359.8158056580566,0.6456478023556449,-0.4782608695652174,14.454460795080166,2.5932634911627006,4.615893421500462,0.12911328811856318,-0.47687564234326824,0.864406779661017,5.500566575674856,0.9213953664503133,2.0428516672203556,Medical Devices,Healthcare,DXCM
2022Q1,2022,Q1,2022-04-28,2022-03-31,97300000.0,628800000.0,41300000.0,0.23,398100000.0,0.633110687,5057000000.0,2189300000.0,3746600000.0,711400000.0,2867700000.0,342200000.0,236000000.0,49727520000.0,51153220000.0,5.630915637860082,5.266516727579421,0.4235119636147914,0.9782578906499795,0.024699456924064514,5.630915637860082,0.044443429406659664,79.08320610687024,127.76855087358685,22.713890284565846,0.0,0.67416715371128,0.0,0.12434249555072177,4.544138318807985,0.019240656515720784,-1625.0823529411764,0.6331106870229007,5.6000000000000005,3.0452674897119345,2.8732984565732282,5.907905145366148,-0.15763859500634786,6.015463917525773,2.3852459016393444,4.360330900913305,1.0825774080676043,2.042008268613613,Medical Devices,Healthcare,DXCM
2021Q4,2021,Q4,2022-02-14,2021-12-31,-19400000.0,698200000.0,12200000.0,-0.05,472600000.0,0.6768834145,4863600000.0,2251500000.0,3684400000.0,720800000.0,2612100000.0,357300000.0,-47400000.0,52084150000.00001,52910350000.00001,5.802835051546392,5.111542730299667,0.38629821531375935,0.8344659116144792,0.003738779554177235,5.802835051546392,-0.008616477903619808,74.59775136064167,-671.1875,23.133089051743283,0.0,0.6314021830394626,0.0,0.14355621350440004,4.502635960044395,-0.003988814869643885,2034.5371093750002,0.6768834144944142,-1.2816901408450703,-1.2864864864864867,2.556925040948069,5.919236721082802,0.057507272320429625,-1.2736248236953456,-0.8968723584108199,0.9012799109627156,0.8889263710120174,2.1039437302708577,Medical Devices,Healthcare,DXCM
2021Q3,2021,Q3,2021-10-28,2021-09-30,70900000.0,650200000.0,118300000.0,0.1775,446900000.0,0.68732697631498,4775900000.0,2136100000.0,3656200000.0,734900000.0,2639800000.0,351300000.0,-28000000.0,52990734000.0,53429934000.0,5.51109391124871,4.975098652877943,0.3943759291442451,0.8817471092177332,0.02201992146466829,5.51109391124871,0.033191329993914144,81.49912949861582,186.85026093088857,24.807234680024344,0.0,0.578707657272986,0.0,0.13614187901756736,4.391073615457885,0.01484536945915953,380.6805603448276,0.68732697631498,0.12698412698412692,4.273110027885735,2.7975226642332216,6.08148201582913,0.0714456964756653,0.1271860095389507,0.1712871287128713,0.38956802508670074,1.2266063491289596,2.47016585660271,Medical Devices,Healthcare,DXCM
2021Q2,2021,Q2,2021-07-29,2021-06-30,62900000.0,595100000.0,101000000.0,0.1575,417100000.0,0.700890606620736,4503800000.0,1997600000.0,3474200000.0,600700000.0,2506200000.0,319300000.0,-98900000.0,41290900000.0,42026100000.0,5.164426059979317,5.783585816547362,0.4205337714818598,0.948137765318382,0.02032636406111725,5.164426059979317,0.031487785342410896,69.38480927575198,164.11327503974564,20.6702543051662,0.0,0.557469464453492,0.0,0.13213286558017673,5.108040619277509,0.013965984279941383,-1042.699494949495,0.700890606620736,0.5365853658536587,3.692024941894396,2.747133934025311,6.00886393854336,0.21285257342250655,0.5607940446650124,1.2004357298474946,0.8997034591862593,1.2383104297487177,2.7793186350564265,Medical Devices,Healthcare,DXCM
2021Q1,2021,Q1,2021-04-29,2021-03-31,40300000.0,505000000.0,45900000.0,0.1025,343900000.0,0.680990099009901,4389800000.0,1903200000.0,3445100000.0,604100000.0,2486600000.0,289700000.0,-161800000.0,34609257000.0,35747957000.0,4.940809968847352,5.702863764277438,0.426557018542986,0.9838692728036991,0.022037001032174687,4.940809968847352,0.02117486338797814,68.53318217821783,214.6976240694789,18.184771437578814,0.0,0.5560925094925785,0.0,0.11503940954029797,5.091872206588313,0.009180372682126748,-481.35267037552154,0.680990099009901,-0.5576801801801802,2.7894546123226034,2.7051186499446835,6.01800170315515,-0.138311200200451,-0.8865427927927928,-0.5586538461538462,2.509654746273268,1.482666693697164,3.0913702658797617,Medical Devices,Healthcare,DXCM
2020Q4,2020,Q4,2021-02-11,2020-12-31,355200000.0,568900000.0,104000000.0,0.23173277661795408,399100000.0,0.7015292670065038,4290500000.0,1826500000.0,3424800000.0,614100000.0,2464000000.0,234700000.0,-202100000.0,34901568000.0,35923468000.0,4.837129237288136,5.576941866145579,0.4287379093345764,1.00711743772242,0.11837959090322214,4.837129237288136,0.19447029838488913,61.34921427315873,24.56472972972973,19.10844128113879,0.0,0.7234767788666383,0.0,0.13259526861671134,5.106985832926234,0.08278755389814707,312.1786046511628,0.7015292670065038,0.26976863900248815,203.1898305084746,2.750425996475405,6.120114284181813,0.17244418331374853,3.919667590027701,0.10520722635494155,35.78507032095204,1.3696894892246336,3.009027474681345,Medical Devices,Healthcare,DXCM
2020Q3,2020,Q3,2020-10-27,2020-09-30,72200000.0,500900000.0,94100000.0,0.1825,340400000.0,0.6795767618287083,3833200000.0,1499300000.0,3237100000.0,506400000.0,2333900000.0,200700000.0,-557300000.0,39491634000.0,40636634000.0,3.912578288100209,6.3923775671406,0.47440780548888656,1.2128993530314147,0.02591786608925768,3.912578288100209,0.048155806042819986,78.84135356358554,136.74388504155127,26.340048022410457,0.0,0.7997010463378177,0.0,0.13067411040384014,5.872432859399684,0.018835437754356674,394.12808383233534,0.6795767618287083,0.5208333333333334,2.4275082893282574,3.000973391968375,5.517590319546132,0.19816965857092572,0.5593952483801296,0.387905604719764,33.670876826722335,1.4556865037987685,2.5335472664405008,Medical Devices,Healthcare,DXCM
2020Q2,2020,Q2,2020-07-28,2020-06-30,46300000.0,451800000.0,67800000.0,0.12,284100000.0,0.6288180610889774,3521800000.0,1353900000.0,3033000000.0,400100000.0,2167900000.0,165300000.0,-629500000.0,38026520000.0,39258120000.0,3.6084754797441363,7.580604848787803,0.5001987619967062,1.30113006869045,0.02111262257923539,3.6084754797441363,0.03419750350838319,84.16671093404162,205.32678185745138,28.086653371740898,0.0,1.014519056261343,0.0,0.1282866715883923,7.01149712571857,0.013146686353569198,396.5226277372263,0.6288180610889774,1.2857142857142858,11.619143663919784,3.1137750853336015,5.7307474677828525,0.10760233918128655,1.3266331658291457,1.0178571428571428,13.705977501654289,1.4393723894345056,2.5258386366965606,Medical Devices,Healthcare,DXCM
2020Q1,2020,Q1,2020-04-28,2020-03-31,19900000.0,405100000.0,33600000.0,0.0525,256500000.0,0.633176993334979,2447900000.0,934500000.0,1995700000.0,342800000.0,1513400000.0,141900000.0,-675800000.0,24718986000.0,25312786000.0,2.5449346405228757,5.821761960326721,0.48139221373422114,1.2609951845906902,0.013452611654423362,2.5449346405228757,0.021294810058855,61.0194667983214,310.5400251256281,26.451563402889246,0.0,1.0472163495419309,0.0,0.16548878630663016,5.283547257876313,0.008129417051350138,-789.7439616613418,0.633176993334979,-0.79,2.3073753187752275,3.715934664464076,4.3296343212026835,-0.17070805043646944,-0.785329018338727,-0.6689655172413793,1.4429084183633485,1.6421304525558174,2.1220796453930744,Medical Devices,Healthcare,DXCM
2019Q4,2019,Q4,2020-02-13,2019-12-31,92700000.0,462800000.0,101500000.0,0.25,309300000.0,0.668323249783924,2395000000.0,882600000.0,1969400000.0,360200000.0,1512400000.0,119800000.0,-695700000.0,20036584000.0,20750484000.0,2.4088427947598254,5.4675180455302606,0.484384133611691,1.314411964649898,0.04655771391508114,2.4088427947598254,0.10503059143439837,43.294261019878995,54.036094929881344,22.70177203716293,0.0,1.2813021702838063,0.0,0.19323590814196243,5.051637978900611,0.03870563674321503,201.1705220883534,0.668323249783924,1.0,58.786362109506214,3.6028998119628897,4.27814911947374,0.25273390036452004,1.0240174672489082,0.8125,12.569721468193084,1.4966891809166225,1.8722776664789462,Medical Devices,Healthcare,DXCM
2019Q3,2019,Q3,2019-11-06,2019-09-30,45800000.0,396300000.0,56000000.0,0.125,246900000.0,0.6230128690386071,2185700000.0,764300000.0,1815700000.0,322400000.0,1421400000.0,120400000.0,-788400000.0,13625612000.0,14340712000.0,2.0928258488499454,5.6318238213399505,0.5081667200439218,1.4532251733612456,0.02888682554420716,2.0928258488499454,0.05992411356797069,34.38206409285895,74.37561135371179,17.827570325788304,0.0,1.2408637873754154,0.0,0.18131491055497095,5.163771712158809,0.02095438532277989,304.143125,0.6230128690386071,5.166666666666667,8.31241048108518,3.7684080194294967,4.517780846706986,0.19564164648910412,5.3619047619047615,71.0,3.2440516417701755,1.4565775643869985,1.6891772939385854,Medical Devices,Healthcare,DXCM
2019Q2,2019,Q2,2019-07-31,2019-06-30,-10500000.0,336400000.0,-800000.0,-0.03,206500000.0,0.6138525564803805,2065900000.0,688300000.0,1744200000.0,288200000.0,1377600000.0,117900000.0,-834200000.0,13795273000.0,14186773000.0,1.8888583973655324,6.05204718945177,0.5327944237378383,1.5991573441813163,-0.00048691418137553256,1.8888583973655324,-0.015254976027894813,41.00854042806183,-328.458880952381,20.042529420310913,0.0,1.1017811704834606,0.0,0.16283459993223293,5.533657182512145,-0.005082530616196331,783.8223295454545,0.6138525564803805,0.6,-0.4407244785949506,3.710006944600013,4.689332522185338,0.22334123222748814,0.6096654275092936,0.9444444444444444,0.5229918161958896,1.248398828592512,1.563450682138937,Medical Devices,Healthcare,DXCM
2019Q1,2019,Q1,2019-05-01,2019-03-31,-26900000.0,280500000.0,-14400000.0,-0.075,168800000.0,0.6017825311942959,1974000000.0,668600000.0,1690800000.0,235400000.0,1305400000.0,101100000.0,-823700000.0,10399851000.0,10194151000.0,1.8510520487264672,7.182667799490229,0.5468085106382978,1.6144181872569547,-0.008067814966779831,1.8510520487264672,-0.040233323362249475,37.07611764705882,-96.65289033457249,15.554667962907569,0.0,1.1048466864490603,0.0,0.14209726443768997,6.638487680543755,-0.013627152988855116,-378.1764,0.6017825311942959,0.8522167487684729,-0.7468615725359911,3.8342397246263347,5.030316229851113,-0.24236983842010773,0.8503060656649972,0.9125151883353585,-0.2738152916205242,1.1947352771313065,1.6292625121183903,Medical Devices,Healthcare,DXCM
2018Q4,2018,Q4,2019-02-21,2018-12-31,-179700000.0,338000000.0,-164600000.0,-0.5075,222800000.0,0.659171597633136,1916000000.0,663300000.0,1699500000.0,222400000.0,1252700000.0,70700000.0,-798900000.0,10626260000.0,10506860000.0,1.8695039458850056,7.641636690647482,0.5311064718162839,1.5341474445952057,-0.09904354563237432,1.8695039458850056,-0.27091813658977837,31.438639053254438,-14.783333333333333,16.020292477008894,0.0,1.6294200848656295,0.0,0.17640918580375783,7.24955035971223,-0.09378914405010438,664.14125,0.659171597633136,-4.903846153846153,-54.40139623623276,4.240492913979925,5.322079931149768,0.32147093712930014,-4.856223175965665,-12.841726618705035,-110.94047350620066,1.3714268968346726,1.7518557178126484,Medical Devices,Healthcare,DXCM
2018Q3,2018,Q3,2018-11-06,2018-09-30,46600000.0,266700000.0,13900000.0,0.13,168600000.0,0.6321709786276716,1114300000.0,562200000.0,914100000.0,193900000.0,552100000.0,55200000.0,-619200000.0,11838645000.0,11817345000.0,1.588135593220339,4.714285714285714,0.31059858206946067,0.6156172180718605,0.015791264900455595,1.588135593220339,0.08288865172536464,44.38937007874016,63.51204399141631,21.05771077908218,0.0,1.7771739130434783,0.0,0.2393430853450597,4.324394017534812,0.04181997666696581,358.7468181818182,0.6321709786276716,0.5294117647058822,7.2659887005649715,4.015574256252222,5.0719079708665165,0.09765625,0.543046357615894,3.836734693877551,1.9973546028580924,1.3060030933814524,1.6455233368698867,Medical Devices,Healthcare,DXCM
2018Q2,2018,Q2,2018-08-01,2018-06-30,30200000.0,242500000.0,-4900000.0,0.085,153600000.0,0.63340206185567,1007500000.0,482100000.0,836000000.0,170800000.0,525400000.0,46200000.0,-665800000.0,8377236000.0,8419336000.0,1.3664965986394557,4.894613583138173,0.33975186104218363,0.7100186683260734,-0.0060109706917450085,1.3664965986394557,0.06264260526861647,34.545303092783506,69.34798013245035,17.376552582451776,0.0,1.9242424242424243,0.0,0.24069478908188585,4.497072599531616,0.029975186104218364,269.36450160771705,0.63340206185567,2.2142857142857144,3.403605666689118,4.445106347939548,4.360144334358917,0.29184188393608074,2.2479338842975207,0.8403908794788274,8.366305080590795,1.3482282755734625,1.548872390198024,Medical Devices,Healthcare,DXCM
2018Q1,2018,Q1,2018-05-02,2018-03-31,-24200000.0,184400000.0,-30700000.0,-0.07,118900000.0,0.6447939262472885,896800000.0,421700000.0,729300000.0,125100000.0,475100000.0,51600000.0,-696000000.0,6474168000.0,6392468000.0,1.2076174112256586,5.829736211031175,0.37767618198037467,0.8031776144178325,-0.040317574021012416,1.2076174112256586,-0.05738676784443918,35.10937093275488,-66.88190082644627,15.352544462888309,0.0,1.2693798449612403,0.0,0.2056199821587868,5.258193445243805,-0.026984834968777877,-269.757,0.6447939262472885,-1.5454545454545459,-0.743145207062733,3.980929382991239,3.5810703969321187,-0.2254071661237785,-1.574468085106383,-3.558333333333333,-0.6718257456689488,1.257329154236371,1.5290076606556187,Medical Devices,Healthcare,DXCM
2017Q4,2017,Q4,2018-02-27,2017-12-31,-9400000.0,221000000.0,12000000.0,-0.0275,153500000.0,0.6945701357466063,904100000.0,419400000.0,744700000.0,138900000.0,484700000.0,45200000.0,-671800000.0,4987191000.0,4879991000.0,1.2065592635212887,5.361411087113031,0.3697599823028426,0.7970910824988078,-0.017249183416316996,1.2065592635212887,-0.02241297091082499,22.566475113122173,-132.6380585106383,11.891251788268956,0.0,1.4933628318584071,0.0,0.24444198650591747,4.916486681065515,-0.010397079969029974,211.32165254237287,0.6945701357466063,-4.5,0.12387404559957602,4.2520475710763135,3.306006306696755,0.20866141732283464,-3.7,25.0,-7.39036912454634,1.316893881378768,1.6437589568740365,Medical Devices,Healthcare,DXCM
2017Q3,2017,Q3,2017-11-01,2017-09-30,-2000000.0,184600000.0,-500000.0,-0.005,127000000.0,0.6879739978331527,842900000.0,384000000.0,692900000.0,118200000.0,458900000.0,43300000.0,-662400000.0,4241814839.9999995,4170414839.9999995,1.1072664359861593,5.862098138747885,0.3923359829161229,0.8611979166666667,-0.0005544774050457444,1.1072664359861593,-0.005208333333333333,22.978411917659802,-530.226855,11.046392812499999,0.0,1.3302540415704387,0.0,0.21900581326373236,5.383248730964467,-0.002372760707082691,186.8640898678414,0.6879739978331527,-1.6666666666666667,0.9077277970011534,5.367716758026198,2.8108961378498636,0.08085106382978724,-1.6896551724137931,0.9632352941176471,0.6637387986868956,1.3390134229309798,1.9193320294869871,Medical Devices,Healthcare,DXCM
2017Q2,2017,Q2,2017-08-01,2017-06-30,2900000.0,170600000.0,-13600000.0,0.0075,117500000.0,0.6887456037514654,795600000.0,353700000.0,656800000.0,105100000.0,441900000.0,42800000.0,-660400000.0,6320160000.000001,6251460000.000001,1.0234375,6.249286393910562,0.41126194067370536,0.9250777495052305,0.003983259000711006,1.0234375,0.008199038733389879,37.04665885111372,544.8413793103448,17.86870229007634,0.0,1.2406542056074767,0.0,0.214429361488185,5.69267364414843,0.0036450477626948216,2747.8956521739133,0.6887456037514654,1.0612244897959184,1.1568117258739918,4.779204671088999,2.077217015486047,0.24867162592986186,1.0695443645083933,0.6633663366336634,1.4195601851851851,1.5185421390778533,2.0826430722891565,Medical Devices,Healthcare,DXCM
2017Q1,2017,Q1,2017-05-02,2017-03-31,-41700000.0,142300000.0,-40400000.0,-0.1225,94100000.0,0.6612789880534083,467200000.0,277800000.0,330500000.0,171700000.0,189400000.0,46500000.0,-663300000.0,7218996000.0,7147196000.0,0.8151408450704225,1.9248689574839837,0.17487157534246575,0.2940964722822174,-0.11415476227583132,0.8151408450704225,-0.15010799136069114,50.730822206605765,-43.279352517985615,25.986306695464364,0.0,1.0365591397849463,0.0,0.3045804794520548,1.5550378567268492,-0.08925513698630137,-319.42460176991153,0.6612789880534083,-4.444444444444445,-1.3591374040603117,4.634338418334507,1.2203050853260715,-0.19365895458440446,-4.635135135135135,-5.622950819672131,-1.870056338028169,1.5992519163103178,1.6555477308294209,Medical Devices,Healthcare,DXCM
2016Q4,2016,Q4,2017-02-28,2016-12-31,-7400000.0,171200000.0,-6100000.0,-0.0225,116700000.0,0.6816588785046729,402800000.0,283800000.0,280000000.0,102400000.0,119000000.0,45400000.0,-621000000.0,5050620000.0,4956120000.0,0.8386524822695035,2.734375,0.0,0.0,-0.02272223900130877,0.8386524822695035,-0.026074700493305146,29.50128504672897,-170.62905405405405,17.796405919661737,0.0,1.2004405286343611,0.0,0.42502482621648463,2.201171875,-0.018371400198609732,-1174.5627906976745,0.6816588785046729,0.5909090909090909,0.531882088845741,4.917576216909953,1.1049061670023057,0.1543026706231454,0.6063829787234043,0.6702702702702703,-1.3919803600654665,1.7829951849870362,1.8360614263667872,Medical Devices,Healthcare,DXCM
2016Q3,2016,Q3,2016-11-01,2016-09-30,-18800000.0,148600000.0,-18500000.0,-0.055,101100000.0,0.680349932705249,361900000.0,261800000.0,258600000.0,86100000.0,100100000.0,44700000.0,-613600000.0,7372206000.0,7280506000.0,0.7782401902497027,3.0034843205574915,0.01657916551533573,0.02291825821237586,-0.06829410055216506,0.7782401902497027,-0.0718105423987777,49.61107671601615,-98.03465425531914,28.159686783804432,0.0,1.0626398210290828,0.0,0.4106106659298149,2.370499419279907,-0.05194805194805195,1068.435652173913,0.680349932705249,0.0833333333333333,-0.1346704758158965,5.523870519412487,0.8556070968826502,0.1824561403508772,0.06930693069306931,0.07960199004975124,-1.660166468489893,1.9407881060675354,1.9754404060952488,Medical Devices,Healthcare,DXCM
2016Q2,2016,Q2,2016-08-02,2016-06-30,-20200000.0,137300000.0,-20100000.0,-0.06,85500000.0,0.6227239621267298,332800000.0,246400000.0,241000000.0,73900000.0,86400000.0,42900000.0,-594800000.0,6631988000.0,6550488000.0,0.7368421052631579,3.2611637347767255,0.018028846153846152,0.024350649350649352,-0.0781733746130031,0.7368421052631579,-0.08198051948051949,48.302898761835394,-82.07905940594058,26.915535714285713,0.0,1.2074592074592074,0.0,0.41256009615384615,2.5629228687415426,-0.060697115384615384,690.8320833333333,0.6227239621267298,-0.04347826086956513,-1.1350533187244556,3.9918316018241558,0.5781360866694805,0.1384820239680426,-0.052083333333333336,-0.046875,-0.6961722488038278,2.2525761139771725,1.8902962801193854,Medical Devices,Healthcare,DXCM
2016Q1,2016,Q1,2016-04-27,2016-03-31,-19200000.0,116200000.0,-19200000.0,-0.0575,75100000.0,0.6462994836488812,299400000.0,231200000.0,227400000.0,64100000.0,68200000.0,46100000.0,-574600000.0,5575411000.0,5499211000.0,0.7040194884287454,3.547581903276131,0.0056780227120908485,0.007352941176470588,-0.08243881494203521,0.7040194884287454,-0.08304498269896193,47.98116179001721,-72.59649739583334,24.11509948096886,0.0,0.8915401301518439,0.0,0.38810955243820977,2.7113884555382217,-0.06412825651302605,-476.5308547008547,0.6462994836488812,-12.5,-0.22710988451872513,5.2088944314331,2.281378341967015,-0.17653508771929824,-13.8,-13.0,-0.4705862988445206,2.337541561049478,1.6706826245829585,Medical Devices,Healthcare,DXCM
2015Q4,2015,Q4,2016-02-23,2015-12-31,1500000.0,130800000.0,1600000.0,0.005,91200000.0,0.6972477064220184,292000000.0,221200000.0,231300000.0,66900000.0,70800000.0,35200000.0,-555400000.0,6666660000.0,6582860000.0,0.6793611793611793,3.4573991031390134,0.007876712328767124,0.010397830018083183,0.006711409395973154,0.6793611793611793,0.006781193490054249,50.96834862385321,1111.1100000000001,30.138607594936712,0.0,1.125,0.0,0.44794520547945205,2.8295964125560538,0.005136986301369863,-22222.2,0.6972477064220184,1.0377358490566038,1.1068258943819482,4.845543548152912,1.5342411911690352,0.22088353413654618,1.035294117647059,1.0377358490566038,1.1492537745779905,2.318482203830608,1.424525351798079,Medical Devices,Healthcare,DXCM
2015Q3,2015,Q3,2015-11-04,2015-09-30,-42500000.0,105200000.0,-42400000.0,-0.1325,74700000.0,0.7100760456273765,256700000.0,193300000.0,203700000.0,58800000.0,63400000.0,30600000.0,-556900000.0,6911730000.0,6829330000.0,0.6003105590062112,3.4642857142857144,0.011297234125438255,0.015002586652871184,-0.2161060142711519,0.6003105590062112,-0.21986549405069838,65.70085551330799,-40.65723529411765,35.75649249870667,0.0,0.9967320261437909,0.0,0.4098169068952084,2.8758503401360542,-0.16556291390728478,658.26,0.7100760456273765,-9.6,-1.2933802115639768,5.520716713953429,2.965279143588865,0.1318181818181818,-10.486486486486486,-10.777777777777779,-1.1118012422360248,2.908327941917436,1.0660982004658717,Medical Devices,Healthcare,DXCM
2015Q2,2015,Q2,2015-08-05,2015-06-30,-3700000.0,93200000.0,-3600000.0,-0.0125,66000000.0,0.7081545064377682,218400000.0,170700000.0,170400000.0,44200000.0,47700000.0,22400000.0,-514400000.0,6366408000.0,6302208000.0,0.5361180904522613,3.8552036199095023,0.016025641025641024,0.020503807850029292,-0.02066590126291619,0.5361180904522613,-0.021675454012888107,68.30909871244636,-430.16270270270275,37.29588752196837,0.0,1.2142857142857142,0.0,0.4267399267399267,3.235294117647059,-0.01694139194139194,630.3374257425743,0.7081545064377682,0.7058823529411765,0.771091918908309,4.717575660416456,2.0089951316874983,0.41935483870967744,0.7131782945736435,0.7165354330708661,0.7828384485903754,2.426933173329333,0.6119711367324203,Medical Devices,Healthcare,DXCM
2015Q1,2015,Q1,2015-04-29,2015-03-31,-12900000.0,72800000.0,-12700000.0,-0.0425,46500000.0,0.6387362637362637,189300000.0,148600000.0,146200000.0,37000000.0,40700000.0,18400000.0,-510700000.0,4850052000.0,4799952000.0,0.47750642673521854,3.9513513513513514,0.021658742736397254,0.02759084791386272,-0.08316961362148002,0.47750642673521854,-0.08681022880215343,66.6215934065934,-93.9932558139535,32.638304172274566,0.0,1.4293478260869565,0.0,0.38457474907554146,3.3513513513513513,-0.06814580031695722,-1054.3591304347826,0.6387362637362637,-9.5,0.5804987499044216,4.0282517798925666,1.0965850265307933,-0.21717171717171718,-10.923076923076923,-8.9375,0.20077899488493298,2.1566716195756532,0.30064632875131186,Medical Devices,Healthcare,DXCM
2014Q4,2014,Q4,2015-02-25,2014-12-31,1300000.0,84300000.0,1600000.0,0.005,59400000.0,0.7046263345195729,184600000.0,140200000.0,145900000.0,40600000.0,44400000.0,16000000.0,-497800000.0,4227840000.0,4160640000.0,0.4563802083333333,3.5935960591133007,0.024918743228602384,0.03281027104136947,0.010260457774269928,0.4563802083333333,0.009272467902995721,50.152313167259784,813.0461538461539,30.155777460770327,0.0,1.55625,0.0,0.45666305525460454,3.103448275862069,0.007042253521126761,1112.5894736842106,0.7046263345195729,1.25,1.0651110559964725,3.6488168960700986,5.389068712162284,0.2584745762711864,1.25,1.32,1.0905891185753545,2.2097914622452164,0.14545361198838802,Medical Devices,Healthcare,DXCM
2014Q3,2014,Q3,2014-11-06,2014-09-30,-5200000.0,69000000.0,-5000000.0,-0.02,47200000.0,0.6840579710144927,159400000.0,115000000.0,123400000.0,40600000.0,44400000.0,14300000.0,-499100000.0,3031242000.0,2973242000.0,0.379287598944591,3.039408866995074,0.03262233375156838,0.04521739130434783,-0.04159733777038269,0.379287598944591,-0.04521739130434783,43.93104347826087,-145.7327884615385,26.358626086956523,0.0,1.5244755244755244,0.0,0.4328732747804266,2.6182266009852215,-0.03262233375156838,393.6677922077922,0.6840579710144927,0.11111111111111106,0.7670549364056195,4.758316216317402,8.654766401906022,0.18295739348370926,0.13333333333333333,0.13793103448275862,0.6517893585556842,2.3609527300627065,-0.09564069142285937,Medical Devices,Healthcare,DXCM
2014Q2,2014,Q2,2014-08-06,2014-06-30,-6000000.0,58800000.0,-5800000.0,-0.0225,39900000.0,0.6785714285714286,139700000.0,99600000.0,105500000.0,35600000.0,40100000.0,11600000.0,-493900000.0,2974499999.9999995,2930799999.9999995,0.332,2.9634831460674156,0.04151753758052971,0.05823293172690763,-0.05502846299810247,0.332,-0.060240963855421686,50.586734693877546,-123.93749999999999,29.864457831325296,0.0,1.6293103448275863,0.0,0.42090193271295634,2.5252808988764044,-0.04294917680744453,1352.0454545454543,0.6785714285714286,0.4705882352941177,0.7608245270711024,4.322513405421419,29.786492665655032,0.3389261744966443,0.52,0.5284552845528455,0.2931070992262793,1.382932436849232,-0.2889369689492083,Medical Devices,Healthcare,DXCM
2014Q1,2014,Q1,2014-05-01,2014-03-31,-12500000.0,47100000.0,-12300000.0,-0.0425,29800000.0,0.6326963906581741,124900000.0,90000000.0,93600000.0,29700000.0,34900000.0,8900000.0,-487900000.0,3031688000.0,2992288000.0,0.3069577080491132,3.1515151515151514,0.05044035228182546,0.07,-0.1277258566978193,0.3069577080491132,-0.1388888888888889,64.36704883227176,-60.633759999999995,33.68542222222222,0.0,1.9438202247191012,0.0,0.37710168134507605,2.734006734006734,-0.100080064051241,-481.22031746031746,0.6326963906581741,-18.17076923076923,0.4865482359443277,3.8782898422048393,2.206020733745641,-0.12609970674486803,-3.8076923076923075,-4.3478260869565215,0.10518877970999478,1.8188257961708032,0.43070524558943146,Medical Devices,Healthcare,DXCM
2013Q4,2013,Q4,2014-02-20,2013-12-31,-2600000.0,51700000.0,-2300000.0,-0.002216916780354707,34100000.0,0.6595744680851063,122500000.0,84100000.0,93100000.0,32100000.0,38400000.0,9000000.0,-475400000.0,2517650999.9999995,2481250999.9999995,0.2957102672292546,2.9003115264797508,0.05551020408163265,0.08085612366230678,-0.025302530253025302,0.2957102672292546,-0.030915576694411414,48.69731141199225,-242.0818269230769,29.936397146254453,0.0,1.9555555555555555,0.0,0.4220408163265306,2.514018691588785,-0.02122448979591837,1198.8814285714284,0.6595744680851063,0.8891541609822646,0.5696750479715987,27.25671025583384,5.848505762927252,0.23550724637681159,0.5666666666666667,0.603448275862069,0.7880109490202014,1.645224299364696,0.10309679538748581,Medical Devices,Healthcare,DXCM
2013Q3,2013,Q3,2013-11-06,2013-09-30,-6000000.0,42900000.0,-5800000.0,-0.02,27600000.0,0.6433566433566433,110100000.0,74700000.0,81700000.0,27400000.0,35400000.0,10000000.0,-472800000.0,2014908000.0,1988508000.0,0.2615546218487395,2.9817518248175183,0.06357856494096276,0.09370816599732262,-0.07099143206854346,0.2615546218487395,-0.08032128514056225,46.96755244755245,-83.9545,26.97333333333333,0.0,1.53,0.0,0.3896457765667575,2.5255474452554743,-0.05449591280653951,-3358.18,0.6433566433566433,0.4285714285714286,0.8304967411801323,8.27140449929972,2.1356873603506545,0.2602739726027397,0.40594059405940597,0.41414141414141414,0.6349637033496784,1.998020195732614,0.7276675736688956,Medical Devices,Healthcare,DXCM
2013Q2,2013,Q2,2013-08-07,2013-06-30,-10100000.0,35800000.0,-9900000.0,-0.035,21900000.0,0.611731843575419,102300000.0,72300000.0,74200000.0,21100000.0,30000000.0,7300000.0,-466800000.0,1618646999.9999998,1597446999.9999998,0.25493653032440056,3.5165876777251186,0.06842619745845552,0.09681881051175657,-0.12484237074401008,0.25493653032440056,-0.1396957123098202,45.2136033519553,-40.065519801980194,22.38792531120332,0.0,1.904109589041096,0.0,0.34995112414467255,3.037914691943128,-0.09872922776148582,-1471.4972727272725,0.611731843575419,0.12499999999999993,0.7025507728342212,6.486664892352754,3.037481592777579,0.32727272727272727,0.09009009009009009,0.09174311926605505,0.2984678043896012,1.4657319757585738,0.430846659153596,Medical Devices,Healthcare,DXCM
2013Q1,2013,Q1,2013-05-01,2013-03-31,-11100000.0,29600000.0,-10900000.0,-0.04,16500000.0,0.5574324324324325,98800000.0,73600000.0,71300000.0,16200000.0,25200000.0,7500000.0,-456700000.0,1194976000.0,1183076000.0,0.2636103151862464,4.401234567901234,0.0708502024291498,0.09510869565217392,-0.13523573200992556,0.2636103151862464,-0.15081521739130435,40.37081081081081,-26.91387387387388,16.236086956521742,0.0,1.7466666666666666,0.0,0.29959514170040485,3.802469135802469,-0.11234817813765183,-202.53830508474576,0.5574324324324325,-0.29449838187702265,0.641689351629739,5.656649811183709,11.656711330931687,-0.060792349726775954,-0.30865361942937986,-0.3082093134901584,0.5976623247400773,1.2787753980916814,0.15743246313418482,Medical Devices,Healthcare,DXCM
2012Q4,2012,Q4,2013-02-21,2012-12-31,-8482000.0,33266000.0,-8332000.0,-0.0309,17568000.0,0.5281067756868875,106000000.0,77000000.0,77600000.0,19500000.0,29000000.0,7400000.0,-445600000.0,933633000.0,932533000.0,0.2802037845705968,3.9794871794871796,0.0660377358490566,0.09090909090909091,-0.09903868381961377,0.2802037845705968,-0.11015584415584416,28.065682679011605,-27.518067672718697,12.125103896103896,0.0,2.1213513513513513,0.0,0.3138301886792453,3.4974358974358974,-0.08001886792452831,-78.05643340857787,0.5281067756868875,0.5056,0.7141511331012984,7.972353601286418,3.4601038665058654,1.0909307307783862,0.508660140184209,0.5189931878535966,0.5250869126560538,1.0507840563880806,3.6947567870647346,Medical Devices,Healthcare,DXCM
2012Q3,2012,Q3,2012-11-01,2012-09-30,-17263000.0,23089000.0,-17322000.0,-0.0625,8402000.0,0.36389622764086793,102796000.0,80253000.0,75571000.0,20404000.0,22543000.0,7141000.0,-437142000.0,1032437883.1999999,1027693883.1999999,0.2905527718241325,3.7037345618506174,0.0,0.0,-0.21530609752908594,0.2905527718241325,-0.2151072234059786,44.71557378838408,-14.9516,12.864788645907318,0.0,2.056714745833917,0.0,0.2246099070002724,3.2220152911193884,-0.16793454998248958,-115.43357370304113,0.36389622764086793,-0.19047619047619052,0.3779721319395643,6.737704939672726,0.9002098278755264,-0.25269056301698833,-0.17507317405214076,-0.18246979315994266,0.15109443170894027,1.1151661475003252,6.863923845464166,Medical Devices,Healthcare,DXCM
2012Q2,2012,Q2,2012-08-06,2012-06-30,-14691000.0,23450000.0,-14649000.0,-0.0525,11243000.0,0.4794456289978678,110522000.0,91308000.0,83993000.0,16961000.0,19214000.0,7378000.0,-419879000.0,889509600.0,883524600.0,0.3325854156042835,4.952125464300454,0.0,0.0,-0.16113698975271024,0.3325854156042835,-0.1608949927717177,37.93217910447761,-15.136981825607515,9.741858325666975,0.0,1.654513418270534,0.0,0.21217495159334793,4.368138671068923,-0.132923761784984,-96.57036152426447,0.4794456289978678,0.0,0.46566595707613107,10.203491118526209,0.4112149358186935,0.19772025141152658,-0.04458191126279863,0.04858089238163279,0.36007014045340674,1.3195188715880273,29.84077848856959,Medical Devices,Healthcare,DXCM
2012Q1,2012,Q1,2012-05-02,2012-03-31,-14064000.0,20095000.0,-15397000.0,-0.0525,9387000.0,0.46713112714605626,117962000.0,99551000.0,92822000.0,16076000.0,18411000.0,8044000.0,-405188000.0,707049700.0,701930700.0,0.36713010768549936,5.773948743468525,0.0,0.0,-0.14150408087974647,0.36713010768549936,-0.141274321704453,35.18535456581239,-12.56843181171786,7.10238671635644,0.0,1.331178518150174,0.0,0.17035146911717333,5.145994028365265,-0.11922483511639341,-56.636470682473565,0.46713112714605626,-3.6480777079422086,0.4642367015379113,7.267077823603119,0.13858356203249686,-0.12213597680725709,-0.14798791935352215,-0.25423590746171393,0.37534986848860435,1.2504690487541263,2.8344915483720534,Medical Devices,Healthcare,DXCM
2011Q4,2011,Q4,2012-02-23,2011-12-31,-12251000.0,22421000.0,-12276000.0,-0.011294991886708954,10693000.0,0.47691895990366173,120475000.0,104490000.0,104410000.0,14741000.0,15985000.0,8171000.0,-391124000.0,610400840.0,607847840.0,0.3984274906961137,7.0829658774845665,0.0,0.0,,0.3984274906961137,-0.11724566944205186,27.22451451763971,-12.45614317198596,5.8417153794621495,0.0,1.4353200342675314,0.0,0.18610500103755967,6.407842073129367,-0.10168914712595974,-40.3730961042397,0.47691895990366173,0.7741001622658209,0.540427339008538,10.155392069812487,-0.23619326965841797,0.3097746202841744,0.07734598584124115,0.0775473399458972,-1.1988665871809696,12.288935486938744,7.532671330113494,Medical Devices,Healthcare,DXCM
2011Q3,2011,Q3,2011-11-02,2011-09-30,-13278000.0,18254000.0,-13308000.0,-0.05,8164000.0,0.4472444395748877,128793000.0,113065000.0,115232000.0,14743000.0,15728000.0,6455000.0,-378873000.0,808764000.0,791241000.0,0.4193992314197961,7.816048294105677,0.0,0.0,,0.4193992314197961,-0.11743687259540972,44.30612468500055,-15.227519204699504,7.153088931145801,0.0,1.563129357087529,0.0,0.1417313052728021,7.2115580275384925,-0.10309566513708043,-98.06766096762459,0.4472444395748877,-0.8181818181818182,0.5884875890460726,8.039184100489194,-0.29026952701155606,-0.3122736079521523,-0.8023618840776435,-0.8010556232237109,0.6026098369324832,3.179303681296398,2.8210590304142893,Medical Devices,Healthcare,DXCM
2011Q2,2011,Q2,2011-08-03,2011-06-30,-7367000.0,21417000.0,-7389000.0,-0.0275,11871000.0,0.554279310827847,136369000.0,121575000.0,123980000.0,13776000.0,14794000.0,6258000.0,-365595000.0,943241040.0,909427040.0,0.46690656875998526,8.999709639953542,0.0005499783675175443,0.0006169031462060457,,0.46690656875998526,-0.06059633970799918,44.041697716767054,-32.00899416316004,7.758511536088834,0.0,1.5254074784276126,0.0,0.15705182262830994,8.255081300813009,-0.05402254178002332,-255.89827455236028,0.554279310827847,0.42105263157894735,0.7256028606723359,17.597244899878334,-0.35165177953389504,1.320367474589523,0.37831223628691985,0.37750631844987365,0.7636943676665846,3.8781588291799602,4.731570121335242,Medical Devices,Healthcare,DXCM
2011Q1,2011,Q1,2011-05-03,2011-03-31,-11850000.0,14174000.0,-11870000.0,-0.0475,5116000.0,0.36094257090447296,66555000.0,53362000.0,54432000.0,11595000.0,13193000.0,6425000.0,-358228000.0,965018080.0,961513080.0,0.21454992843242895,4.694437257438551,0.00450755014649538,0.0056219781867246355,,0.21454992843242895,-0.22206813837562311,68.08367997742346,-20.35903122362869,18.08436865184963,0.0,1.409805447470817,0.0,0.21296671925475172,3.836912462268219,-0.1780482307865675,-87.09549458483754,0.36094257090447296,-0.10208816705336429,0.5539406875069507,393.29778038836565,-0.455519592814369,-0.26799255973672914,-0.20770485120260904,-0.2006878413918673,0.5705953176067322,2.5782288855972433,9.673396000308484,Medical Devices,Healthcare,DXCM
2010Q4,2010,Q4,2011-03-03,2010-12-31,-9812000.0,15636000.0,-9886000.0,-0.0431,6989000.0,0.44698132514709643,77164000.0,60993000.0,66025000.0,15129000.0,16171000.0,8112000.0,-346378000.0,776425650.0,772061650.0,0.2680728186916545,4.364135104765682,0.006803690840288217,0.008607545128129458,,0.2680728186916545,-0.16087091961372615,49.65628357636224,-19.78255325112108,12.729750135261424,0.0,1.0659516765285997,0.0,0.20263335234046964,3.555026769779893,-0.1271577419522057,-49.171985433818875,0.44698132514709643,0.25043478260869567,0.7292023270467096,0.0,-0.5888917055383022,1.010644418872267,0.2676518883415435,0.2431480630837544,0.6006209675068974,4.093554689495503,3.267010943424773,Medical Devices,Healthcare,DXCM
2010Q3,2010,Q3,2010-11-04,2010-09-30,-13398000.0,11664000.0,-13062000.0,-0.0575,3476000.0,0.29801097393689985,54105000.0,35244000.0,44488000.0,17008000.0,18861000.0,6353000.0,-336566000.0,769404000.0,764625000.0,0.1513917525773196,2.6157102539981185,0.01386193512614361,0.021280217909431392,,0.1513917525773196,-0.3801498127340824,65.96399176954732,-14.356695029108822,21.830779707184202,0.0,1.288839918148906,0.0,0.21558081508178542,2.058501881467545,-0.24762960909342943,-66.54017123583846,0.29801097393689985,-0.15,0.07786784107008231,0.0,-0.748779184160077,-0.23080327506085418,-0.14640198511166252,-0.1592119275825346,0.4272213487097101,3.6377552880533655,-0.009900699619382669,Medical Devices,Healthcare,DXCM
2010Q2,2010,Q2,2010-08-03,2010-06-30,-11687000.0,11786000.0,-11268000.0,-0.05,4519000.0,0.3834210079755642,60565000.0,41018000.0,50443000.0,15514000.0,19547000.0,4087000.0,-323168000.0,665324240.0,663417240.0,0.1781718038711471,3.2514503029521724,0.06906629241310988,0.10197961870398362,,0.1781718038711471,-0.284923692037642,56.45038520278296,-14.232143407204587,16.220299380759666,0.0,1.7780768289699045,0.0,0.19460084207050277,2.8839757638262213,-0.19296623462395773,-61.67262143121987,0.3834210079755642,0.5,0.2957962689068973,0.0,-0.7647073284420491,0.30644694998554495,0.4235189661125635,-0.017518511829510565,0.4930855687622283,5.715016582462071,-0.24398756238942157,Medical Devices,Healthcare,DXCM
2010Q1,2010,Q1,2010-05-05,2010-03-31,-20273000.0,9545000.0,-11074000.0,-0.1,3459000.0,0.36238868517548456,68314000.0,46727000.0,59009000.0,15828000.0,21587000.0,3851000.0,-311481000.0,499574340.0,494742340.0,0.22775438186036537,3.728140005054334,0.08589747343150746,0.12558049949707878,,0.22775438186036537,-0.43386050891347616,52.33885175484547,-6.160587234252454,10.691342050634537,0.0,1.5803687353934044,0.0,0.13972245806130515,3.3941117007834216,-0.29676201071522673,-43.84153927161036,0.36238868517548456,-6.118188914910227,0.829796771466656,0.0,1.0429715834466387,-0.15777940102264426,-0.758435250238529,-0.17036567321919255,-0.02071991872032655,4.189964839658207,-0.2936634998368819,Medical Devices,Healthcare,DXCM
2009Q4,2009,Q4,2010-03-09,2009-12-31,-11529000.0,10471000.0,-9462000.0,-0.014048517283733988,4107000.0,0.392226148409894,46948000.0,-18445000.0,36920000.0,18796000.0,65393000.0,2641000.0,-291208000.0,357880290.0,400960290.0,-0.1039811035695763,1.9642477122792084,0.993801652892562,-2.529520195174844,,-0.1039811035695763,0.6250474383301707,34.17823417056633,-7.760436507936508,-19.402563838438603,0.0,2.409693297993184,0.0,0.22303399505836244,1.6762077037667589,-0.2455695663287041,-37.13992216687422,0.392226148409894,0.8062273478105656,0.5918855192525385,0.0,-1.1594622474347285,3.7479768786127168,0.14745248835317606,0.18283098713187668,0.3605958059902747,6.702278455826323,-1.1993373162981953,Medical Devices,Healthcare,DXCM
2009Q3,2009,Q3,2009-11-04,2009-09-30,-13523000.0,7259000.0,-11579000.0,-0.0725,865000.0,0.11916241906598705,53956000.0,-9101000.0,43376000.0,17535000.0,63057000.0,1932000.0,-279679000.0,364137670.0,403358670.0,-0.04954920621093665,2.47368120901055,0.844817999851731,-5.008570486759696,,-0.04954920621093665,1.4858806724535765,50.163613445378154,-6.731821156548103,-40.010731787715635,0.0,3.3095238095238093,0.0,0.1345355474831344,2.292842885657257,-0.2506301430795463,-34.245995485751905,0.11916241906598705,0.12121212121212131,-0.17965986989795393,0.0,-1.0822223918847538,1.825381679389313,0.11787345075016308,0.13942772203641768,0.3848635452087738,4.275894782226385,-1.0838498951017155,Medical Devices,Healthcare,DXCM
2009Q2,2009,Q2,2009-08-03,2009-06-30,-15330000.0,6751000.0,-13455000.0,-0.0825,-1048000.0,-0.155236261294623,65101000.0,1977000.0,54123000.0,16624000.0,63124000.0,1363000.0,-266156000.0,283700080.0,324403080.0,0.01078395007854774,3.2557146294513957,0.6898665151072948,22.71674253920081,,0.01078395007854774,-7.754172989377845,42.023415790253296,-4.626550554468363,143.50029337379868,0.0,5.721936903888481,0.0,0.10370040398764996,3.0643046198267565,-0.23548025375954287,-24.062771840542833,-0.155236261294623,0.0,-0.15996299810613768,0.0,-0.9857587768165378,-2.9847908745247147,-0.16648911885557754,-0.18682191055834876,0.18900802240283737,7.326137434019338,-0.985025366292039,Medical Devices,Healthcare,DXCM
2009Q1,2009,Q1,2009-05-06,2009-03-31,-13142000.0,5212000.0,-11337000.0,-0.0825,-263000.0,-0.05046047582501919,77946000.0,15154000.0,66506000.0,14997000.0,62792000.0,2365000.0,-250826000.0,163815660.0,198833660.0,0.09574414314235892,4.43462025738481,0.5682652092474277,2.922924640358981,,0.09574414314235892,-0.867229774317012,31.43047966231773,-3.1162619844772483,10.810060710043551,0.0,2.315010570824524,0.0,0.06686680522412952,4.187304127492165,-0.16860390526774946,-15.87053478008138,-0.05046047582501919,-2.8833516728624535,0.8569798174825723,0.0,1.0180645369057761,0.6784841075794621,0.022899628252788105,0.10998586905322656,0.22263607669609925,226.8373755318463,-0.7570224775898298,Medical Devices,Healthcare,DXCM
2008Q4,2008,Q4,2009-03-05,2008-12-31,-13450000.0,4073000.0,-12738000.0,-0.021244534863150446,-818000.0,-0.20083476552909404,44366000.0,-38613000.0,32058000.0,14996000.0,82979000.0,2446000.0,-231436000.0,436841759.99999994,487497759.99999994,-0.060989979529429604,2.137770072019205,1.4280304737862326,-1.6407945510579338,,-0.060989979529429604,0.348328283220677,107.2530714461085,-8.11973531598513,-11.313333851293605,0.0,1.999591169255928,0.0,0.09180453500428255,1.8795678847692718,-0.30316007753685253,208.51635322195702,-0.20083476552909404,0.8300437210947964,0.8665981569827326,0.0,-1.0935323714876068,0.5739583333333333,0.08428649237472767,0.08949249463902788,0.8665981569827326,0.0,-1.0935323714876068,Medical Devices,Healthcare,DXCM
2008Q3,2008,Q3,2008-11-10,2008-09-30,-14688000.0,1920000.0,-13990000.0,-0.125,-1920000.0,-1.0,43075000.0,-27293000.0,29784000.0,7827000.0,70368000.0,2590000.0,-217986000.0,183391130.0,242674130.0,-0.23030512708002834,3.8052893829053276,1.4840394660475915,-2.342175649433921,,-0.23030512708002834,0.5381599677573005,95.51621354166667,-3.121444886982571,-6.719346718938922,0.0,1.4826254826254825,0.0,0.04457341845618108,3.2978152548869297,-0.3409866511897853,-15.000092425977424,-1.0,-0.041666666666666706,-0.9858716030684833,0.0,-1.3821703688093088,-0.36073706591070165,-0.04362654540287054,-0.03976217019695281,-0.9858716030684833,0.0,-1.3821703688093088,Medical Devices,Healthcare,DXCM
2008Q2,2008,Q2,2008-08-05,2008-06-30,-14074000.0,1982000.0,-13455000.0,-0.12,-1411000.0,-0.7119071644803229,57053000.0,-14708000.0,42955000.0,8609000.0,71761000.0,2771000.0,-203298000.0,177497480.0,237028480.0,-0.12512335386395346,4.98954582413753,1.1304225895220235,-4.384960565678543,,-0.12512335386395346,0.9568942072341583,89.55473259334006,-3.152932357538724,-12.06809083491977,0.0,1.2244677011909058,0.0,0.03473962806513242,4.463584620745731,-0.2466829088742047,-14.438906694866997,-0.7119071644803229,-0.09090909090909087,-0.660860222559744,0.0,-1.1652371899777798,-0.02246376811594203,-0.08495220474868949,-0.06414109459031953,-0.660860222559744,0.0,-1.1652371899777798,Medical Devices,Healthcare,DXCM
2008Q1,2008,Q1,2008-05-08,2008-03-31,-12972000.0,1862000.0,-12644000.0,-0.11,-1380000.0,-0.7411385606874329,68962000.0,-2892000.0,53847000.0,8097000.0,71854000.0,1824000.0,-189224000.0,121003919.99999999,162114920.0,-0.024736553989325304,6.6502408299370135,0.9434616165424436,-22.497579529737205,,-0.024736553989325304,4.485477178423237,64.98599355531685,-2.3320212765957447,-41.840912863070535,0.0,1.7774122807017543,0.0,0.02700037701922798,6.2868963813758185,-0.18810359328325746,-6.907010674125234,-0.7411385606874329,-3.206499304930902,0.8088832369305533,0.0,0.9953328279120167,0.3511988716502116,-0.06075721645269441,-0.038350989570501766,0.8088832369305533,0.0,0.9953328279120167,Medical Devices,Healthcare,DXCM
2007Q4,2007,Q4,2008-03-11,2007-12-31,-12229000.0,1528000.0,-12177000.0,-0.026150010264130285,-2127000.0,-1.3920157068062826,77259000.0,7115000.0,67291000.0,8447000.0,70144000.0,1139000.0,-176252000.0,250003790.0,289294790.0,0.06282449758061667,7.966260210725701,0.8077505533335922,8.771047083626142,,0.06282449758061667,-1.7187631763879128,163.6150458115183,-5.110879671273203,35.13756711173577,0.0,3.208955223880597,0.0,0.01977763108505158,7.64034568485853,-0.15828576605961764,-25.617767189261194,-1.3920157068062826,0.7384998973586971,0.3219532050472198,0.0,-0.9036542676096969,-0.12599258867125462,-0.07422698524244553,-0.05859341041467443,0.3219532050472198,0.0,-0.9036542676096969,Medical Devices,Healthcare,DXCM
2007Q3,2007,Q3,2007-10-30,2007-09-30,-11384000.0,1224000.0,-11503000.0,-0.1,-1889000.0,-1.5433006535947713,85489000.0,17324000.0,77083000.0,6107000.0,68165000.0,1035000.0,-164023000.0,295709460.84,343283460.84,0.15290562524296408,12.622073030948092,0.7340125630198037,3.6221426922188873,,0.15290562524296408,-0.6571230662664511,241.59269676470586,-6.493970942550948,17.069352392057258,0.0,3.0077294685990337,0.0,0.014317631508147247,12.190928442770591,-0.1331633309548597,-29.174177273086027,-1.5433006535947713,0.0,-0.6099275991740342,0.0,-0.746267050442973,0.07537934410181106,-0.004234297812279464,0.0032062391681109185,-0.6099275991740342,0.0,-0.746267050442973,Medical Devices,Healthcare,DXCM
2007Q2,2007,Q2,2007-07-30,2007-06-30,-11336000.0,863000.0,-11540000.0,-0.1,-2043000.0,-2.3673232908458863,96527000.0,26677000.0,87519000.0,7447000.0,69850000.0,1254000.0,-152639000.0,231766606.89,268976606.89,0.23567311198512753,11.752249227876998,0.6536409502004621,2.3651085204483264,,0.23567311198512753,-0.42493533755669677,268.55922003476246,-5.111296023509174,8.687881204408292,0.0,2.317384370015949,0.0,0.008940503693267168,11.323485967503693,-0.11743864410993815,-28.90578783861312,-2.3673232908458863,-0.025641025641025664,-0.38919645545224396,0.0,-0.6887714277537456,0.0034146341463414634,-0.037240369658706196,-0.007332402234636872,-0.38919645545224396,0.0,-0.6887714277537456,Medical Devices,Healthcare,DXCM
2007Q1,2007,Q1,2007-05-09,2007-03-31,-10929000.0,1012000.0,-11456000.0,-0.0975,-2050000.0,-2.025691699604743,105461000.0,36402000.0,96082000.0,6498000.0,69059000.0,1457000.0,-141303000.0,221836348.44,229446348.44,0.3224445881074655,14.786395814096645,0.6015304235689023,1.7427064447008407,,0.3224445881074655,-0.3002307565518378,219.20587790513835,-5.074488709854515,6.094070337893522,0.0,2.1015785861358958,0.0,0.009595964384938508,14.369652200677132,-0.1036307260503883,-25.39044848803937,-2.025691699604743,-2.9759804646041053,0.8332517810108699,0.0,1.0608372686909355,0.20034233149750136,0.013061916480421123,0.02562190812931229,0.8332517810108699,0.0,1.0608372686909355,Medical Devices,Healthcare,DXCM
