Quarters,Year,Quarter,FillingDate,Date,NetIncome,Revenue,OperatingIncome,EPSDiluted,GrossProfit,GrossProfitRatio,TotalAssets,CommonStockEquity,CurrentAssets,CurrentLiability,TotalLiability,Inventory,RetainedEarnings,MarketCap,EnterpriseValue,bookValuePerShare,currentRatio,debtToAssets,debtToEquity,roic,shareholdersEquityPerShare,roe,priceToSalesRatio,peRatio,pbRatio,payoutRatio,inventoryTurnover,dividendYield,assetTurnover,quickRatio,returnOnAssets,priceToFreeCashFlowsRatio,grossProfitMargin,epsdilutedGrowth,fiveYNetIncomeGrowthPerShare,fiveYRevenueGrowthPerShare,fiveYShareholdersEquityGrowthPerShare,grossProfitGrowth,netIncomeGrowth,operatingIncomeGrowth,threeYNetIncomeGrowthPerShare,threeYRevenueGrowthPerShare,threeYShareholdersEquityGrowthPerShare,Industry,Sector,Symbol
2023Q1,2023,Q1,2023-03-31,2023-03-31,-710100000.0,18519600000.0,1203700000.0,-1.27,6437600000.0,0.3476100996,289772000000.0,127883400000.0,74339600000.0,31235500000.0,146007200000.0,1475000000.0,130496000000.0,53304771520.13847,116718971520.13847,229.57866358517148,2.3799715067791456,0.3691305578178706,0.8364158287940421,0.003918201924093097,229.57866358517148,-0.005552714425797249,2.878289569976591,-18.766642557435034,0.41682322740980043,0.0,8.191186440677965,0.0,0.06391093687450823,2.1729666565286294,-0.0024505473268638792,-13.765490994130298,0.3476100995701851,0.9492203118752499,-2.0966341828094484,-0.15051263055377226,0.5509046223465373,0.03351921673705191,0.9497762955148343,5.598291910144387,0.9247964164811713,-0.18503905166141618,0.9788511023488413,Telecom Services,Communication Services,TV
2022Q4,2022,Q4,2022-12-31,2022-12-31,-14138742000.0,19132267000.0,182426000.0,-25.01,6228815000.0,0.3255659666,297705069000.0,126772409000.0,81533698000.0,34696946000.0,155313410000.0,1448278000.0,129492918000.0,50213138659.56096,112691868659.56096,224.23029148527888,2.349881110573824,0.3816183660614795,0.8961707274963908,0.0006444140728626808,224.23029148527888,-0.11152854246068637,2.624526338648784,-0.8878643280208549,0.3960888576280108,,8.909513228813806,,0.06426584224536668,2.186003690353612,-0.04749244629086245,0.0,0.32556596664681714,-26.01,-27.00074177846768,-0.24134952290490472,0.5318116516960054,-0.11303292227949763,-26.09984377773833,-0.14071596796985397,-6.981823368432987,-0.309876976760037,0.42786854243495687,Telecom Services,Communication Services,TV
2022Q3,2022,Q3,2022-09-30,2022-09-30,563300000.0,19251700000.0,212300000.0,1.0,7022600000.0,0.3647781754,316727900000.0,138610300000.0,89869400000.0,38014300000.0,162425100000.0,2114100000.0,142197900000.0,61162831341.21767,123275631341.21767,245.36723551924518,2.364094564413918,0.36632484855296926,0.8370611707787949,0.0004970728707338215,245.36723551924518,0.0040639115563562015,3.177009372742026,27.14487455228904,0.44125747755554723,,5.784541885435883,,0.06078308857539863,2.049494532320732,0.0017784981998744032,0.0,0.36477817543385777,-0.8095238095238095,-0.4938944158910374,-0.12218461787402278,0.6524705642974091,0.05046042344806686,-0.8206261177034029,-0.9662995866738756,-0.2388417897729509,-0.23810975099251608,0.6006109436849341,Telecom Services,Communication Services,TV
2022Q2,2022,Q2,2022-06-30,2022-06-30,3140368000.0,18533455000.0,6299626000.0,5.25,6685259000.0,0.3607130457,324268074000.0,138847601000.0,96019872000.0,38943126000.0,169937791000.0,2211679000.0,142040372000.0,93723935342.85754,156138796342.85754,245.38194467400615,2.46564366712626,0.3771788461666442,0.8808726770871612,0.015848598081889414,245.38194467400615,0.02261737312983895,5.057013672996079,7.461222326719158,0.6750129974723693,0.33543584700901297,5.357104715467298,0.01123930611904546,0.05715473241439119,2.198339342352743,0.009684480995190418,38.94750383780431,0.3607130456787469,2.553254437869822,1.2431144105152552,-0.16980122231371989,0.6809067032107086,-0.014315099385183511,2.645176922234685,1.5174306456633884,2.491089075405857,-0.22096624759595665,0.6055065136631241,Telecom Services,Communication Services,TV
2022Q1,2022,Q1,2022-03-31,2022-03-31,-1908833000.0,18609213000.0,2502403000.0,-3.38,6782349000.0,0.3644618931,317287854000.0,133645781000.0,102884298000.0,39130198000.0,168269902000.0,2096181000.0,140102837000.0,131223621997.74088,192028647997.74088,236.3876541653671,2.6292813034066427,0.38412128123883366,0.9119406245977941,0.0064824301463233406,236.3876541653671,-0.014282777845415113,7.051540653424778,-17.186367534213428,0.9818762778433004,0.0,5.642100562880782,0.0,0.058650883623172036,2.329446377961083,-0.006016092251675036,-8.118367128371826,0.36446189314937716,-1.5568369028006588,-2.457274379652223,-0.134925793910862,0.6262055585004206,-0.4798133959181795,-1.5589718586195789,-0.7787872385566026,-4.603283053258272,-0.1866000894722516,0.5183414304757815,Telecom Services,Communication Services,TV
2021Q4,2021,Q4,2021-12-31,2021-12-31,3414900000.0,28811800000.0,11312200000.0,6.07,13038300000.0,0.452533337,292900500000.0,80487500000.0,72958700000.0,56498600000.0,197113800000.0,2212900000.0,87548900000.0,107908733232.65044,217788133232.65045,142.9874697195664,1.2913364224954247,0.4625212316127832,1.6831520422425843,0.018811692203791596,142.9874697195664,0.04242770616555366,3.745296483824351,7.899845766541511,1.3406893397440651,0.0,7.1279768629400335,0.0,0.09836719295460404,1.021687263047226,0.011658908059221476,35.324412671190196,0.4525333370355202,3.803769574173922,4.504286305142052,0.09372234856684329,-0.004512069042236649,0.21064664852750295,3.4897213267350686,1.3414741173572775,61.128402457150486,0.10723340742695739,-0.07620339419726259,Telecom Services,Communication Services,TV
2021Q3,2021,Q3,2021-09-30,2021-09-30,760604000.0,26127867000.0,4831230000.0,1.263591,10769699000.0,0.41219204767078765,285601580000.0,78392393000.0,69450011000.0,51557818000.0,192194970000.0,2272028000.0,84831042000.0,125453573420.21777,238392029420.21777,140.2160150387254,1.347031617978868,0.471437300872075,1.717554890817021,0.019683493405641697,140.2160150387254,0.009702523049653555,4.801523730207972,41.234851979551046,1.600328407122586,0.0,6.759673736415221,0.0,0.09148362204438786,1.0540548283094524,0.002663164538515508,-104.04755731179107,0.41219204767078765,-0.6760954925275344,-0.25233983288168443,0.1499501999336787,-0.038513747125454974,0.05503167681546686,-0.6513655160780798,0.21214972334645785,-0.19054152311225395,0.08634234302359224,-0.10153581578925777,Telecom Services,Communication Services,TV
2021Q2,2021,Q2,2021-06-30,2021-06-30,2181666000.0,24753183000.0,3985671000.0,3.901122,10207939000.0,0.41238894408044413,285631569000.0,75453749000.0,79527182000.0,58653143000.0,195161784000.0,2457955000.0,84081006000.0,159799797230.02774,264522793230.02774,134.92178107507246,1.3558895215555626,0.45899805283778,1.7375456585994156,0.010610822847897649,134.92178107507246,0.028913950982077778,6.455727218193625,18.31167067163669,2.117850992798618,0.4828383446412054,5.917620135437793,0.0065919482894190974,0.08666122966260778,1.091171499539249,0.007638042278162887,171.49378707702286,0.41238894408044413,4.714618437490478,0.6117529705708374,0.10067666455537969,-0.07569663557627929,0.02651002105222934,4.733300249837434,0.12575838202795592,-0.47111082078640504,-0.03424014167452521,-0.1177345957031504,Telecom Services,Communication Services,TV
2021Q1,2021,Q1,2021-03-31,2021-03-31,-584380000.0,23828948000.0,3540432000.0,-1.050208,9944315000.0,0.41732077303622467,288987154000.0,73916313000.0,82146874000.0,59877685000.0,200289097000.0,2259563000.0,83949034000.0,100038106449.47429,205035261449.4743,132.83739585669812,1.3719113222229617,0.4632017726296581,1.8109583198501797,0.012391748721689052,132.83739585669812,-0.007905967928892773,4.198175532108018,-42.796684712633166,1.3533968672040537,0.0,6.144831102297214,0.0,0.08245677245570576,1.1151102451606136,-0.0020221660094967404,69.09000064883554,0.41732077303622467,-1.1766835660467985,-2.0112263559823473,0.13879115594467692,-0.08213729985644,-0.1943908729904764,-1.1764267766081002,-0.39339809817527627,-1.9034420872243094,0.0941904030086847,-0.10262509574109827,Telecom Services,Communication Services,TV
2020Q4,2020,Q4,2020-12-31,2020-12-31,3312309000.0,27782661000.0,5836500000.0,5.944005,12343846000.0,0.4443003497757108,271246332000.0,73442009000.0,69061075000.0,43709666000.0,183307299000.0,1641300000.0,84280397000.0,91334180605.00414,194121409605.00415,131.793155776356,1.5799954865818466,0.48607227617736043,1.7952303292792549,0.012703835080158512,131.793155776356,0.045101012963847435,3.2874525807662605,6.89354319033974,1.2436231231774193,0.0,9.406455248888076,0.0,0.10242594174508506,1.2547412510541718,0.01221144254957151,138.99628458008414,0.4443003497757108,0.0007990895833975109,1.1888124036843994,0.15609681462481795,-0.12737335479272016,0.22555740026882376,-0.011177252033733862,0.04802867718184882,5.179944624603796,0.1177068496840421,-0.09966539179536874,Telecom Services,Communication Services,TV
2020Q3,2020,Q3,2020-09-30,2020-09-30,3349750000.0,23943027000.0,5569027000.0,5.939259,10072026000.0,0.420666359353811,301325644000.0,69912193000.0,91737098000.0,66713350000.0,216879305000.0,1780004000.0,78307753000.0,77983474218.19885,42971256218.19885,123.95748856403037,1.375093560734096,0.032655614269590676,0.14074760893282234,0.0392860954666709,123.95748856403037,0.04791367365632487,3.2570432392779263,5.820096590655933,1.1154488347719098,0.0,7.792679679371507,0.0,0.0794589756190814,1.2270867674910644,0.011116710664028317,29.477894158813246,0.420666359353811,0.9257005123196983,-0.4750395958125293,0.10360428131053191,-0.13816583704145086,0.1897928511259,0.9257003605065143,1.067821928311646,2.014480998554925,0.09348274331030205,-0.1651856017254319,Telecom Services,Communication Services,TV
2020Q2,2020,Q2,2020-06-30,2020-06-30,1739497000.0,22407158000.0,2693185000.0,3.084207,8465361000.0,0.3777971753490559,309641447000.0,66689036000.0,97724636000.0,55312865000.0,226917654000.0,1290760000.0,74600864000.0,68140629871.25544,186559830871.25543,118.24268503944955,1.7667614215969467,0.5293251164789964,2.4576902716062654,0.008119188247667629,118.24268503944955,0.026083702874337544,3.0410206359617513,9.793151392508213,1.0217666045023568,0.0,10.80123105767145,0.0,0.07236485366250081,1.5190052802363427,0.00561777829438964,-34.33145716454987,0.3777971753490559,1.1819471247823963,0.3432753914846486,0.0955733103109141,-0.14185584159564515,-0.10804050598340742,1.1802233094464945,-0.21404862349766068,0.24655138645558908,0.0069968177514856305,-0.19001814843185622,Telecom Services,Communication Services,TV
2020Q1,2020,Q1,2020-03-31,2020-03-31,-9651898000.0,23228788000.0,3426656000.0,-16.951117,9490746000.0,0.40857689174312495,309463018000.0,66059123000.0,96146947000.0,51256806000.0,227532607000.0,1115667000.0,72983136000.0,79932639130.91226,203403656130.91226,116.01613851222459,1.8757888854799107,0.5442048846043375,2.5494023891295075,0.011710792134106258,116.01613851222459,-0.14610999301337985,3.441102442835686,-2.0703865480890977,1.2100166563051749,0.0,12.3137477401411,0.0,0.07506159588994896,1.61095246551258,-0.031189180737583318,7.629924613995382,0.40857689174312495,-4.899314823965014,-7.705832056153886,0.18113567549677667,-0.14808708990748773,-0.15463329645722104,-5.0047674330795955,-0.2903881533660971,-8.316479899768465,0.07218066550214934,-0.20187841454549366,Telecom Services,Communication Services,TV
2019Q4,2019,Q4,2019-12-31,2019-12-31,2410102000.0,28268200000.0,4828916000.0,4.347204,11226780000.0,0.3971522771170432,290343800000.0,90530466000.0,68124902000.0,42385850000.0,184939567000.0,1151421000.0,82431278000.0,127924888258.0086,234041032258.0086,157.0384701541901,1.607255770498881,0.46003441781777327,1.475394382704271,0.016598594946519957,157.0384701541901,0.026621999272598465,4.525399150211496,13.26965500402147,1.4130589834587686,0.0,14.80033801711103,0.0,0.09736112842774669,1.2609250964649759,0.00830085574412128,87.62314736593225,0.3971522771170432,2.3183648793475635,-0.035279769212333965,0.17968425993581114,0.1815435439549451,0.0357153038030141,2.1912497252463514,0.05073444982791721,2.7931516413573343,0.04779568890247807,0.0933118967778684,Telecom Services,Communication Services,TV
2019Q3,2019,Q3,2019-09-30,2019-09-30,755222000.0,25786149000.0,4595753000.0,1.310044,10839639000.0,0.4203667247870165,308639714000.0,88372988000.0,81581241000.0,57447902000.0,205743015000.0,1354241000.0,79923779000.0,111679847171.51086,217393135171.51086,153.29598768977525,1.4200908677222015,0.46793785261218845,1.634257347957953,0.011648606547575774,153.29598768977525,0.008545846610957638,4.331001390378644,36.969211427736106,1.2637328407579798,0.0,11.036816932879747,0.0,0.08354773488417631,1.2017262353636518,0.0024469372078280245,24.32123393224255,0.4203667247870165,-0.1759340568095754,5.145219133472177,0.3047338378676756,0.20503227078985006,0.03311698152050529,-0.17830000533131976,0.11819760022287294,-0.2800409065014563,0.1006496872999435,0.05117796097569235,Telecom Services,Communication Services,TV
2019Q2,2019,Q2,2019-06-30,2019-06-30,919097000.0,24307587000.0,4109965000.0,1.589732,10492170000.0,0.4316417750556647,311499658000.0,88362510000.0,84002687000.0,52677954000.0,209036900000.0,1224045000.0,78478593000.0,93890601059.42955,199573912059.42957,152.83771357248662,1.59464596897594,0.461000220423998,1.6251395642790138,0.01071825249672106,152.83771357248662,0.010401436084149262,3.86260475214712,25.53881719215424,1.0625614987558585,1.160037515082739,11.28669044030244,0.011355630786995814,0.07803407283355669,1.3742581194402501,0.002950555406388279,24.055533892728622,0.4316417750556647,0.7924065818343357,-0.5842228888485743,0.2571559735815288,0.22311526204286927,0.03562647378452567,0.6966336728703865,0.18429280116735958,-0.3432005051174652,0.045518690612166346,0.047039341907846054,Telecom Services,Communication Services,TV
2019Q1,2019,Q1,2019-03-31,2019-03-31,541718000.0,23395245000.0,3470396000.0,0.886926,10131230000.0,0.43304654428709766,301130522000.0,90009743000.0,72496503000.0,53805585000.0,197365726000.0,1042466000.0,79327840000.0,125508996241.56442,232845474241.56442,155.68807477728748,1.3473787711814675,0.4346935379735436,1.4542813659627936,0.009472642887098103,155.68807477728748,0.006018437359608948,5.364722457130259,57.92173983583914,1.3943934518462566,0.0,12.723690748667103,0.0,0.07769137729585578,1.1034968395938822,0.0017989475009112493,-32.174888681984,0.43304654428709766,8.082982580109988,-0.370688177192482,0.37121848850576394,0.28661698072418185,-0.0990333792951348,8.592513236413861,-0.05289431943348256,-0.09778078581132621,0.07609988003931932,0.07575337331507948,Telecom Services,Communication Services,TV
2018Q4,2018,Q4,2018-12-31,2018-12-31,56473000.0,26735251000.0,3664212000.0,0.097647,11244845000.0,0.4205999412535906,297170593000.0,89516920000.0,72052868000.0,48531443000.0,192639902000.0,1026428000.0,78510909000.0,142930320012.39697,241848833012.39697,154.78241511324538,1.4846636231277937,0.44077983180522845,1.4632630792033505,0.006344485787148488,154.78241511324538,0.0006308639752127307,5.3461372033648376,632.737414394476,1.5966849620428962,0.0,15.091566091338116,0.0,0.08996600481259598,1.221951591260124,0.0001900356271120003,-108.17057204902059,0.4205999412535906,-0.9419006479481641,-0.9772707769504695,0.23637978082436423,0.29946982473168454,0.03881037989574431,-0.9422572956745885,-0.15606931623459178,-0.9640427280536369,0.07194575687083442,0.0248427457534427,Telecom Services,Communication Services,TV
2018Q3,2018,Q3,2018-09-30,2018-09-30,978011000.0,25033234000.0,4341840000.0,1.68069,10824733000.0,0.4324144854795829,287965500000.0,90814012000.0,76492663000.0,43443604000.0,182399586000.0,1045297000.0,78487499000.0,194956770423.70605,270888381423.70605,156.06188594139505,1.760734744750919,0.41101579182228426,1.3033051331329795,0.014094219163761586,156.06188594139505,0.010769384354476047,7.787917870447983,49.835014745157785,2.146769712406342,0.0,13.592788461078525,0.0,0.08693136504199288,1.5046616298224245,0.003396278373624618,573.1713116294495,0.4324144854795829,-0.7721427964252494,-0.5964334350634207,0.315361675636045,0.3658251291322744,-0.06860718362924678,-0.7724164908227633,-0.49644167612468015,-0.8514467915504766,0.11834403420098032,0.08504509407319048,Telecom Services,Communication Services,TV
2018Q2,2018,Q2,2018-06-30,2018-06-30,4297372000.0,26701845000.0,8622318000.0,7.376067,11622092000.0,0.43525426801031913,296006444000.0,89096561000.0,83639466000.0,47379264000.0,192542176000.0,1132085000.0,77194859000.0,217820633324.13016,295786059324.1301,152.9265234905168,1.765317966948579,0.4140396990816862,1.3755684576871603,0.026479446964688954,152.9265234905168,0.04823274828755736,8.157512461184991,12.671734802347233,2.4447703803531784,0.2487259655435927,13.320336370502215,0.004907101699633112,0.09020697198065053,1.5126965247919428,0.014517832591509393,39.48155251919924,0.43525426801031913,5.73109361026446,1.3180631256455368,0.45550692212526483,0.3916321099054906,0.19183891125321043,5.342441532680597,1.379103401920651,2.212523812377231,0.2638570893484108,0.10986149168288752,Telecom Services,Communication Services,TV
2018Q1,2018,Q1,2018-03-31,2018-03-31,677558000.0,22812003000.0,3624188000.0,1.09582,9751395000.0,0.4274677238995629,289406326000.0,86281528000.0,76242465000.0,49870871000.0,188090296000.0,1044324000.0,76580366000.0,168998820215.26273,248243507215.26273,148.02887313458143,1.5287975419559046,0.40410360622179353,1.3554481788964146,0.011303376602416464,148.02887313458143,0.007852874371904957,7.408328861576194,62.35585005832075,1.9586906274453406,0.0,12.506279660335299,0.0,0.07882344285729262,1.3019093650880893,0.0023411996875285996,58.180460598045165,0.4274677238995629,0.13931683825073668,-0.38053328996037694,0.43749232865806004,0.36901787254687163,-0.12101852438590294,0.20379852536199697,-0.0015246346689911788,-0.5401359824419809,0.1331297966759444,0.08698418777753618,Telecom Services,Communication Services,TV
2017Q4,2017,Q4,2017-12-31,2017-12-31,562850000.0,26103115000.0,3629722000.0,0.961822,11093971000.0,0.42500563630049515,297220101000.0,85661764000.0,87044703000.0,50764817000.0,197563187000.0,1492947000.0,74983656000.0,214314603152.8785,308983486152.87854,146.38241668746514,1.7146659466929626,0.4488385258976815,1.5573323005582747,0.007048267809525444,146.38241668746514,0.006570609496204164,8.210307587921154,95.19170434080061,2.5018700660060946,0.0,10.053366931311025,0.0,0.08782419127163947,1.482915736700085,0.0018937144496831996,42.096114644654534,0.42500563630049515,-0.48573946118833283,-0.8168910125139547,0.28633006980693837,0.3777134935619256,0.0970881006372799,-0.5142497387209886,-0.013173913823637681,-0.778053023652396,0.07312562572006549,0.10136834124642814,Telecom Services,Communication Services,TV
2017Q3,2017,Q3,2017-09-30,2017-09-30,1158723000.0,22832155000.0,3678178000.0,1.870301,10112197000.0,0.4428927974604237,283239633000.0,87325841000.0,76285719000.0,51819154000.0,182508186000.0,1577324000.0,74119835000.0,262990855601.65228,340502436601.6523,148.48508700883846,1.4721529224502585,0.4101478870366987,1.330306535496177,0.011429782122878838,148.48508700883846,0.013268958955688729,11.518442109457135,56.7415283034971,3.0116040405686135,0.0,8.06426453918155,0.0,0.08061073500967289,1.2553755123057393,0.004090963498741718,395.81662307262553,0.4428927974604237,-0.2022775362958622,-0.6065982749718528,0.27742801054686256,0.48192514500046063,-0.007770481531025849,-0.2022775292091985,-0.058113722014617224,7.234208188371434,0.13242944799392134,0.1672146432089792,Telecom Services,Communication Services,TV
2017Q2,2017,Q2,2017-06-30,2017-06-30,1452539000.0,23161836000.0,3905119000.0,2.344551,10191389000.0,0.4400078214870358,286771086000.0,85702493000.0,80713978000.0,58601499000.0,187755572000.0,1890874000.0,72610463000.0,259155823568.42975,334326308568.42975,145.9818942986549,1.3773364056779502,0.405874970254149,1.35810758737205,0.012769102922522138,145.9818942986549,0.016948620152741647,11.188915402407208,44.603935517123766,3.0239006415884515,0.7464116281903619,6.859498306074334,0.004183552524775583,0.08076768241551381,1.177648851610434,0.005065151512520338,398.2986789789855,0.4400078214870358,0.011960251048733987,0.012185251579832903,0.3269132839021309,0.5563817116570879,0.09090694033744999,0.07564885247455538,0.2887403170039565,-0.3529019635645208,0.17967764080046036,0.16825015714417393,Telecom Services,Communication Services,TV
2017Q1,2017,Q1,2017-03-31,2017-03-31,1350384000.0,22177129000.0,3030183000.0,2.316841,9342125000.0,0.42125042425464543,295528009000.0,84724788000.0,86863711000.0,56479890000.0,197866099000.0,1880975000.0,71943019000.0,282603369614.4247,358066874614.4247,145.36148454894484,1.5379582184030458,0.4026751521883667,1.404568707802491,0.010170304124919993,145.36148454894484,0.015938475998311143,12.74300968418521,52.3190754656499,3.3355453142523617,0.0,6.823590956817608,0.0,0.07504239302068996,1.3393319817018057,0.004569394300626172,1806.7074307751916,0.42125042425464543,1.1020818117069586,-0.1283747025514954,0.4222541429128719,0.559108841102387,-0.24998556911902262,1.1002482254060881,-0.3581524124386363,0.5560478232510748,0.2893101979157338,0.2012773273193064,Telecom Services,Communication Services,TV
2016Q4,2016,Q4,2016-12-31,2016-12-31,642964000.0,27300650000.0,4721032000.0,1.102165,12455927000.0,0.456250199171082,309054150000.0,83791916000.0,95761498000.0,57426063000.0,212769750000.0,1899078000.0,70395669000.0,252480154026.93863,345003840026.9386,143.63556329808793,1.6675616087420098,0.4532207996559826,1.6716382162689776,0.013506490522431804,143.63556329808793,0.007673341662219539,9.248137096623656,98.17040846258057,3.013180341012116,0.0,7.816805312893941,0.0,0.08833613785804204,1.4756580648755253,0.002080425064669088,78.60826408317459,0.456250199171082,-0.3942847062198527,-0.7122636516318384,0.449406566279287,0.575234585058032,0.12715517884960906,-0.39465743506796125,0.06954559232850346,-0.7434489706975507,0.25165312694741093,0.2058868581914941,Telecom Services,Communication Services,TV
2016Q3,2016,Q3,2016-09-30,2016-09-30,1062149000.0,23722257000.0,4414054000.0,1.819609,11050765000.0,0.46583952783244864,293270028000.0,85125941000.0,85626346000.0,45889301000.0,196084217000.0,1988021000.0,69846184000.0,290453852328.14044,366382573328.14044,145.8325739130675,1.8659326713213609,0.41523492472268597,1.4305387590370366,0.012990422287187324,145.8325739130675,0.012477383363080826,12.24393835410098,68.36466736967706,3.4120486530438523,0.0,6.3739226094694175,0.0,0.080888787585208,1.63316689003391,0.0036217441217688976,285.14726178629746,0.46583952783244864,-0.24822654892411317,-0.4967897987415138,0.4398141285724382,0.7463332326571593,0.02245015576713103,-0.24982007389153862,0.06262169204666042,-0.5630763930684457,0.2426043186185894,0.27630005811479735,Telecom Services,Communication Services,TV
2016Q2,2016,Q2,2016-06-30,2016-06-30,1415859000.0,23523477000.0,4153928000.0,2.420422,10808121000.0,0.45946103120724885,290228373000.0,85387935000.0,87718516000.0,46230566000.0,192242810000.0,2180928000.0,69673828000.0,279445515461.95337,348866406461.95337,145.971318798772,1.8974138452036258,0.4023504035561678,1.3675644340151802,0.013842207157002859,145.971318798772,0.01658148777107679,11.879430726246522,49.34204526403289,3.2726580805819157,0.7657485667711262,5.830250242098776,0.003879797456071945,0.08105161034686295,1.6590223013925463,0.004878430683274374,-81.4366641532326,0.45946103120724885,1.3305804540758308,-0.24076753956550548,0.5041149271337231,0.7653367752869403,0.1264607973518879,1.3580593370795124,0.255310912418939,-0.2393384555365489,0.27709635733148447,0.32833971327556527,Telecom Services,Communication Services,TV
2016Q1,2016,Q1,2016-03-31,2016-03-31,600434000.0,21740979000.0,3309083000.0,1.038549,9594760000.0,0.44132143267329405,287121405000.0,83672142000.0,92016783000.0,50482172000.0,191389015000.0,1779615000.0,69338110000.0,274945461076.0366,334262660076.0366,144.7246912157139,1.8227580025677184,0.39315205357120625,1.3491033849713086,0.011111390484144409,144.7246912157139,0.007176032376462886,12.646415834173641,114.47780317072177,3.28598568775778,0.0,6.8251947752744275,0.0,0.07572050923894023,1.6019800812056977,0.0020912199144469917,50.503010774160224,0.44132143267329405,-0.6175660896366589,-0.33641012775963525,0.5849931862746712,0.8358801991130685,-0.17438138149456284,-0.6178512670211717,-0.3514483564753386,-0.4465608079009142,0.38119294499742956,0.33845975232823494,Telecom Services,Communication Services,TV
2015Q4,2015,Q4,2015-12-31,2015-12-31,1571205000.0,24951128000.0,5102266000.0,2.71563,11621298000.0,0.4657624296584908,281473754000.0,87382935000.0,89938076000.0,48978050000.0,181951977000.0,1628276000.0,73139684000.0,271879889108.02213,339882710108.0221,151.03040515689324,1.836293523323203,0.41709020941256214,1.3435111443670322,0.013919497260881191,151.03040515689324,0.0179806846725851,10.89649690819678,43.2597734076747,3.1113613786035237,0.0,8.186468387423263,0.0,0.08864459881399812,1.6502118397935401,0.005582065743863281,-30.860814707227608,0.4657624296584908,-0.7599703439900927,-0.42433129670206426,0.45487993801766,0.8645659590938464,0.0889764970395704,-0.7599657365623176,0.10637230284311149,-0.48300576101167186,0.24361551021516245,0.4214591604060752,Telecom Services,Communication Services,TV
2015Q3,2015,Q3,2015-09-30,2015-09-30,6545753000.0,22255607000.0,4611708000.0,11.313727,10671762000.0,0.47950891656201516,246697716000.0,83215262000.0,64217766000.0,40671194000.0,151745567000.0,2862551000.0,69121974000.0,254767309635.07043,319472618635.07043,143.82986181297647,1.5789496123472548,0.3836650680624866,1.1374030883902042,0.017526387208404333,143.82986181297647,0.07866048658237716,11.447331435852117,9.730252181646268,3.0615454847101295,0.0,4.046685980441921,0.0,0.09021407802575683,1.2894553821065593,0.02653349656467837,-222.57884708502277,0.47950891656201516,3.927506331567246,1.8682663048965074,0.4493244810532413,0.8876375164267627,0.08811801041667836,3.9263154646685714,0.09258257196765447,1.2590313772933184,0.2657122747797321,0.43546461881322857,Telecom Services,Communication Services,TV
2015Q2,2015,Q2,2015-06-30,2015-06-30,1328732000.0,20985731000.0,4220924000.0,2.296035,9807541000.0,0.46734331055706374,240771730000.0,79739399000.0,67595949000.0,41520726000.0,149230853000.0,3183313000.0,62260836000.0,354326780776.90326,414629989776.90326,137.78883638771327,1.6280049871960331,0.3757474475927884,1.1345628902971792,0.01728014011516807,137.78883638771327,0.016663431335869488,16.88417624227163,66.66633692439545,4.443559711014417,0.8159598775373815,3.5114957278784713,0.003059864675266095,0.08716027832669558,1.3395878241628048,0.0055186379231482036,-1046.3445109510983,0.46734331055706374,-0.09169255527595564,-0.2890341110230074,0.4023146656856371,0.9035291097948467,0.12411417995196158,-0.08580510442431602,-0.12251043453874422,-0.06069824795032765,0.21963308319588248,0.46903166351310743,Telecom Services,Communication Services,TV
2015Q1,2015,Q1,2015-03-31,2015-03-31,1453445000.0,19859363000.0,4810227000.0,2.527817,8724684000.0,0.4393234566486347,242890708000.0,78302595000.0,73538751000.0,48182693000.0,153207629000.0,3122329000.0,62306212000.0,287275375873.9411,342184021873.9411,136.1830970487652,1.5262482526661596,0.3655782048278273,1.1340051884615063,0.019591040349368073,136.1830970487652,0.018561900790133454,14.465487935033018,49.4128391294375,3.668784870717773,0.0,3.566145335741365,0.0,0.08176254729349301,1.2886825358640706,0.005983946491687117,19.811066078702332,0.4393234566486347,-0.41669956814644477,0.3378186934350819,0.5942084299063671,0.9606063169690701,-0.23178836636278724,-0.41960959231771217,-0.1327797568256117,-0.049002582303062224,0.2910569252089901,0.4606638840836979,Telecom Services,Communication Services,TV
2014Q4,2014,Q4,2014-12-31,2014-12-31,2504254000.0,24020205000.0,5546719000.0,4.333645,11357136000.0,0.47281594807371546,235551941000.0,76804977000.0,79802176000.0,44370122000.0,147636860000.0,3336667000.0,62905444000.0,290937312255.4964,348490062255.4964,132.90959182810982,1.7985566052759558,0.3705429028920632,1.1364120322567117,0.02192163730859648,132.90959182810982,0.03260536097810432,12.112191059797217,29.044309428625894,3.7880007731204244,0.0,3.7951251952921883,0.0,0.1019741331700595,1.5735114273519464,0.010631430118421312,64.42512923354256,0.47281594807371546,14.71246088274474,1.044937312675549,0.5369170419580294,0.9522699647835136,0.19895487266865347,14.699345189577738,8.929466248487323,0.13134105335361243,0.2873630709432498,0.4576040983603121,Telecom Services,Communication Services,TV
2014Q3,2014,Q3,2014-09-30,2014-09-30,-182801000.0,19829693000.0,558612000.0,-0.316037,9472530000.0,0.4776942335920178,207524807000.0,73582119000.0,66893428000.0,31314950000.0,122668305000.0,2623805000.0,58044774000.0,263099801324.40964,318328922324.40967,127.21318043150488,2.1361499220021107,0.3946660892449354,1.1130829760420462,0.0025978247237047674,127.21318043150488,-0.0024843127988744113,13.267971487224216,-359.8172347585758,3.575594246265314,0.0,3.9473829038362225,0.0,0.09555336196505895,1.4908679720069806,-0.0008808633658914811,248.2523261990942,0.4776942335920178,-1.082656055848029,-1.0882970402766794,0.46705181008051255,0.7084640293549551,0.03039775239661219,-1.0826561414804954,-0.8852342416192596,-1.0873996642087802,0.21460095874666513,0.5233675073991256,Telecom Services,Communication Services,TV
2014Q2,2014,Q2,2014-06-30,2014-06-30,2211584000.0,19344404000.0,4867410000.0,3.823519,9193081000.0,0.4752320619441157,208209249000.0,72277534000.0,66673815000.0,36798552000.0,124932087000.0,2021590000.0,57690227000.0,256800091598.8902,303489135598.8902,124.9577356407231,1.8118597438290507,0.37775311316741744,1.0881900314972008,0.022664479877729984,124.9577356407231,0.030598498283021112,13.275161726300288,29.028977827531104,3.5529725128542737,0.0,5.021454894414792,0.0,0.09290847593422712,1.514647016545651,0.010621929672298084,127.0962291328854,0.4752320619441157,1.5679711416148283,0.17918370171332043,0.48641631167096505,0.7830494728906984,0.27913381433424267,1.5900771547827064,0.6313521687749232,0.19935293006109522,0.2509030718494848,0.5112043098497229,Telecom Services,Communication Services,TV
2014Q1,2014,Q1,2014-03-31,2014-03-31,853868000.0,16924050000.0,2983666000.0,1.488926,7186958000.0,0.4246594638990076,193690207000.0,69394269000.0,52736436000.0,38900132000.0,113741725000.0,1741965000.0,55772319000.0,249100889949.77423,295416796949.77423,121.00576714731163,1.3556878418818734,0.3342037370015305,0.9328146536135427,0.015794097159830822,121.00576714731163,0.012304589590820533,14.718751714263089,72.93307922002411,3.589646429588792,0.0,5.589717359418818,0.0,0.08737690078466383,1.0774028993012157,0.004408421123738073,81.19637259509142,0.4246594638990076,-0.653422512222759,-0.23858423170892828,0.46381555064813645,0.5906760144694457,-0.2781152017150966,-0.6534387518619386,-0.4390679514401061,-0.04863771602876052,0.24386521324689875,0.5349978640003847,Telecom Services,Communication Services,TV
2013Q4,2013,Q4,2013-12-31,2013-12-31,2463830000.0,21443064000.0,5319122000.0,4.296084,9955824000.0,0.4642911106360546,194108920000.0,68311434000.0,53207745000.0,40283067000.0,115529487000.0,1718366000.0,56897886000.0,226315589486.392,274598618486.392,119.11197333512916,1.3208464241315092,0.33473506524069063,0.9511593915595448,0.031989601389645204,119.11197333512916,0.0360676076570139,10.554256121531512,22.96379919539822,3.3129971987762983,0.4400433471465158,6.684978636681592,0.0047906200472556965,0.11046923551993386,1.1148271803634018,0.012693028223535529,46.08911784955455,0.4642911106360546,0.03157355352611878,-0.1481486836958805,0.4561363254572752,0.5976476574533967,0.09815611079086507,0.031213953153539267,0.04824372457540107,-0.08930120178825156,0.2613861861075499,0.47051271279092616,Telecom Services,Communication Services,TV
2013Q3,2013,Q3,2013-09-30,2013-09-30,2389252000.0,18763125000.0,5074318000.0,4.164593,9065946000.0,0.48317889477365844,170450766000.0,65552787000.0,43485326000.0,26474583000.0,96059166000.0,1894091000.0,52959932000.0,211250998115.48706,261298402115.48706,114.26198172275765,1.6425311023784586,0.382769098262662,0.9952785989099137,0.027500233028942802,114.26198172275765,0.03644775621820625,11.258838712393967,22.104302739464806,3.2226089504857676,0.0,5.119700690199151,0.0,0.11007944076942429,1.285224058108866,0.014017255868477588,154.83602712456897,0.48317889477365844,0.308798942550525,1.263008977076378,1.9484268262129916,2.311257678528465,0.04989169236114127,0.30879908848389237,0.024155558551627203,0.055811356292598834,0.23224160854737008,0.4995856957827312,Telecom Services,Communication Services,TV
2013Q2,2013,Q2,2013-06-30,2013-06-30,1825530000.0,18065013000.0,4954636000.0,3.181996,8635125000.0,0.478002700579291,170030776000.0,63044584000.0,55022714000.0,30167231000.0,98383313000.0,1698067000.0,50389556000.0,183266437040.82047,229806104040.82047,109.89005097108777,1.8239232497009752,0.3828747214563086,1.0326102873483947,0.025756192049528254,109.89005097108777,0.028956174887282943,10.144827299090261,25.097702727539463,2.906933877790683,0.5939053316023292,5.553307378330772,0.005915933203625871,0.10624554815888154,1.5197603319973252,0.010736468085048322,270.675760321415,0.478002700579291,0.6956745323966433,0.9416660593435365,2.074489989983567,2.322630846895874,0.32209545498180864,0.7066339337382569,0.461432887575846,-0.01469687220425209,0.21766877558793774,0.5181121808134934,Telecom Services,Communication Services,TV
2013Q1,2013,Q1,2013-03-31,2013-03-31,1069667000.0,15519509000.0,3390259000.0,1.876537,6531393000.0,0.4208504921128626,164281333000.0,61635199000.0,51416104000.0,34434272000.0,94309011000.0,1569778000.0,49950985000.0,186631475196.94556,224848567196.94556,108.12778715532313,1.4931665754397248,0.34528557179408814,0.9203178527905783,0.01844208752473763,108.12778715532313,0.01735480727497935,12.025604366539273,43.61905976274521,3.028001502792999,0.0,5.725724274387844,0.0,0.09446909588930594,1.2439602904919842,0.006511190166688019,160.93817790840276,0.4208504921128626,-0.6427500148494268,0.004681153833433185,0.6100164139470564,0.619156718851354,-0.2949448830338496,-0.6432156345550831,-0.3067449787326017,-0.0068640184265502755,0.25666414910557905,0.5566984973230626,Telecom Services,Communication Services,TV
2012Q4,2012,Q4,2012-12-31,2012-12-31,2998077000.0,19792456000.0,4890349000.0,5.252728,9263663000.0,0.4680400956808998,165066177000.0,60644005000.0,54637754000.0,36245637000.0,96531574000.0,1508581000.0,51073399000.0,194754069449.96814,233653313449.96814,106.25025984830098,1.5074298183806234,0.3511474612997186,0.9557839888707879,0.025215572739663197,106.25025984830098,0.04943731865994009,9.839813181849092,16.239915573379882,3.2114315248468195,0.0,6.97926926031814,0.0,0.11990618768616662,1.3043038255887185,0.018162879000947603,47.91890382783907,0.4680400956808998,0.04880688794117109,0.017116114069642557,0.5229662612237236,0.6179872995247478,0.1073274056170461,0.0481463703357723,-0.04565353528907706,1.4786749115923215,0.2821787354925022,0.5606788659809224,Telecom Services,Communication Services,TV
2012Q3,2012,Q3,2012-09-30,2012-09-30,2860361000.0,17357531000.0,5124291000.0,5.008289,8365785000.0,0.4819686048666714,147369975000.0,57226079000.0,42886751000.0,25110576000.0,81980611000.0,1627083000.0,48118953000.0,174093720925.70682,210264519925.70682,100.19742731930789,1.707915859835314,0.3587161699661006,0.9237745084719154,0.03711277846275036,100.19742731930789,0.049983522372728004,10.029866628249538,15.216061969599888,3.0422094955292467,0.02849290701418457,5.526298289638574,0.00046813865294302896,0.11778200410226032,1.3916815767189092,0.019409387834937206,106.1914216230287,0.4819686048666714,1.0488777232587387,0.19497828429019626,0.6447067640874601,0.6507710709814443,-0.0013225713106957448,1.048562713558986,0.06685316799297465,0.399236699997825,0.3005293901115783,0.3456443729202659,Telecom Services,Communication Services,TV
2012Q2,2012,Q2,2012-06-30,2012-06-30,1396277000.0,16983775000.0,4803183000.0,2.444406,8376864000.0,0.49322744796136314,149332302000.0,53577337000.0,46026105000.0,30021560000.0,87926147000.0,1303549000.0,41024264000.0,163931245041.4284,201576034041.4284,93.79568855459449,1.533101710903764,0.3597236852345583,1.0026322510206134,0.03197883778221042,93.79568855459449,0.026060963052344316,9.65222661283657,29.351490614224186,3.05971244971411,0.0,6.602675465210744,0.0,0.11373142161834483,1.2664837203662969,0.009350133770789927,95.17617010785452,0.49322744796136314,-0.08038278916010079,-0.3209902227959338,0.7097579862418764,0.6601710338020337,0.29110148912949496,-0.0728092158823631,0.4626040729672466,-0.24613853364842622,0.32148205091649235,0.33839135431793443,Telecom Services,Communication Services,TV
2012Q1,2012,Q1,2012-03-31,2012-03-31,1505922000.0,15156647000.0,3283994000.0,2.658069,6488153000.0,0.42807310878190935,151347206000.0,52821299000.0,49487717000.0,34135689000.0,90848393000.0,1085539000.0,42888464000.0,152840585879.49854,188202532879.49854,93.23369909580221,1.4497354074206616,0.3547571733831677,1.0164745664433583,0.02218277602817881,93.23369909580221,0.028509749447850573,10.084063175681173,25.373257359859696,2.893540840021722,0.0,7.985428436933173,0.0,0.10014487482510909,0.7670961614397178,0.009950114308684364,53.078125631003054,0.42807310878190935,-0.3059872062663186,1.092126772135425,0.8764970744048322,0.5098488699585001,-0.3669761756252353,-0.306071817453336,-0.39500632444300504,0.35929894681420094,0.3269866899124902,0.225599509744103,Telecom Services,Communication Services,TV
2011Q4,2011,Q4,2011-12-31,2011-12-31,2170141000.0,18292741000.0,5428146000.0,3.83,10249461000.0,0.560302089227634,155061400000.0,51659822000.0,50659758000.0,36002112000.0,96204915000.0,1383822000.0,37624887000.0,166113716880.17795,207248527880.17795,91.18360189685421,1.4071329482003723,0.3702451738472631,1.1113227412978697,0.03195420233758429,91.18360189685421,0.04200829418266288,9.080854360764084,19.13628156882179,3.215530182821341,0.0,5.812366041297219,0.0,0.11797095215185727,1.2180136820862064,0.013995365706745843,22.555192776006454,0.560302089227634,0.059180830099098435,-0.09231978463219409,0.6712475232746662,0.5033694891320898,0.13624089573748682,0.06114175345948853,0.17033828507362928,-0.24047367233965297,0.2574646944638706,0.22304470230540366,Telecom Services,Communication Services,TV
2011Q3,2011,Q3,2011-09-30,2011-09-30,2045100000.0,15963500000.0,4638100000.0,3.616002,9020500000.0,0.5650703166598804,144473400000.0,47229500000.0,45523000000.0,30269700000.0,90436600000.0,1303700000.0,36052400000.0,144415402575.1427,184547702575.1427,83.50787305992785,1.5039131540781705,0.3965193592730565,1.212938947056395,0.03270521268320129,83.50787305992785,0.043301326501445074,9.046600217693031,17.65383142329748,3.0577372738466995,0.0,5.325611720487842,0.0,0.11049438858641106,1.2698275833589365,0.01415554697266071,59.85984283706334,0.5650703166598804,0.13425941464592842,-0.16027200946950265,0.7676145318656029,0.5171788090801019,0.06938780349013657,0.13389886892880906,0.10210531318315749,0.9649085855371927,1.5445839394670446,1.4200182923327722,Telecom Services,Communication Services,TV
2011Q2,2011,Q2,2011-06-30,2011-06-30,1803600000.0,15125700000.0,4208400000.0,3.187985,8435200000.0,0.5576733638773743,144813800000.0,46780400000.0,48952700000.0,36240700000.0,91213700000.0,1238000000.0,33829300000.0,161705238290.6715,196836438290.6715,82.68751936867434,1.3507658516529757,0.3704073783023441,1.1466361980658566,0.03029208919114326,82.68751936867434,0.03855460834024506,10.690760645171563,22.414232408886605,3.4566878070874023,0.0,5.404281098546042,0.0,0.10444929972143539,1.15769287017083,0.012454614132078573,273.4075217445295,0.5576733638773743,1.0369899434330085,-0.23279273172387085,0.5150541981121151,0.4583190337542086,0.5468323330354659,1.0714058478511288,0.652012079582671,0.9453208081847372,1.6104520977944177,1.5001362733005004,Telecom Services,Communication Services,TV
2011Q1,2011,Q1,2011-03-31,2011-03-31,870713000.0,13199613000.0,2547439000.0,1.565047,5453209000.0,0.41313400627730523,137904209000.0,43857720000.0,63808748000.0,14072515000.0,87376517000.0,5498697000.0,34538075000.0,161403361447.33136,188525658447.33136,78.83122835881764,4.534281754185375,0.3889684976910313,1.2230547552403546,0.0195052637240561,78.83122835881764,0.019853129620053207,12.227885881755121,46.342296901312885,3.680158509091019,0.0,1.4087708415284566,0.0,0.09571580951528463,3.29650122952436,0.006313897206719775,62.67694955516655,0.41313400627730523,-0.6684222457627119,-0.3253399833051904,0.7729382619543815,0.4733604127225562,-0.5653362704093023,-0.6682359844465317,-0.4546059655867927,-0.16208798633782026,0.40299865736354784,0.18045616589871416,Telecom Services,Communication Services,TV
2010Q4,2010,Q4,2010-12-31,2010-12-31,2624495000.0,16491059000.0,4670823000.0,4.72,12545811000.0,0.760764423922078,136470627000.0,45064483000.0,59843730000.0,33309062000.0,84612866000.0,1254536000.0,31266773000.0,177897441667.69315,205549523667.69315,81.0003016628556,1.7966200909530265,0.3560811148028213,1.0783350826414673,0.041007288435463314,81.0003016628556,0.058238657703007485,10.787508653488727,16.945873555454778,3.947619717898309,0.0,3.144786598391756,0.0,0.12083962214081423,1.6051799657402541,0.019231207899411205,71.5475945818078,0.760764423922078,0.19661863966770504,0.06520010698235094,0.7209870767601262,0.6223360280387078,0.8118696144772671,0.19555368886754954,0.12510369845789193,-0.08655244180600916,0.3018149570285911,0.23347895370130134,Telecom Services,Communication Services,TV
2010Q3,2010,Q3,2010-09-30,2010-09-30,2195213000.0,14771015000.0,4151460000.0,3.944448,6924235000.0,0.46877178040913237,119485350000.0,42405375000.0,58327222000.0,15033754000.0,70371361000.0,5589271000.0,32795402000.0,131992657820.78552,143229715820.78552,76.19569994838935,3.8797509923336513,0.3559079502215125,1.002839522112468,0.03254895130065195,76.19569994838935,0.051767329023738144,8.935923348584069,15.031873651985654,3.1126397967424064,0.0,1.403900437105304,0.0,0.12362197541372227,3.060211508050484,0.018372235592062122,-297.56693446351676,0.46877178040913237,0.2213962838346248,0.3775475286412978,0.9003143531129797,0.6692926734815822,-0.005201681904925277,0.2166556467019638,-0.0190316545219024,-0.058841421109574576,0.4363419420100712,0.255338191540029,Telecom Services,Communication Services,TV
2010Q2,2010,Q2,2010-06-30,2010-06-30,1804301000.0,14447709000.0,4232002000.0,3.229458,6960441000.0,0.48176780138636516,122961469000.0,40442109000.0,62633990000.0,15245071000.0,76108185000.0,5758711000.0,30600189000.0,126327217145.12547,136360733145.12547,72.38598857180781,4.108474798182311,0.35086988103566,1.066795898304908,0.03569078856180897,72.38598857180781,0.044614414149370896,8.743754262016592,17.503622891236756,3.1236555231361813,0.0,1.3001638734779364,0.0,0.11749785617801947,3.2890683815116373,0.014673710510078567,91.50406438609545,0.48176780138636516,0.7091537633890745,0.47352208443318194,0.9179435353260406,0.6909522157103538,0.3563981103609388,0.7031669467046763,0.6738368974862399,-0.10291747708971084,0.48702531272423305,0.28122223240669214,Telecom Services,Communication Services,TV
2010Q1,2010,Q1,2010-03-31,2010-03-31,1059380000.0,12147045000.0,2528324000.0,1.889507,5131562000.0,0.4224535267630934,123387709000.0,38943608000.0,64473742000.0,13442944000.0,78209693000.0,6334573000.0,28795888000.0,144978176027.81027,151785362027.81027,69.45968493016622,4.796102847709549,0.3474995714524532,1.101006768556216,0.021056160763254242,69.45968493016622,0.02720292377634861,11.93526294072429,34.212977408439436,3.7227720664148602,0.0,1.1074910653014813,0.0,0.0984461507426157,3.9863849019976576,0.008585782235408877,101.85250242045721,0.4224535267630934,-0.1087231132075472,0.8582649898431669,0.9871855134892579,0.42100424943938336,-0.38332444853780623,-0.10837331869985346,-0.4113562030635356,0.4872023896502425,0.5196661224448919,0.12484678626471866,Telecom Services,Communication Services,TV
2009Q4,2009,Q4,2009-12-31,2009-12-31,1188143000.0,15163401000.0,4295168000.0,2.12,8321332000.0,0.5487774147765399,126568376000.0,38169795000.0,68382457000.0,32177330000.0,82096229000.0,1665102000.0,25387240000.0,152289955807.4544,167166410807.4544,68.07951473189217,2.1251749912127575,0.35410064043169837,1.1741730077408066,0.026603555092182467,68.07951473189217,0.031127832884614653,10.043258488478568,32.043692511645155,3.989802822033873,3.350469598356427,4.109099022162006,0.026139852617943583,0.11980402592824609,1.8929254229608237,0.009387360710071842,41.40535053516599,0.5487774147765399,-0.40769747422087066,-0.35854577862794795,0.7997561974756475,0.4340403089631224,0.1377265518184304,-0.41008738394320043,0.074947568636284,-0.49783502672809055,0.39988189676663666,0.12244595687962508,Telecom Services,Communication Services,TV
2009Q3,2009,Q3,2009-09-30,2009-09-30,2014100000.0,13149800000.0,3995700000.0,3.579252,7314000000.0,0.5562061780407307,110054000000.0,41900100000.0,53239200000.0,18070900000.0,61701600000.0,1441200000.0,28626500000.0,143981341613.95224,152455441613.95224,74.46055535599147,2.9461288591049697,0.3380876660548458,0.8880145870773578,0.03599177874730452,74.46055535599147,0.048069097687117694,10.949317983083564,17.871672411244752,3.4363006678731614,0.0,4.0492645018040525,0.0,0.11948498010067785,2.5592139849149738,0.01830101586493903,68.67726736565284,0.5562061780407307,0.10385124130574022,0.4540996209748118,0.7885394310164491,0.6620669106151333,0.16009501549331162,0.10245599016049407,-0.03404871312864072,-0.168806291025099,0.4634427293884552,0.35280629908242767,Telecom Services,Communication Services,TV
2009Q2,2009,Q2,2009-06-30,2009-06-30,1826921000.0,12676889000.0,4136544000.0,3.242513,6304656000.0,0.4973346378594938,111820954000.0,39485508000.0,58044140000.0,10301055000.0,65682421000.0,5352671000.0,29035438000.0,126231968786.931,161052260786.931,70.0809133681189,5.634776243792505,0.327206151362293,0.9266312085943025,0.03930761190129602,70.0809133681189,0.04626813969317553,9.957645664242307,17.273867997977334,3.1969189502875586,0.0,1.1904772402413673,0.0,0.11336774143422171,4.452617523156609,0.01633791283876902,-144.10634316813363,0.4973346378594938,0.6581749358594426,0.7603427913257956,0.7987297775045538,0.0,0.09478641383621587,0.657672624988658,0.5154951456310679,-0.21967011260909636,0.27500346676525395,0.23598253579155645,Telecom Services,Communication Services,TV
2009Q1,2009,Q1,2009-03-31,2009-03-31,1102100000.0,11362400000.0,2729500000.0,1.955471,5758800000.0,0.5068295430542843,122144200000.0,42874000000.0,67291500000.0,28321000000.0,74191400000.0,1535900000.0,30414600000.0,108818595207.32068,115354395207.32068,76.07191285126149,2.376028388828078,0.326247992127338,0.9294514157764613,0.02220246241071627,76.07191285126149,0.02570555581471288,9.577078364370264,24.684374196379796,2.538102234625197,0.0,3.648414610326193,0.0,0.09302447435080831,2.142466720807881,0.009022941736079159,33.41528973669403,0.5068295430542843,-0.6120097222222222,0.05895521316343836,0.6076910056127622,0.0,-0.4619622904590801,-0.6122584179256864,-0.4264385056763571,-0.15703598334006968,0.5065396923150799,0.42178863945854184,Telecom Services,Communication Services,TV
2008Q4,2008,Q4,2008-12-31,2008-12-31,2842357000.0,14471598000.0,4758862000.0,5.04,10703339000.0,0.7396100278628525,122851805000.0,42018842000.0,68558937000.0,30710331000.0,75600129000.0,1612024000.0,29534334000.0,115827699673.96559,120996366673.96559,74.55459454995862,2.232438881886359,0.32783178887766445,0.9584920736273503,0.03911967111475203,74.55459454995862,0.06764481991198139,8.00379472080178,10.18764529525721,2.756565725299274,0.0,2.337594849704471,0.0,0.11779719475835133,2.0350674175410224,0.023136469179268468,15.079728951879515,0.7396100278628525,1.7386987920382113,1.1332926416887403,1.0552303992256342,0.6450624514227029,0.7708082822826837,0.3751002652129783,0.1968791207575139,0.13878612231612236,0.490814621641366,0.49323647333626575,Telecom Services,Communication Services,TV
2008Q3,2008,Q3,2008-09-30,2008-09-30,2067018000.0,12459006000.0,3976059000.0,1.84029,6044324000.0,0.4851369362852863,101168667000.0,38758482000.0,51097446000.0,9834345000.0,57275631000.0,5104294000.0,29230968000.0,268501562360.4434,269707881360.4434,34.507124728974915,5.1958158880942245,0.32945430624286076,0.8599524873032953,0.039644902375048086,34.507124728974915,0.053330726420090444,21.55080127262507,32.47450703869577,6.927556202031942,0.0,1.2567226731062122,0.0,0.12315083680997793,4.562436745914446,0.02043140491314371,74.93699115649387,0.4851369362852863,0.122952120404281,-0.9865913973672219,-0.9901453926344483,-0.992166635694359,-0.07604573664740591,0.12295213777367306,-0.008068306556231914,-0.35730245027516816,-0.20579802272615916,-0.2440191437048335,Telecom Services,Communication Services,TV
2008Q2,2008,Q2,2008-06-30,2008-06-30,1840700000.0,11503600000.0,4008400000.0,1.6387964959160197,6541800000.0,0.5686741541778226,102327500000.0,37147900000.0,51687100000.0,22035900000.0,60226100000.0,1415400000.0,22342500000.0,273232877260.38403,275160577260.38403,33.0732049495511,2.345586066373509,0.3148195744057072,0.8672011069266365,0.04169248557601329,33.0732049495511,0.04955058024814323,23.75194523978442,37.10991433427284,7.355271152888428,,3.5055814610710754,,0.11241943759009064,2.0864453006230743,0.017988321809875155,0.0,0.5686741541778226,-0.12260272101029414,-0.9908999731893129,-0.9913193611815808,0.0,0.37591755179303815,0.7472235405790223,0.6810232753197736,-0.2522576620827426,-0.24038784841848088,-0.22740284005919797,Telecom Services,Communication Services,TV
2008Q1,2008,Q1,2008-03-31,2008-03-31,1053500000.0,9538100000.0,2384500000.0,1.867793,4754500000.0,0.49847453895429905,97263800000.0,37666400000.0,50159900000.0,24585100000.0,55903300000.0,868000000.0,28115300000.0,145410648949.8349,170115348949.8349,66.78030971086608,2.040256090070815,0.26147960495065997,0.675203895248816,0.026406423561658593,66.78030971086608,0.027969224560881845,15.24524265313164,34.5065612125854,3.8604870375144666,,5.511059907834102,,0.09806423355863127,1.8401714859813465,0.010831367888155717,0.0,0.49847453895429905,-0.6380246124031008,0.22186511211448398,0.6885251388119839,0.0,-0.35722369304967444,-0.638328338819917,-0.49809467519390027,0.8369109619204009,0.5510554866343306,0.36618966776807305,Telecom Services,Communication Services,TV
2007Q4,2007,Q4,2007-12-31,2007-12-31,2912863000.0,12842726000.0,4750896000.0,5.16,7396819000.0,0.5759539680282831,98703476000.0,37039113000.0,52026860000.0,25482346000.0,58053176000.0,833996000.0,29795841000.0,146043546445.50385,171254882445.50385,65.66816678938699,2.0416825044287523,0.26397111890973324,0.7034419803735581,0.056879708937539505,65.66816678938699,0.07864289298720517,11.3716937078237,12.534364510578065,3.942954747472053,,6.529895826838498,,0.1301142221171623,1.8595196454831906,0.029511250444715847,0.0,0.5759539680282831,0.26038042971156355,4.119833010996501,1.233793388987096,0.9191161731567133,0.22948356105182674,0.23222767460552476,0.24977534592518547,0.5632005662443248,0.5152069906131245,0.3832472009025588,Telecom Services,Communication Services,TV
2007Q3,2007,Q3,2007-09-30,2007-09-30,2363900000.0,10422400000.0,3801400000.0,4.094002,6016200000.0,0.5772374884863372,77562700000.0,34235400000.0,37716000000.0,15962000000.0,41032700000.0,729000000.0,29850500000.0,144695302015.9553,167642602015.9553,60.69734870004526,2.3628617967673224,0.3041075155970589,0.688976906944274,0.04699615338835125,60.69734870004526,0.06904841187776395,13.883107731036546,15.302603961245746,4.226482004473594,,6.044170096021948,,0.13437386785142857,2.0650858288435034,0.030477278382521497,0.0,0.5772374884863372,0.16419590330638287,5.2883652062673825,1.0040244345522766,0.0,0.07340137025406794,0.16419601083476976,0.09345606213145405,0.7026498153725288,0.41426310525384347,0.3548523020557373,Telecom Services,Communication Services,TV
2007Q2,2007,Q2,2007-06-30,2007-06-30,2030500000.0,9808600000.0,3476500000.0,3.516592,5604800000.0,0.5714169198458495,77803300000.0,31866600000.0,41430000000.0,18799700000.0,43889400000.0,680700000.0,27127500000.0,167954736934.18817,190308936934.18817,56.49760575558814,2.2037585706154887,0.3015553324858971,0.7362567704116536,0.044676049561497955,56.49760575558814,0.06371875254969153,17.123211970534854,20.67898755653634,5.270557164372358,,6.17570148376671,,0.1260692027201931,1.9389724304111235,0.0260978647435263,0.0,0.5714169198458495,1.767856397937523,10.514016040414235,0.9058150798152143,0.0,0.31121768627909696,1.7678571428571428,0.46817855483761983,0.9543968916245228,0.3902488741380357,0.0,Telecom Services,Communication Services,TV
2007Q1,2007,Q1,2007-03-31,2007-03-31,733600000.0,8231900000.0,2367900000.0,1.270511,4274500000.0,0.5192604380519685,81377400000.0,35655000000.0,45704400000.0,22665100000.0,43890700000.0,699300000.0,32877500000.0,189221934513.00003,208859634513.00003,61.75035193977053,2.016509964659322,0.24864643008992668,0.567499649418034,0.026205277431077898,61.75035193977053,0.020574954424344413,22.986422880865902,64.48402893709107,5.30702382591502,,5.659087659087659,,0.10115707800937361,1.797066856091524,0.009014787889512321,0.0,0.5192604380519685,-0.6989310426540284,3.0731622861303007,0.5660532268516677,0.0,-0.3384416256955494,-0.6989356043941612,-0.4308334939790313,-0.3119744342704231,0.13689735786921325,0.0,Telecom Services,Communication Services,TV
