Quarters,Year,Quarter,FillingDate,Date,NetIncome,Revenue,OperatingIncome,EPSDiluted,GrossProfit,GrossProfitRatio,TotalAssets,CommonStockEquity,CurrentAssets,CurrentLiability,TotalLiability,Inventory,RetainedEarnings,MarketCap,EnterpriseValue,bookValuePerShare,currentRatio,debtToAssets,debtToEquity,roic,shareholdersEquityPerShare,roe,priceToSalesRatio,peRatio,pbRatio,payoutRatio,inventoryTurnover,dividendYield,assetTurnover,quickRatio,returnOnAssets,priceToFreeCashFlowsRatio,grossProfitMargin,epsdilutedGrowth,fiveYNetIncomeGrowthPerShare,fiveYRevenueGrowthPerShare,fiveYShareholdersEquityGrowthPerShare,grossProfitGrowth,netIncomeGrowth,operatingIncomeGrowth,threeYNetIncomeGrowthPerShare,threeYRevenueGrowthPerShare,threeYShareholdersEquityGrowthPerShare,Industry,Sector,Symbol
2023Q1,2023,Q1,2023-05-01,2023-03-31,6520000.0,160466000.0,19095000.0,0.25,45523000.0,0.2836924956,885018000.0,331440000.0,237423000.0,95334000.0,553578000.0,116758000.0,348919000.0,653246950.0,1077090950.0,12.68433017559439,2.4904336333312354,0.4927300913653734,1.3156981655804971,0.01913994474409684,12.68433017559439,0.01967173545739802,4.070936833971059,25.047812500000003,1.9709357651460295,0.7004601226993865,0.9844550266362905,0.0069912304986651675,0.18131382638545204,1.1507437010929993,0.007367081799466225,53.66800443641144,0.2836924956065459,1.777777777777778,-0.3226372727906034,0.6595916203466211,-0.004218861933415454,0.24250777880888694,1.6864441697569015,0.5267450227872391,0.1882037724616163,0.7500489342344016,0.07463979492162902,Specialty Industrial Machinery,Industrials,GRC
2022Q4,2022,Q4,2023-03-08,2022-12-31,2427000.0,146001000.0,12507000.0,0.09,36638000.0,0.2509434867,872830000.0,331194000.0,225526000.0,85213000.0,541636000.0,111133000.0,346659000.0,690886008.5400001,1120930008.54,12.281606770313884,2.6466149531174823,0.500472027771731,1.3189459953984675,0.012535043930192247,12.281606770313884,0.0073280313049149445,4.732063537510018,71.16666754635352,2.086046270584612,1.881334981458591,0.9840731375918944,0.006608905005398793,0.1672731230594732,1.1716756832877613,0.002780610199007825,-124.6861592744992,0.25094348668844735,0.0,-0.7096774255030174,0.4606537715470401,-0.03357162815959452,-0.09676305993146464,0.09275101305718145,0.2522026431718062,-0.7187500034765142,0.5056983027941635,0.039413717150920534,Specialty Industrial Machinery,Industrials,GRC
2022Q3,2022,Q3,2022-10-31,2022-09-30,2221000.0,153792000.0,9988000.0,0.09,40563000.0,0.2637523408,870824000.0,326976000.0,225575000.0,94896000.0,543848000.0,105850000.0,348799000.0,620796838.35,1039088838.35,12.530281340792527,2.377075956836958,0.49215455706319533,1.3107384028185556,0.012072490237931438,12.530281340792527,0.0067925474652573885,4.036600332592073,69.87807725686628,1.8986006261927482,1.9977487618190004,1.0697118564005668,0.007147265781496228,0.1766051463900857,1.0706668352722981,0.002550457957061358,207.41625070163715,0.26375234082397003,3.3560209424083767,-0.6131248574662107,0.6254225098550521,0.018034325996648146,0.43641772017422714,3.2299196787148596,8.413760603204524,-0.7699661323741157,0.5680259018987215,0.06678596957129974,Specialty Industrial Machinery,Industrials,GRC
2022Q2,2022,Q2,2022-08-04,2022-06-30,-996000.0,119067000.0,1061000.0,-0.0382,28239000.0,0.2371689889,874300000.0,327370000.0,223463000.0,92148000.0,546930000.0,101134000.0,350956000.0,738038954.5,1153594954.5,12.552956647493598,2.425044493640665,0.494548781882649,1.3207807679384183,0.0011030282628503962,12.552956647493598,-0.0030424290558084123,6.198518099053474,-185.25074159136545,2.254448955310505,-4.4508032128514055,0.8980955959420175,0.006006458023619131,0.136185519844447,1.164127273516517,-0.0011391970719432688,-166.0380100112486,0.23716898888860893,-1.1317241379310345,-1.127304933468793,0.22033154684911985,0.04451587486380782,0.1075420637722085,-1.132042953731937,-0.8373946360153257,-1.0954787001015946,0.1042085613270412,0.0770870844978443,Specialty Industrial Machinery,Industrials,GRC
2022Q1,2022,Q1,2022-05-02,2022-03-31,7543000.0,102167000.0,6525000.0,0.29,25497000.0,0.2495619916,431318000.0,333234000.0,288685000.0,59509000.0,98084000.0,89974000.0,356385000.0,936143752.44,813457752.44,12.772008453655006,4.851114957401402,0.0,0.0,0.01546902378249313,12.772008453655006,0.02263574545214474,9.162877959027867,31.026904164125682,2.8092684193089545,0.5880949224446507,0.8521350612399138,0.0047385884789999866,0.23687163531315641,3.1994656270480095,0.017488256924125586,347.75027950965824,0.24956199164113657,0.15999999999999992,0.5215996585448085,0.12725281556258086,0.1098520423654064,0.140856414157233,0.1528350909368791,-0.18089379864423802,0.03251403810119719,0.04274952708838521,0.10937839967372871,Specialty Industrial Machinery,Industrials,GRC
2021Q4,2021,Q4,2022-02-28,2021-12-31,6543000.0,94164000.0,7966000.0,0.25,22349000.0,0.2373412344,420754000.0,329976000.0,277182000.0,52440000.0,90778000.0,85648000.0,353369000.0,1165962600.0,1040768600.0,12.607977991746905,5.285697940503432,0.0,0.0,0.019828714815622955,12.607977991746905,0.019828714815622955,12.382254364725373,44.55,3.5334769801440102,0.6787406388506801,0.838490099009901,0.0038088700272204275,0.22379822889384296,3.503794813119756,0.015550654301563384,-5047.457142857143,0.2373412344420373,-0.26470588235294124,0.31865329442026114,0.018143765984842877,0.109658201930416,-0.13486625633879146,-0.2549533135959918,-0.3098249870039854,-0.30555554384485667,-0.07946398934483774,0.1335857907299547,Specialty Industrial Machinery,Industrials,GRC
2021Q3,2021,Q3,2021-11-01,2021-09-30,8782000.0,102110000.0,11542000.0,0.34,25833000.0,0.25299187151111546,421881000.0,329476000.0,278540000.0,54774000.0,92405000.0,81413000.0,351352000.0,924951243.72,793831243.72,12.755845932536134,5.085259429656406,0.0,0.0,0.027826122192817014,12.755845932536134,0.026654445240320995,9.058380606404858,26.330882592803462,2.8073402727968046,0.461170576178547,0.9369142520236325,0.004378609172643062,0.24203507624187864,3.467648884507248,0.020816296538597377,81.45761723645971,0.25299187151111546,0.25925925925925924,0.2592592696027826,0.11031358347196933,0.08711053415567299,0.0470149556195031,0.2374242637734254,0.08743169398907104,-0.17073171487132757,0.0027863967672398576,-0.042593500184928676,Specialty Industrial Machinery,Industrials,GRC
2021Q2,2021,Q2,2021-07-26,2021-06-30,7097000.0,93015000.0,10614000.0,0.27,24673000.0,0.265258291673386,416417000.0,324956000.0,271324000.0,51838000.0,91461000.0,81742000.0,346581000.0,905261771.4,780967771.4,12.362705455563656,5.234075388710984,0.0,0.0,0.02601958523302555,12.362705455563656,0.021839879860658058,9.732427795516852,31.888888664224314,2.7857979892662392,0.5703818514865436,0.8360695847911722,0.0044716347557013396,0.22336984321005146,3.5272194143292563,0.017043012172893997,77.07635346104725,0.265258291673386,-0.03571428571428574,0.0638335739602094,-0.0411703579032847,0.08876588884563019,0.07078378612967624,-0.04468972943868623,0.18288197927114677,-0.30769231302285716,-0.17457102602822078,-0.05033053221668309,Specialty Industrial Machinery,Industrials,GRC
2021Q1,2021,Q1,2021-04-26,2021-03-31,7429000.0,89027000.0,8973000.0,0.28,23042000.0,0.2588203578689611,401185000.0,318630000.0,255756000.0,42751000.0,82555000.0,79010000.0,343532000.0,878479254.73,761965254.73,12.009207096464088,5.98245655072396,0.0,0.0,0.022452187295176857,12.009207096464088,0.023315444245676803,9.86755989452638,29.56250015917351,2.7570512968960865,0.5447570332480819,0.8351474496899127,0.004606824780676059,0.2219100913543627,3.9877663680381747,0.018517641487094484,68.53481469261976,0.2588203578689611,0.07692307692307698,0.16666666038497777,-0.12396512683113127,0.07535020696833039,0.08244468454925541,0.09137652416629939,0.06365576102418208,-0.23990283865638806,-0.09321359991041873,-0.057219282039547355,Specialty Industrial Machinery,Industrials,GRC
2020Q4,2020,Q4,2021-03-01,2020-12-31,6807000.0,82500000.0,8436000.0,0.26,21287000.0,0.25802424242424243,394457000.0,315513000.0,246821000.0,38501000.0,78944000.0,82686000.0,340098000.0,849565954.0500001,741362954.0500001,12.051326681809844,6.410768551466195,0.0,0.0,0.02195434744856154,12.051326681809844,0.021574388377024085,10.297769140000002,31.20192280189511,2.6926496025520343,0.5943881298663141,0.7403067024647462,0.0047624318991505606,0.20914827218175872,4.12887976935664,0.01725663380292402,47.846697119283625,0.25802424242424243,-0.07142857142857148,0.2380952443468706,-0.19319058362556993,0.06208666485076093,-0.07330982543206652,-0.06252582288940917,-0.13414759314379554,-0.1612903225820417,-0.1498603418568837,-0.051692157106845306,Specialty Industrial Machinery,Industrials,GRC
2020Q3,2020,Q3,2020-10-26,2020-09-30,7261000.0,88982000.0,9743000.0,0.28,22971000.0,0.2581533343822346,393422000.0,319631000.0,241447000.0,46008000.0,73791000.0,82504000.0,337337000.0,763960932.78,670295932.78,12.325668572782435,5.247935141714485,0.0,0.0,0.02459495282906703,12.325668572782435,0.022716820333447005,8.585567112224943,26.30357157347473,2.3901340382503573,0.5214157829500069,0.8000945408707456,0.004955750795034784,0.22617443864349224,3.337571726656234,0.01845600906914204,64.79736495165395,0.2581533343822346,0.2727272727272728,0.27272728299378485,-0.11816171410470679,0.14314942708821804,0.05135246464369079,0.28878239261625843,0.08291652773146604,0.2727272746442535,-0.05365098469796555,0.0014103719363885861,Specialty Industrial Machinery,Industrials,GRC
2020Q2,2020,Q2,2020-07-27,2020-06-30,5634000.0,85814000.0,8997000.0,0.22,21849000.0,0.25460880509007855,386922000.0,313324000.0,234184000.0,45766000.0,73598000.0,82694000.0,333823000.0,795930548.28,710145548.28,12.234873935978438,5.116986409124678,0.0,0.0,0.022892109233959276,12.234873935978438,0.017981386679603223,9.275066402684876,35.31818194355697,2.5402795453907134,0.6712815051473199,0.7735144024959489,0.004751670868988349,0.2217863031825536,3.1939868024297513,0.014561074325057764,116.16032520140105,0.25460880509007855,0.047619047619047665,-0.1200000031238907,-0.14475629531139964,0.11949231616609252,-0.06819344933469805,0.026977761574917974,0.04896817068905212,-0.2666666692699089,-0.10433983510096084,0.018048608941747358,Specialty Industrial Machinery,Industrials,GRC
2020Q1,2020,Q1,2020-04-27,2020-03-31,5486000.0,91671000.0,8577000.0,0.21,23448000.0,0.25578427201623194,382347000.0,308348000.0,229498000.0,44864000.0,73999000.0,77782000.0,331971000.0,815324110.1,732888110.1,11.80333190296515,5.11541547788873,0.0,0.0,0.02214781338703073,11.80333190296515,0.01779158612995706,8.894024392665074,37.15476258202698,2.6441686344649553,0.6890266131972294,0.8771052428582449,0.004636193083430809,0.2397586485574622,3.2393901569186876,0.014348222949310444,120.52093275683666,0.25578427201623194,-0.34375000000000006,-0.2500000095474515,-0.08121414585131842,0.07982175510130995,-0.07605012215304595,-0.3420484528663948,-0.14639729299363058,0.10526314865855128,0.010174145682913924,0.02567674197504741,Specialty Industrial Machinery,Industrials,GRC
2019Q4,2019,Q4,2020-03-02,2019-12-31,8338000.0,93692000.0,10048000.0,0.32,25378000.0,0.2708662425820774,382760000.0,307878000.0,227665000.0,45495000.0,74882000.0,75997000.0,330177000.0,977109375.0,897114375.0,11.815898296953707,5.004176283108034,0.0,0.0,0.025715507718119143,11.815898296953707,0.027082155918902943,10.428952044998505,29.296875,3.1736901467464382,0.4544255217078436,0.8989039041014777,0.0038777644519069326,0.24478001881074302,3.2088800967139246,0.021783885463475806,1037.2710987261146,0.2708662425820774,-0.13513513513513511,0.06666665314401625,-0.09935323630180971,0.10182875519453237,-0.016051488833746897,-0.14700767263427109,-0.1366214126138512,0.6878762168579343,0.01754052980011145,0.039945379582125136,Specialty Industrial Machinery,Industrials,GRC
2019Q3,2019,Q3,2019-10-29,2019-09-30,9775000.0,99298000.0,11638000.0,0.37,25792000.0,0.25974339865858326,387417000.0,310312000.0,228246000.0,51202000.0,77105000.0,73599000.0,325880000.0,919114192.01,833992192.01,11.745825027890051,4.457755556423577,0.0,0.0,0.030788901547036625,11.745825027890051,0.03150055428085282,9.256119881669319,23.506756828900254,2.9619034778223208,0.36092071611253196,0.998736395874944,0.003838478429197855,0.2563078027035468,2.914085387289559,0.025231210814187298,33.672120164492966,0.25974339865858326,-0.07500000000000007,0.027777757201664744,-0.1053998820825648,0.08551015848126643,-0.0851305334846765,-0.06727099236641221,-0.11860042411390488,0.370370389904264,0.055643685899138734,0.001032012122293985,Specialty Industrial Machinery,Industrials,GRC
2019Q2,2019,Q2,2019-07-30,2019-06-30,10480000.0,108330000.0,13204000.0,0.4,28192000.0,0.26024185359549523,380596000.0,305349000.0,220861000.0,49094000.0,75247000.0,78809000.0,319600000.0,856478000.0,794921000.0,11.654541984732825,4.498737116551921,0.0,0.0,0.03373126476350806,11.654541984732825,0.03432138307313926,7.906194036739592,20.43125,2.8049150316523055,0.33654580152671754,1.0168635561928205,0.0041180275500363114,0.2846325237259456,2.8036216238236853,0.027535759703202347,64.08365132809577,0.26024185359549523,0.4285714285714285,0.1764706094808127,-0.018060340489404494,0.0913168531528629,0.20928237464075838,0.45112157297147604,0.4753072625698324,0.5760497280966766,0.12033254244109068,0.02639893902720286,Specialty Industrial Machinery,Industrials,GRC
2019Q1,2019,Q1,2019-04-29,2019-03-31,7222000.0,96859000.0,8950000.0,0.28,23313000.0,0.24069007526404362,369344000.0,296947000.0,207991000.0,45521000.0,72397000.0,85359000.0,312645000.0,882631566.54,832733566.54,11.512761071795962,4.569121943718284,0.0,0.0,0.02355242411480252,11.512761071795962,0.0243208383987715,9.112540564531947,30.55357125934644,2.9723538764156565,0.4882304070894489,0.8616080319591373,0.003994871851028687,0.2622460362155606,2.5437490389051205,0.01955358690001733,91.37918692825343,0.24069007526404362,-0.22222222222222213,-0.26315788621426134,-0.10626394013090477,0.11191149807549326,-0.12102703314104739,-0.23882799325463744,-0.16167103784188835,0.166666673128404,-0.019579201071410528,0.03089653645642305,Specialty Industrial Machinery,Industrials,GRC
2018Q4,2018,Q4,2019-03-04,2018-12-31,9488000.0,103010000.0,10676000.0,0.36,26523000.0,0.25747985632462866,368282000.0,293132000.0,208686000.0,48465000.0,75150000.0,87387000.0,308914000.0,854183569.9599999,807725569.9599999,11.122208918681132,4.305911482513154,0.0,0.0,0.030253655284399092,11.122208918681132,0.032367670537505285,8.292239296767303,22.506944823988192,2.913989499474639,5.87689713322091,0.8752674882991749,0.06527870818518688,0.2797041397624646,2.3557618900237283,0.025762866499041494,625.775509128205,0.25747985632462866,-0.1219512195121951,0.28571427837425006,0.09285060780704538,0.0785471348332295,-0.02942145131188934,-0.11335389215961125,-0.18628048780487805,0.7142856789226292,0.0007062520929435819,-0.019796733745050504,Specialty Industrial Machinery,Industrials,GRC
2018Q3,2018,Q3,2018-10-30,2018-09-30,10701000.0,102893000.0,13120000.0,0.41,27327000.0,0.26558658023383513,423811000.0,347739000.0,261588000.0,54043000.0,76072000.0,82044000.0,353116000.0,938295000.0000001,836914000.0000001,13.323333333333334,4.840367855226394,0.0,0.0,0.02957389445541525,13.323333333333334,0.030773079809857395,9.11913346874909,21.920731707317078,2.698273705278959,0.3050182225960191,0.9210423675101165,0.0034786501047112043,0.2427803903154944,3.220454082859945,0.025249462614231343,46.82110778443114,0.26558658023383513,0.05128205128205118,0.34868421595771437,0.01835657875148632,0.3726902239811008,-0.08498242089402311,0.051902093777646714,-0.12492496498365904,0.8636363889360257,0.013142462374239456,0.23567827391834248,Specialty Industrial Machinery,Industrials,GRC
2018Q2,2018,Q2,2018-07-31,2018-06-30,10173000.0,111827000.0,14993000.0,0.39,29865000.0,0.2670643046849151,410547000.0,339567000.0,242494000.0,48185000.0,70980000.0,79418000.0,345647000.0,912961525.0,829240525.0,13.017903465318541,5.0325620006226,0.0,0.0,0.03568817832642626,13.017903465318541,0.029958741573827847,8.164052733239737,22.43589710508208,2.6886049733925854,0.32084930698908876,1.0320330403686822,0.0035751780448798217,0.27238537853156886,3.2744422538134272,0.024779136128141237,-161.1867099223164,0.2670643046849151,0.054054054054054106,0.13372095585274246,0.07368172028850023,0.4073366778588264,0.13962451347019766,0.057814287199750444,0.2652320675105485,0.5600000230020645,0.09417842371089213,0.19113960456598686,Specialty Industrial Machinery,Industrials,GRC
2018Q1,2018,Q1,2018-05-01,2018-03-31,9617000.0,96604000.0,11850000.0,0.37,26206000.0,0.27127241108028655,405116000.0,332548000.0,238427000.0,49263000.0,72568000.0,79132000.0,338732000.0,763618722.75,675229722.75,12.738070335638584,4.839879828674665,0.0,0.0,0.0270774124304624,12.738070335638584,0.028919133478475287,7.904628408243965,19.85075186518665,2.2962661713497,0.33929499844026206,0.8896274579184148,0.00427307490346628,0.23846009538008867,3.1144469480137222,0.023738879728275358,52.58357820892439,0.27127241108028655,0.1935483870967742,0.661805704414815,0.050436146891886295,0.39994418915774776,0.039673093707847336,0.21120906801007558,0.028288788615064214,0.3156212797141519,-0.031135018320521884,0.1653358203862583,Specialty Industrial Machinery,Industrials,GRC
2017Q4,2017,Q4,2018-02-23,2017-12-31,7940000.0,94938000.0,11524000.0,0.31,25206000.0,0.2654995892055868,395015000.0,325495000.0,227934000.0,45696000.0,69520000.0,74967000.0,332378000.0,799378702.63,719698702.63,12.708243185085268,4.9880514705882355,0.0,0.0,0.022865790578383834,12.708243185085268,0.02439361587735603,8.420007822262951,25.169354616813603,2.455886273614034,0.4110831234256927,0.9301692744807716,0.004083171079316049,0.24034024024404135,3.217984068627451,0.020100502512562814,115.20085064562618,0.2654995892055868,0.40909090909090906,1.2794117798569578,0.13375768881160993,0.4682137052530811,-0.03790221000801557,0.3924938618028762,0.46634431861559994,0.033333329343257244,-0.07157854247614343,0.18503963197972664,Specialty Industrial Machinery,Industrials,GRC
2017Q3,2017,Q3,2017-10-31,2017-09-30,5702000.0,93976000.0,7859000.0,0.22,26199000.0,0.27878394483697966,396664000.0,319009000.0,225123000.0,47280000.0,77655000.0,73803000.0,327701000.0,844155187.74,768197187.74,12.308309278791237,4.761484771573604,0.0,0.0,0.01765396283501859,12.308309278791237,0.017874103865408185,8.982667784753554,37.0113638960014,2.6461798499101907,0.52648193616275,0.9183502025662913,0.003556218149931712,0.23691587842607345,3.044035532994924,0.014374886553859186,106.45084334678437,0.27878394483697966,-0.26666666666666666,-0.14062502243180716,0.03661447401510244,0.37078088742535964,0.002065404475043029,-0.2734454638124363,-0.31625195754306595,-0.3888889035347963,-0.13698982988658104,0.13749308576727282,Specialty Industrial Machinery,Industrials,GRC
2017Q2,2017,Q2,2017-08-02,2017-06-30,7848000.0,97872000.0,11494000.0,0.3,26145000.0,0.2671346248160863,393466000.0,314390000.0,215481000.0,47951000.0,79076000.0,66781000.0,324974000.0,666295200.0,599321200.0,12.017966360856269,4.493774895205522,0.0,0.0,0.024300874369238407,12.017966360856269,0.024962626037723847,6.807822461991172,21.225,2.1193269506027543,0.0,1.0740629819858942,0.0,0.24874322050698155,2.9166857834038913,0.019945814886165515,51.0884220211624,0.2671346248160863,0.5789473684210525,0.04011427061310769,0.06030399549246507,0.37552423562107706,0.23354564755838642,0.5494570582428431,0.6464689872511101,-0.11764704288939055,-0.11149868940312124,0.12534746087898635,Specialty Industrial Machinery,Industrials,GRC
2017Q1,2017,Q1,2017-05-03,2017-03-31,5065000.0,92603000.0,6981000.0,0.19,21195000.0,0.22888027385721846,386288000.0,306775000.0,209359000.0,48763000.0,79513000.0,68030000.0,320105000.0,837057903.0,776606903.0,11.507847862706338,4.293398683428009,0.0,0.0,0.015745847533368693,11.507847862706338,0.016510471844185477,9.039209345269592,41.31578988153998,2.7285727422377963,0.0,1.0496545641628694,0.0,0.23972528269063498,2.8301170969792673,0.013111978627345401,110.1391977631579,0.22888027385721846,0.002176503759398493,-0.5131982237294789,-0.11357619824788114,0.35379304634133946,-0.08713067447669912,0.0021764938662445586,-0.013983050847457627,-0.5000000019219704,-0.17326189750501644,0.11143697648635116,Specialty Industrial Machinery,Industrials,GRC
2016Q4,2016,Q4,2017-03-03,2016-12-31,5054000.0,94203000.0,7080000.0,0.18958736239301716,23218000.0,0.24646773457320892,382818000.0,302888000.0,203900000.0,49352000.0,79930000.0,69049000.0,318041000.0,825061850.25,767457850.25,11.362037400177321,4.131544820878586,0.0,0.0,0.016433041201523117,11.362037400177321,0.01668603576239402,8.758339439826758,40.81231946230708,2.7239832883772217,0.5937870993272655,1.0280380599284566,0.0036373030689646774,0.2460777706377443,2.614443183660237,0.013202096035191657,-21155.43205769231,0.24646773457320892,-0.29782458372956616,-0.025561214440113895,-0.0034461598262762443,0.388147624000722,0.024172915747684164,-0.2703912227515519,-0.28129123946807433,-0.3229022696151163,-0.01191916862579568,0.10180387488013308,Specialty Industrial Machinery,Industrials,GRC
2016Q3,2016,Q3,2016-11-03,2016-09-30,6927000.0,91346000.0,9851000.0,0.27,22670000.0,0.248177260088017,387349000.0,301035000.0,218240000.0,55430000.0,86314000.0,74524000.0,316157000.0,657038789.16,593357789.16,11.733715691057329,3.9372181129352337,0.0,0.0,0.02179172778735512,11.733715691057329,0.0230106133838258,7.192857806143673,23.712963373754874,2.1825993295131796,0.3954092680814205,0.9215286350705812,0.00416870365218728,0.23582350799924615,2.481869023994227,0.017883097671608807,42.247864529320985,0.248177260088017,0.08000000000000007,-0.07458067703739554,0.035498208610699834,0.4105593404696085,-0.024526678141135974,0.04637462235649547,0.0328161040050325,-0.11184211707240109,-0.08026512560791554,0.2089134465915467,Specialty Industrial Machinery,Industrials,GRC
2016Q2,2016,Q2,2016-08-03,2016-06-30,6620000.0,96265000.0,9538000.0,0.25,23240000.0,0.24141692203812393,371984000.0,296174000.0,202329000.0,46643000.0,75810000.0,75551000.0,311766000.0,714952106.43,665411106.43,11.354787638205014,4.337821323671291,0.0,0.0,0.022133592139324944,11.354787638205014,0.022351725674772262,7.426916391523398,26.99970190445619,2.4139597210761243,0.41374622356495466,0.9665656311630554,0.0038310258482582315,0.25878801238762955,2.6631434513217416,0.01779646436405867,58.86317359048246,0.24141692203812393,0.041666666666666706,-0.25406906549938163,0.0504599885177927,0.3914329773245775,0.01498012840110058,0.05380452085323145,0.033593411356740356,-0.26221191750685935,-0.07569816175896085,0.22754091356698286,Specialty Industrial Machinery,Industrials,GRC
2016Q1,2016,Q1,2016-05-04,2016-03-31,6282000.0,100257000.0,9228000.0,0.24,22897000.0,0.22838305554724359,371323000.0,292315000.0,198897000.0,46379000.0,79008000.0,77293000.0,307885000.0,678717750.0,638526750.0,11.167717287488061,4.288514198236271,0.0,0.0,0.02141856310857706,11.167717287488061,0.02149051536869473,6.769779167539424,27.010416666666668,2.321871097959393,0.43600764087870103,1.00086683140776,0.004035550860427622,0.2699994344546392,2.549645313611764,0.016917885506688247,35.9147925706424,0.22838305554724359,0.14285714285714285,-0.1156482090181205,0.19508587995171126,0.42226525974558327,0.07943616820667547,0.18260542168674698,0.3266244968372628,0.08268611894121689,0.08730969660890606,0.2273586587941905,Specialty Industrial Machinery,Industrials,GRC
2015Q4,2015,Q4,2016-03-11,2015-12-31,5312000.0,98796000.0,6956000.0,0.21,21212000.0,0.2147050487874003,364201000.0,287021000.0,189391000.0,43460000.0,77180000.0,82818000.0,304341000.0,676141711.74,652417711.74,11.346839274649245,4.357823285780028,0.0,0.0,0.01730338340609973,11.346839274649245,0.018507356604569005,6.843816670108102,31.821428451618974,2.3557220960835616,0.515625,0.9368011784877683,0.004050925941177906,0.2712677889407223,2.3120570639668663,0.014585352593760039,-115.9365075,0.2147050487874003,-0.0454545454545455,-0.42944196056543443,0.20977999188797805,0.4894925404782836,-0.09008236101578586,-0.09859154929577464,-0.22270644764778189,0.5441176495230234,0.19464690721472688,0.31092745800584637,Specialty Industrial Machinery,Industrials,GRC
2015Q3,2015,Q3,2015-10-28,2015-09-30,5893000.0,104229000.0,8949000.0,0.22,23312000.0,0.22366136104155274,377824000.0,288816000.0,200207000.0,52788000.0,89008000.0,82790000.0,301768000.0,642069145.0799999,610217145.0799999,10.782202466896964,3.7926612108812607,0.005214067925806725,0.006820951747825605,0.020044021681216308,10.782202466896964,0.02040399423854634,6.160177542526552,27.238636733412523,2.2231079478976232,0.44255896826743596,0.9773764947457423,0.004061867822156523,0.27586654103497926,2.052852921118436,0.015597209282628949,25.842992355805993,0.22366136104155274,-0.12,-0.07094594599979669,0.36761978047401817,0.4906642232383377,-0.03433991963878878,-0.11102730426912052,-0.09450571688758475,-0.14062502806960436,0.1124478290665976,0.20081781593193976,Specialty Industrial Machinery,Industrials,GRC
2015Q2,2015,Q2,2015-07-29,2015-06-30,6629000.0,103892000.0,9883000.0,0.25,24141000.0,0.232366303468987,382077000.0,289792000.0,205574000.0,56669000.0,92285000.0,93224000.0,299753000.0,744569280.0,724580280.0,10.928948559360386,3.6276270977077414,0.01570364088914015,0.02070450530035336,0.02245191042726946,10.928948559360386,0.022875027606007067,7.166762407115081,28.08,2.569323100706714,0.3961381807210741,0.8554771303526989,0.00352687126710358,0.2719137765424247,1.8135841465351428,0.01734990590901834,127.40747433264887,0.232366303468987,-0.10714285714285723,0.1523668670438473,0.4112880778693066,0.5663511320370926,0.009450135897971983,-0.08879725085910653,-0.06790530981797605,-0.13323810782241022,0.11041103984702574,0.2508799876674956,Specialty Industrial Machinery,Industrials,GRC
2015Q1,2015,Q1,2015-04-29,2015-03-31,7275000.0,99233000.0,10603000.0,0.28,23915000.0,0.24099845817419607,382814000.0,284006000.0,205207000.0,63737000.0,98808000.0,97202000.0,295750000.0,778165182.85,759864182.85,10.930815060174213,3.219589877151419,0.023510111960377625,0.03168947134919685,0.02412354286998409,10.930815060174213,0.02561565600726745,7.8417984223998065,26.74107157560137,2.739960362985289,0.3609621993127148,0.7748605995761404,0.0033746048498114194,0.25921988224046144,1.5515948350251816,0.019004007167971914,102.85027529077452,0.24099845817419607,-0.06666666666666654,0.620370389133887,0.5108690629351439,0.5821470536679058,-0.04473736768524066,-0.07771298174442191,-0.05084594038134455,-0.282607905516536,-0.025406842514313147,0.2859104148624825,Specialty Industrial Machinery,Industrials,GRC
2014Q4,2014,Q4,2015-03-09,2014-12-31,7888000.0,104974000.0,11171000.0,0.3,25035000.0,0.23848762550726846,380904000.0,281967000.0,200709000.0,64346000.0,98937000.0,94760000.0,291101000.0,844541855.9599999,832050855.9599999,10.723897194775573,3.119214869611165,0.03150400100812803,0.042558171700943725,0.026310086506427962,10.723897194775573,0.027974904864753677,8.045247927677329,26.766666327332654,2.995179776214947,0.3329107505070994,0.8435943436048966,0.0031093781574804214,0.27559175015226933,1.4798899698504957,0.020708629996009493,-596.427864378531,0.23848762550726846,-0.16666666666666666,1.0992987090553439,0.6703363425659855,0.5775810865118629,-0.1079954393215991,-0.16431825405233605,-0.20320970042796005,0.5419363172951809,0.1258952603581581,0.31018336647293515,Specialty Industrial Machinery,Industrials,GRC
2014Q3,2014,Q3,2014-10-29,2014-09-30,9439000.0,110159000.0,14020000.0,0.36,28066000.0,0.25477718570430014,387162000.0,283709000.0,206234000.0,71879000.0,103453000.0,92291000.0,285839000.0,787632097.76,771603097.76,10.820557445840576,2.8691829324281084,0.0443406119402214,0.06050918370583944,0.030798377213666215,10.820557445840576,0.03327000553383925,7.1499568601748384,20.861110757495496,2.7761970813756345,0.2503443161351838,0.8895016848880173,0.0030001316689864405,0.28452947345039026,1.4426744946368202,0.02437997530749402,73.30219616193578,0.25477718570430014,0.058823529411764594,0.8145161597900276,0.7104172837294026,0.6478867798085826,0.043190603627713355,0.06534988713318285,0.044631547574696374,0.23389247290780948,0.2219058815065357,0.30078474510430525,Specialty Industrial Machinery,Industrials,GRC
2014Q2,2014,Q2,2014-07-30,2014-06-30,8860000.0,109728000.0,13421000.0,0.34,26904000.0,0.2451881014873141,385634000.0,278291000.0,205258000.0,76024000.0,107343000.0,88376000.0,278737000.0,921700604.8799999,914921604.8799999,10.679338407596598,2.6999105545617175,0.058778530938662046,0.0814507116651275,0.0298688512379598,10.679338407596598,0.031837177630609684,8.399866988188975,26.00735341083521,3.312002920971213,0.22957110609480813,0.9371775142572644,0.002206790349524415,0.2845392263130326,1.3885746606334841,0.022975152605838697,98.55652319076133,0.2451881014873141,-0.1052631578947368,0.8318964945534413,0.6156201890720581,0.6864081164802484,-0.023590041373303332,-0.10990556560176813,-0.08657183692914994,-0.0007194085218896042,0.198510008502288,0.30866239949229707,Specialty Industrial Machinery,Industrials,GRC
2014Q1,2014,Q1,2014-04-30,2014-03-31,9954000.0,110064000.0,14693000.0,0.38,27554000.0,0.2503452536705917,357805000.0,271221000.0,191209000.0,55682000.0,86584000.0,88933000.0,271911000.0,832730689.23,816143689.23,10.354026459589955,3.433946338134406,0.014429647433657999,0.019036136582344286,0.03567758917240232,10.354026459589955,0.036700697954804386,7.5658770281836025,20.914473810277276,3.070303144778612,0.27044404259594135,0.9277770906187804,0.0032327378284679386,0.30760889311217005,1.6864695952013218,0.027819622420033257,-281.9948151811717,0.2503452536705917,0.35714285714285704,1.2015309987137923,0.532014081077899,0.6766364948666624,0.28367109247612393,0.3878973786949247,0.8117139334155363,0.4002236606144758,0.3109989691835296,0.3186376188498308,Specialty Industrial Machinery,Industrials,GRC
2013Q4,2013,Q4,2014-03-10,2013-12-31,7172000.0,91607000.0,8110000.0,0.28,21465000.0,0.23431615487899396,355638000.0,264140000.0,189289000.0,60760000.0,91498000.0,89946000.0,264648000.0,856285580.98,834162580.98,10.312214051174411,3.1153554970375246,0.025306632024699273,0.03407284016052094,0.02011420707909158,10.312214051174411,0.02715226773680624,9.34738154267687,29.848214618655884,3.241786859165594,0.3293363078639152,0.7798234496253308,0.002758425521187386,0.25758495998740294,1.4935813034891376,0.020166573875682575,-265.84463861533686,0.23431615487899396,-0.07894736842105252,0.5340076303180987,0.15273988248716117,0.6975164646370265,-0.12334082091076169,-0.09740750062924743,-0.3262440807510177,-0.239255958770538,0.10777666488977314,0.3536779303251774,Specialty Industrial Machinery,Industrials,GRC
2013Q3,2013,Q3,2013-10-28,2013-09-30,7946000.0,101186000.0,12037000.0,0.304,24485000.0,0.24198011582630008,345661000.0,253697000.0,188649000.0,59364000.0,91964000.0,81147000.0,259838000.0,838930319.1679999,814367319.1679999,9.70600147110596,3.1778350515463916,0.026037071003092625,0.03547538993366102,0.030424707877330565,9.70600147110596,0.031320827601430054,8.29097226066847,26.394736948401707,3.306820022183943,0.26440976591995974,0.945210543827868,0.0025043796272420384,0.29273189627988117,1.6560036385688295,0.022987840687841557,56.292714162786005,0.24198011582630008,-0.11627906976744182,0.07459899580780244,0.2003795968841585,0.5292663418144794,-0.07537479702428156,-0.13328970331588133,-0.10949175112820893,0.28378379596725395,0.3606173916801451,0.341876966983001,Specialty Industrial Machinery,Industrials,GRC
2013Q2,2013,Q2,2013-07-29,2013-06-30,9168000.0,106415000.0,13517000.0,0.344,26481000.0,0.2488464972043415,342786000.0,246524000.0,186726000.0,63619000.0,96262000.0,84689000.0,253964000.0,684615075.1439999,672764075.1439999,9.25002785056697,2.935066568163599,0.04375908000910189,0.06084600282325453,0.035110603845788436,9.25002785056697,0.03718907692557317,6.433445239336559,18.66860479777487,2.777072719670296,0.22894851657940662,0.9438533930026332,0.00306595644210508,0.3104414999445718,1.5320894701268488,0.026745549701563075,41.826434209677416,0.2488464972043415,0.5357142857142856,0.1371603771365522,0.2401167290051434,0.49932166058727356,0.24769129287598945,0.5757992437263665,0.6370352428242703,0.5856567965995318,0.4382297241961827,0.3257260308633169,Specialty Industrial Machinery,Industrials,GRC
2013Q1,2013,Q1,2013-04-29,2013-03-31,5818000.0,92457000.0,8257000.0,0.224,21224000.0,0.2295553608704587,334439000.0,238813000.0,177147000.0,61411000.0,95626000.0,92313000.0,246896000.0,616258803.6800001,618794803.6800001,9.098984398301067,2.8846135057237303,0.056811556068520716,0.07956015794785042,0.02264903441605507,9.098984398301067,0.024362157838978615,6.665355826816791,26.480697992437264,2.5805077767123232,0.36094877964936406,0.7716464636616728,0.00340765922930401,0.27645400207511683,1.2978456628291348,0.017396296484560713,466.5093139137018,0.2295553608704587,0.6470588235294117,-0.1910967483317288,0.12897519487941556,0.5362157802523285,0.12260657992171797,0.5775488069414316,0.5410600970511384,0.28281769601574946,0.3935431785283086,0.3170043842012304,Specialty Industrial Machinery,Industrials,GRC
2012Q4,2012,Q4,2013-03-04,2012-12-31,3688000.0,88657000.0,5358000.0,0.136,18906000.0,0.21324881284049765,335183000.0,234719000.0,175675000.0,64821000.0,100464000.0,90898000.0,243178000.0,647135528.008,649016528.008,8.655581363678051,2.710155659431357,0.06563578701783802,0.09372909734618842,0.014422428894346395,8.655581363678051,0.01571240504603377,7.299316782746992,43.86764696366594,2.7570649500381306,0.56941431670282,0.7673546172633061,0.003245069864212492,0.26450327134729384,1.2200521435954397,0.011002944660081209,66.30486967295082,0.21324881284049765,-0.46875,-0.3831430448906259,0.1106414393495944,0.5116275493529223,-0.13394411360513056,-0.45004473605726214,-0.46966247649213105,-0.048317928562126154,0.36781969994460056,0.2733133490644973,Specialty Industrial Machinery,Industrials,GRC
2012Q3,2012,Q3,2012-10-29,2012-09-30,6706000.0,91626000.0,10103000.0,0.256,21830000.0,0.23825115141990263,314582000.0,235209000.0,162639000.0,48974000.0,79373000.0,81790000.0,241590000.0,570219551.616,563439551.616,8.979049381049556,3.320925388981909,0.02543057136136206,0.03401230395095426,0.027469672223006707,8.979049381049556,0.028510813786887405,6.223337825682667,21.257812094243963,2.4243100885425304,0.31315240083507306,0.853356156009292,0.003682791994852874,0.29126269144452005,1.5381835259525463,0.021317176443661746,103.16981212520356,0.23825115141990263,-0.11111111111111102,0.22036567662692208,0.22326813827502054,0.6416565082764548,-0.04005980387845741,-0.11390063424947146,-0.12101966243257352,0.2903226052740448,0.4239696126167908,0.36743941745512937,Specialty Industrial Machinery,Industrials,GRC
2012Q2,2012,Q2,2012-07-30,2012-06-30,7568000.0,92583000.0,11494000.0,0.288,22741000.0,0.24562824708639816,320382000.0,229247000.0,171197000.0,60090000.0,91135000.0,85439000.0,236956000.0,625528605.4399999,618288605.4399999,8.737008079999342,2.8490098186054253,0.028091465812686105,0.03925896522091892,0.031510396536732425,8.737008079999342,0.03301242764354605,6.756408902714321,20.66360350951374,2.728622862850986,0.27735200845665964,0.8174487060944066,0.0033555619707008487,0.28897690881510196,1.3214178731902146,0.023621801474489827,-894.8907087839771,0.24562824708639816,-0.26530612244897966,0.15114994505727117,0.1559991560090519,0.6574917899941793,-0.14744695208817576,-0.26100966702470463,-0.24520619910690833,0.5540401038214718,0.35383876842846596,0.37968858907808944,Specialty Industrial Machinery,Industrials,GRC
2012Q1,2012,Q1,2012-04-30,2012-03-31,10241000.0,102825000.0,15228000.0,0.392,26674000.0,0.25941162168733284,312537000.0,223040000.0,167117000.0,55940000.0,89497000.0,77630000.0,231488000.0,612514251.904,602157251.904,8.500448346818292,2.987432963889882,0.031996211648540815,0.04483500717360115,0.04350527875011666,8.500448346818292,0.045915530846484934,5.956861190410892,14.952501022946977,2.7462080878048782,0.18445464310125964,0.9809480870797372,0.0030840098726324246,0.3290010462761209,1.5072220235967109,0.03276732034927065,366.33627506220097,0.25941162168733284,1.0147967623898142,1.0000905647910745,0.3733003909930938,0.6876303605889603,0.35160881682290346,1.0060724779627817,1.078056768558952,1.2612191425404975,0.4288587602029726,0.37648498162800303,Specialty Industrial Machinery,Industrials,GRC
2011Q4,2011,Q4,2012-03-05,2011-12-31,5105000.0,93042000.0,7328000.0,0.19456056676160052,19735000.0,0.21210851013520776,298700000.0,214764000.0,155872000.0,50873000.0,83936000.0,73193000.0,223136000.0,569902739.52,559760739.52,8.185035369243561,3.063943545692214,0.03347840642785403,0.0465627386340355,0.022370800206591844,8.185035369243561,0.02377027807267512,6.1252202179660795,27.909046989226248,2.6536232307090573,0.3700293829578844,1.0015575259929228,0.00331460066605577,0.3114897890860395,1.525779883238653,0.017090726481419485,2863.832861909548,0.21210851013520776,-0.34270078796756576,1.0952604832271897,0.42165369465475716,0.6667316255517064,-0.1216005697244848,-0.33311561071195295,-0.364220024292903,0.06591927607303205,0.14293893167634691,0.3473568560521683,Specialty Industrial Machinery,Industrials,GRC
2011Q3,2011,Q3,2011-10-31,2011-09-30,7655000.0,90215000.0,11526000.0,0.296,22467000.0,0.24903840824696558,306449000.0,218255000.0,159042000.0,60740000.0,88194000.0,72003000.0,219920000.0,518240176.704,506911176.704,8.31848427387032,2.6184063220283176,0.048947785765331264,0.0687269478362466,0.03376737337687064,8.31848427387032,0.03507365237909785,5.744501210486061,16.92489146649249,2.3744710393988684,0.24689745264532986,0.940905240059442,0.0036469576944427057,0.29438829952129064,1.3601415870925255,0.02497968666890739,62.034974467799856,0.24903840824696558,-0.11904761904761915,0.15148200504347875,0.2667412781831137,0.5582349812146721,-0.07348756649758753,-0.142296918767507,-0.1450189155107188,0.03133092797042097,0.06618337780064462,0.3106507404530006,Specialty Industrial Machinery,Industrials,GRC
2011Q2,2011,Q2,2011-08-01,2011-06-30,8925000.0,92159000.0,13481000.0,0.336,24249000.0,0.26312134463264575,305109000.0,214059000.0,158158000.0,63542000.0,91050000.0,64971000.0,214127000.0,691242368.832,685524368.832,8.160499156802937,2.4890308772150704,0.06555034430318345,0.09343218458462386,0.03831901273807003,8.160499156802937,0.0416941123708884,7.500541117329832,19.362531339831932,3.2292142298712037,0.2115406162464986,1.045235566637423,0.002731314058757965,0.3020527090318542,1.396619558717069,0.029251841145295616,-413.4224693971292,0.26312134463264575,0.25000000000000017,0.6141750756041897,0.34977733738421146,0.5863677497639208,0.13387262695221172,0.2536873156342183,0.2647527910685805,0.12474672296092847,0.09118118232211334,0.3227217630754355,Specialty Industrial Machinery,Industrials,GRC
2011Q1,2011,Q1,2011-05-03,2011-03-31,7119000.0,84074000.0,10659000.0,0.2688,21386000.0,0.25437114922568216,293601000.0,205976000.0,148567000.0,60241000.0,87625000.0,56958000.0,207091000.0,661300370.0159999,652215370.0159999,7.852063608363575,2.4662107202735677,0.07493162489228579,0.10680856022060822,0.031318054823273794,7.852063608363575,0.034562279100477725,7.865694150581629,23.223078031184155,3.2105700179438377,0.24764714145245117,1.1006004424312652,0.0026659594942572687,0.2863546105088198,1.4564831261101243,0.02424719261855375,214.987116390117,0.25437114922568216,-0.26968571227343346,0.5601436596233191,0.24633108784670527,0.5785770743266127,-0.1427426143424059,-0.26266183324702225,-0.2442569483834373,-0.009683328423772007,0.027161057808597164,0.325693450465244,Specialty Industrial Machinery,Industrials,GRC
2010Q4,2010,Q4,2011-03-04,2010-12-31,9655000.0,84689000.0,14104000.0,0.3680607164851745,24947000.0,0.29457190426147434,286707000.0,199834000.0,143194000.0,59678000.0,86873000.0,51449000.0,201735000.0,542605431.808,535376431.80799997,7.617922860496983,2.3994436810885085,0.08719703390569467,0.12510383618403276,0.04367987576842773,7.617922860496983,0.048315101534273444,6.407035527730874,14.049855821025377,2.7152808421389754,0.1825996892801657,1.161188750024296,0.003249138133626046,0.29538518417757503,1.445122155568216,0.03367549449437928,90.4643934324775,0.29457190426147434,0.5543104581299599,1.966331391836956,0.31347938581641677,0.5642697174363119,0.3372822299651568,0.5686433793663688,0.5240976874864923,0.6694177380435514,0.09674847446672395,0.33040885192249486,Specialty Industrial Machinery,Industrials,GRC
2010Q3,2010,Q3,2010-11-03,2010-09-30,6155000.0,73953000.0,9254000.0,0.2368,18655000.0,0.25225481048774223,254184000.0,188007000.0,136568000.0,39563000.0,65446000.0,39287000.0,193354000.0,458464330.5216,417857330.5216,7.233153046011644,3.4519121401309305,0.0,0.0,0.03272753298170581,7.233153046011644,0.03273814272872819,6.1994013836030994,18.62162187333875,2.4385492589190827,0.28464662875710806,1.4075393896199762,0.003821453237172737,0.29094278160702486,2.3194398806966103,0.024214742076605924,74.98598798194308,0.25225481048774223,0.08823529411764716,1.3094087439602171,0.25848360788313496,0.5044561001601618,0.07919703806548652,0.08822489391796322,0.0384917517674784,0.1288382140743018,-0.004970530392063311,0.32245099335411964,Specialty Industrial Machinery,Industrials,GRC
2010Q2,2010,Q2,2010-07-29,2010-06-30,5656000.0,72380000.0,8911000.0,0.2176,17286000.0,0.23882287924841117,248490000.0,181907000.0,130293000.0,39435000.0,65926000.0,37711000.0,188879000.0,417972644.736,380756644.736,6.977329882059662,3.303993914035755,0.0,0.0,0.03255411118109879,6.977329882059662,0.031092811161747485,5.774698048300635,18.47474561244696,2.297727106356545,0.31011315417256013,1.4609530375752433,0.004196446877780391,0.2912793271359008,2.2326359832635982,0.022761479335184513,41.309808730579164,0.23882287924841117,0.25925925925925913,0.6955632610273329,0.2904668535284331,0.4745273240852694,0.11890737264547867,0.25772737380475874,0.3319880418535127,-0.13415342536049865,-0.09045201683821821,0.3236644500843608,Specialty Industrial Machinery,Industrials,GRC
2010Q1,2010,Q1,2010-04-28,2010-03-31,4497000.0,65786000.0,6690000.0,0.1728,15449000.0,0.23483719940412853,250146000.0,179798000.0,131735000.0,41547000.0,69660000.0,38539000.0,185607000.0,423717340.56960005,389698340.56960005,6.908848981409918,3.170746383613739,0.03997665363427758,0.05561797127887963,0.02366177911249241,6.908848981409918,0.02501140168411217,6.44084365320281,23.55555595783856,2.3566298878163274,0.39026017344896596,1.306131451257168,0.004141912147472574,0.2629904135984585,2.1245095915469228,0.017977501139334627,66.27832638348194,0.23483719940412853,0.20919604108631357,1.724765829161592,0.2669603731173201,0.47831065601948275,0.06266336497454945,0.20919602043560095,0.2601243171972123,-0.11449310043302352,-0.11414615795085573,0.37164333245030057,Specialty Industrial Machinery,Industrials,GRC
2009Q4,2009,Q4,2010-03-05,2009-12-31,3719000.0,62203000.0,5309000.0,0.14290486747273876,14538000.0,0.2337186309341993,249424000.0,176905000.0,131400000.0,43175000.0,71812000.0,40506000.0,182875000.0,460359563.4176,430956563.4176,6.7976836731015995,3.0434279096699477,0.06013855924049009,0.08479127215171985,0.019123630234871673,6.7976836731015995,0.021022582742149742,7.400922196961561,30.946461644097873,2.6022982019592433,0.47216993815541813,1.176739248506394,0.0038144097343473728,0.249386586695747,1.925813549507817,0.014910353454358843,302.0732043422572,0.2337186309341993,-0.2797133695930506,0.4530501739951686,0.2240665754190767,0.45440490192192823,-0.09701863354037267,-0.2816302878114738,-0.31292869160088005,0.5389702377015473,-0.04173003011863567,0.38422301765838346,Specialty Industrial Machinery,Industrials,GRC
2009Q3,2009,Q3,2009-10-27,2009-09-30,5177000.0,64096000.0,7727000.0,0.1984,16100000.0,0.2511857214178732,267541000.0,171340000.0,143491000.0,59989000.0,95498000.0,43961000.0,180911000.0,415997000.0,386567000.0,6.566323353293413,2.3919551917851605,0.09271849922068019,0.14477646784171821,0.02612983779754903,6.566323353293413,0.030214777635111476,6.490217798302546,20.088709677419356,2.427903583518151,0.3223874830983195,1.0917859011396465,0.004012048163808873,0.23957449512411183,1.5854073246761906,0.019350305186868554,68.25217391304348,0.2511857214178732,0.06896551724137935,1.516746748638132,0.2227858705588367,0.4394683226294215,0.019632678910702975,0.06369426751592357,0.10385714285714286,-0.21697860278281916,-0.09505204789316789,0.2300167206192319,Specialty Industrial Machinery,Industrials,GRC
2009Q2,2009,Q2,2009-07-28,2009-06-30,4867000.0,68345000.0,7000000.0,0.1856,15790000.0,0.2310337259492282,249500000.0,166060000.0,132879000.0,47079000.0,82773000.0,46499000.0,177345000.0,338508236.928,312633236.928,6.332594289148559,2.822468616580641,0.06747094188376754,0.10137299771167048,0.025864662209424693,6.332594289148559,0.029308683608334336,4.952933454210257,17.387930805835218,2.038469450367337,0.3433326484487364,1.1302393599862364,0.004936364370818599,0.27392785571142286,1.7845748635272627,0.019507014028056113,155.99457922949307,0.2310337259492282,0.07407407407407395,0.9759582548115179,0.3375623774900068,0.3998084487813089,0.028999674160964484,0.08011540168664004,0.1011483404121441,-0.11948419078547325,0.0013007135258045412,0.2310304994357891,Specialty Industrial Machinery,Industrials,GRC
2009Q1,2009,Q1,2009-04-29,2009-03-31,4506000.0,71598000.0,6357000.0,0.1728,15345000.0,0.2143216290957848,233820000.0,161214000.0,129331000.0,35505000.0,71993000.0,52423000.0,174147000.0,330809187.45600003,306004187.45600003,6.175474821937105,3.642613716377975,0.024253699426909588,0.035176845683377374,0.02499170059266624,6.175474821937105,0.02795042614165023,4.62036910885779,18.353816436751,2.051987962931259,0.37083888149134486,1.0730595349369552,0.005051250277691441,0.30620990505517065,2.0936487818617096,0.019271234282781626,186.5816060101523,0.2143216290957848,-0.053298137586568727,1.0391305377987785,0.44663067221812663,0.3765142933978692,-0.07931841363172737,-0.05435466946484785,-0.031092821216278006,-0.007713237997322952,0.06652986523387967,0.2415160476549913,Specialty Industrial Machinery,Industrials,GRC
2008Q4,2008,Q4,2009-03-05,2008-12-31,4765000.0,80993000.0,6561000.0,0.18252842511525244,16667000.0,0.2057832158334671,231538000.0,158588000.0,134266000.0,35569000.0,72332000.0,56881000.0,171312000.0,519938480.48639995,496145480.48639995,6.074883081254492,3.7748039022744524,0.0,0.0,0.03147102381099409,6.074883081254492,0.030046409564405883,6.419548362036225,27.279038850283314,3.2785486952758087,0.3508919202518363,1.1308872910110581,0.0032157650621201413,0.34980435176947194,2.0240377857122773,0.020579775242076895,-37.08548362955777,0.2057832158334671,-0.3518166721759502,0.3742526649956426,0.6304197133472528,0.36001047246843165,-0.17375570097164386,-0.35477318889641163,-0.4052755620014503,0.47106108604161107,0.2622464404387288,0.2474208278282105,Specialty Industrial Machinery,Industrials,GRC
2008Q3,2008,Q3,2008-10-28,2008-09-30,7385000.0,84188000.0,11032000.0,0.2816,20172000.0,0.2396065947640994,232258000.0,165684000.0,146048000.0,36947000.0,65953000.0,56060000.0,169054000.0,630195077.0432,590360077.0432,6.346835214845413,3.9529055133028392,0.0,0.0,0.04309993366960492,6.346835214845413,0.04457280123608798,7.485568929576662,21.3336180447935,3.8035964670288016,0.22599864590385918,1.14191937210132,0.0026483862867205323,0.36247621179894773,2.3408395810214633,0.031796536610149057,120.68078840352355,0.2396065947640994,-0.06382978723404253,1.8868539956115973,0.5765036290833051,0.4494438714764478,-0.011467215524845633,-0.06459784673844206,-0.0016289592760180996,1.7589654702147908,0.42647766462779596,0.3201068600298136,Specialty Industrial Machinery,Industrials,GRC
2008Q2,2008,Q2,2008-07-25,2008-06-30,7895000.0,84031000.0,11050000.0,0.3008,20406000.0,0.24283895229141628,222067000.0,161014000.0,141107000.0,31775000.0,60421000.0,54971000.0,163175000.0,665448909.6192,634788909.6192,6.16947523251535,4.440818253343823,0.0,0.0,0.04540473367314457,6.16947523251535,0.049033003341324356,7.919088308114862,21.071846409727673,4.132863661664203,0.21165294490183661,1.1574284622801114,0.0025110868405453122,0.3784038150648228,2.630558615263572,0.03555233330481341,96.16313722820809,0.24283895229141628,0.09302325581395353,2.071474422534507,0.7097360538505262,0.4228141879240376,0.028320903043741182,0.10388702460850112,0.0681488641855969,1.3642939579749418,0.49662345763486293,0.3038024515655855,Specialty Industrial Machinery,Industrials,GRC
2008Q1,2008,Q1,2008-05-05,2008-03-31,7152000.0,81434000.0,10345000.0,0.2752,19844000.0,0.2436820001473586,216241000.0,154581000.0,139165000.0,32901000.0,61069000.0,55608000.0,156950000.0,549362817.2032001,522938817.2032001,5.922985895123749,4.229810644053372,0.0,0.0,0.043959604465801064,5.922985895123749,0.046267005647524596,6.746111172276938,19.20311861029083,3.553883188769642,0.23350111856823266,1.1075744497194648,0.0030398853866775172,0.37658908347630654,2.4133005075833562,0.033074208868808415,163.20939310849676,0.2436820001473586,0.24822818880778585,4.942150887912669,0.8570419222555006,0.38579616825931307,0.1658539451266083,0.2429614181438999,0.37529912257378356,3.321132120483749,0.5638642845575539,0.26736207257893435,Specialty Industrial Machinery,Industrials,GRC
2007Q4,2007,Q4,2008-03-10,2007-12-31,5754000.0,76825000.0,7522000.0,0.2204725085265463,17021000.0,0.22155548324113244,211534000.0,149440000.0,135288000.0,33481000.0,61574000.0,53223000.0,151467000.0,521134688.256,496530688.256,5.726001333716906,4.040739523909083,0.0,0.0,0.03419423699718619,5.726001333716906,0.03850374732334047,6.783399782050114,22.642278773722627,3.487250322912206,0.29423010079944384,1.1236495500065762,0.00324868030885777,0.3631803870772547,2.3131328216003104,0.027201300972893246,211.67127873923639,0.22155548324113244,0.050269190770513984,2.5296861793678356,0.6305219822661412,0.3390106879449825,0.04635150919038544,0.05095890410958904,-0.05085173501577287,1.241754410057183,0.5075093694346834,0.22511208356501233,Specialty Industrial Machinery,Industrials,GRC
2007Q3,2007,Q3,2007-11-02,2007-09-30,5475000.0,74629000.0,7925000.0,0.20992,16267000.0,0.21797156601321202,208798000.0,142752000.0,134473000.0,34739000.0,65523000.0,50230000.0,147407000.0,456346583.3216,432921583.3216,5.469505548682956,3.8709519560148538,0.0,0.0,0.03604712188189483,5.469505548682956,0.03835322797579018,6.114869331246567,20.837743530666668,3.1967789125308226,0.29296803652968034,1.1618952817041608,0.0035148723768785553,0.35742200595791146,2.191398716140361,0.02622151553175797,98.35055675034484,0.21797156601321202,-0.16326530612244897,1.8700605598140678,0.5166425122155426,0.2816055298808113,-0.1012210619371236,-0.16258794738452126,-0.19239783960052992,1.6610181552250454,0.4234082192873117,0.19902410438348067,Specialty Industrial Machinery,Industrials,GRC
2007Q2,2007,Q2,2007-08-06,2007-06-30,6538000.0,79647000.0,9813000.0,0.25088,18099000.0,0.2272401973708991,205825000.0,137546000.0,131132000.0,36787000.0,67796000.0,51241000.0,143438000.0,425649192.3111,405801192.3111,5.271222538019343,3.5646288090901677,0.0,0.0,0.04468702650357844,5.271222538019343,0.04753318889680543,5.34419616948661,16.275970951020955,3.094595206775188,0.24518201284796573,1.2011475185886302,0.003766012079798318,0.386964654439451,2.088862913529236,0.03176484877930281,69.91609597751314,0.2272401973708991,0.2894736842105262,1.008669190305971,0.5124148226421592,0.2370903776920557,0.12661064425770308,0.28397486252945797,0.28695081967213115,1.6675224931721764,0.5664750206990135,0.16519415380359453,Specialty Industrial Machinery,Industrials,GRC
2007Q1,2007,Q1,2007-05-03,2007-03-31,5092000.0,74461000.0,7625000.0,0.19456,16065000.0,0.21575052712158044,190674000.0,131432000.0,122349000.0,27217000.0,59242000.0,48911000.0,138504000.0,427921958.5458,408038958.5458,5.0369136188399395,4.495315427857589,0.0,0.0,0.03672899606577032,5.0369136188399395,0.03874246758780206,5.7469273652757815,21.00952270943637,3.255843010422119,0.3148075412411626,1.1939236572550143,0.003746010149718533,0.39051470048354786,2.5365396627108057,0.02670526658065599,48.522730303413084,0.21575052712158044,1.0952543796615766,1.3615178256448044,0.6412967615414216,0.2059998116696175,0.39102952636591914,1.1015270326042097,1.4869536855838226,1.3053561110574736,0.50515569815168,0.12272882504745107,Specialty Industrial Machinery,Industrials,GRC
