Quarters,Year,Quarter,FillingDate,Date,NetIncome,Revenue,OperatingIncome,EPSDiluted,GrossProfit,GrossProfitRatio,TotalAssets,CommonStockEquity,CurrentAssets,CurrentLiability,TotalLiability,Inventory,RetainedEarnings,MarketCap,EnterpriseValue,bookValuePerShare,currentRatio,debtToAssets,debtToEquity,roic,shareholdersEquityPerShare,roe,priceToSalesRatio,peRatio,pbRatio,payoutRatio,inventoryTurnover,dividendYield,assetTurnover,quickRatio,returnOnAssets,priceToFreeCashFlowsRatio,grossProfitMargin,epsdilutedGrowth,fiveYNetIncomeGrowthPerShare,fiveYRevenueGrowthPerShare,fiveYShareholdersEquityGrowthPerShare,grossProfitGrowth,netIncomeGrowth,operatingIncomeGrowth,threeYNetIncomeGrowthPerShare,threeYRevenueGrowthPerShare,threeYShareholdersEquityGrowthPerShare,Industry,Sector,Symbol
2023Q1,2023,Q1,2023-04-24,2023-03-26,-4289000.0,465288000.0,-5943000.0,-0.13,123113000.0,0.2645952614,957113000.0,467623000.0,371299000.0,214896000.0,489490000.0,0.0,487893000.0,558651600.0,573793600.0,14.481078904991948,1.7278078698533244,0.0651594952738078,0.13336598071523428,-0.00873016327317673,14.481078904991948,-0.009171918404355646,1.2006576571929644,-32.56304499883423,1.194662366906675,0.0,0.0,0.0,0.48613695561548115,2.5225085622812897,-0.004481184562324407,522.1042990654206,0.26459526142948026,-1.619047619047619,-1.6135476760001877,0.051130046209461565,0.038519041441917784,-0.16730583230187557,-1.6088005677785664,-1.8665791776027996,0.9671204030893222,0.08608306163839347,0.29703803560466374,Staffing & Employment Services,Industrials,TBI
2022Q4,2022,Q4,2023-02-15,2022-12-25,7045000.0,557695000.0,6858000.0,0.21,147849000.0,0.2651072719,1019408000.0,496315000.0,430212000.0,242875000.0,523093000.0,0.0,516332000.0,624380920.0,614890920.0,15.277811980545465,1.7713309315491508,0.06137287523739268,0.12605704038765703,0.011120847252537914,15.277811980545465,0.014194614307445876,1.1195741758488063,22.15688147622427,1.2580335472431823,0.0,0.0,0.0,0.5470773233092148,2.4706659804426145,0.006910873762026588,19.21881679389313,0.26510727189592875,-0.6666666666666667,-0.46474121358329856,0.03945610964409516,0.11641387040250001,-0.05175764339176111,-0.6595960572091225,-0.7152584596221715,-0.058320917022237205,0.09918095475828811,-0.07638470224788922,Staffing & Employment Services,Industrials,TBI
2022Q3,2022,Q3,2022-10-24,2022-09-25,20696000.0,575721000.0,24085000.0,0.63,155919000.0,0.2708238887,982781000.0,486814000.0,408630000.0,223070000.0,495967000.0,19533000.0,507210000.0,625003180.0,644293180.0,15.009372880310785,1.8318465055812077,0.06417401231810546,0.12955461428800322,0.03280689377599565,15.009372880310785,0.04251315697576487,1.0856008031668116,7.5498064843448,1.283864432822392,0.0,21.491936722469667,0.0,0.5858080284417383,2.6486080602501456,0.0210586081741507,34.19241643415942,0.2708238886544003,-0.12499999999999996,0.2342152230372277,0.10261909662380474,0.13296305488730858,-0.016476272779456385,-0.13813351101486696,-0.1766374948721455,-0.073306703756232,0.07990140122081377,-0.06313693416558032,Staffing & Employment Services,Industrials,TBI
2022Q2,2022,Q2,2022-07-25,2022-06-26,24013000.0,569253000.0,29252000.0,0.72,158531000.0,0.2784895293,991010000.0,465953000.0,406334000.0,232821000.0,525057000.0,15458000.0,483296000.0,568774730.0,601125730.0,14.246277555263399,1.7452635286335854,0.06537068243509148,0.13903333598023834,0.040475014180577,14.246277555263399,0.05153524067878091,0.999159828758039,5.921529275808936,1.2206697456610431,0.0,26.570190192780437,0.0,0.5744170089101018,2.5336159538873213,0.024230835208524638,30.832912126633058,0.2784895292602762,1.4,1.3242494563296607,0.1861018190557346,0.1101477479605395,0.13361936429618507,1.2828215609848845,1.439699749791493,0.4816500346152249,0.15804314214458184,-0.09281200393364551,Staffing & Employment Services,Industrials,TBI
2022Q1,2022,Q1,2022-04-25,2022-03-27,10519000.0,551515000.0,11990000.0,0.3,139845000.0,0.2535651796,980919000.0,467551000.0,398349000.0,225897000.0,513368000.0,19310000.0,483170000.0,988012480.0,1022796480.0,13.780276459665773,1.763409872641071,0.07289490773448165,0.15293304901497376,0.01664118798820556,13.780276459665773,0.022498080423312108,1.7914516921570582,23.481616123205626,2.11316515203689,0.0,21.319005696530294,0.0,0.5622431617697282,1.6497872924385892,0.010723617342512481,47.815538885931375,0.2535651795508735,-0.47368421052631576,1.761812035107217,0.19105232377929568,0.07490725844882079,-0.161480069074687,-0.47951509153884214,-0.4540072859744991,0.47470177004118624,0.1584882313804871,-0.09328739699976296,Staffing & Employment Services,Industrials,TBI
2021Q4,2021,Q4,2022-02-16,2021-12-26,20210000.0,621930000.0,21960000.0,0.57,166776000.0,0.268158796,1033226000.0,493067000.0,445073000.0,258546000.0,540159000.0,0.0,508813000.0,979873350.0,997001350.0,14.164928610416846,1.7214460869632484,0.06486867345575895,0.13593284482636234,0.027766152334849154,14.164928610416846,0.0409883443832177,1.5755363947711156,12.121144854032657,1.9873026383838301,,0.0,,0.6019302650146241,1.5617259597905209,0.01956009624225484,0.0,0.26815879600598136,0.0754716981132074,0.336589634660922,0.012235198765221073,0.12304432865848905,0.13838718925338903,0.08411114687265314,0.029632408102025505,0.5416025465904453,0.08628363620714218,-0.05330676855507146,Staffing & Employment Services,Industrials,TBI
2021Q3,2021,Q3,2021-10-25,2021-09-26,18642000.0,577031000.0,21328000.0,0.53,146502000.0,0.2538893058,1009792000.0,485676000.0,417509000.0,238784000.0,524116000.0,0.0,501309000.0,997019070.0,1017371070.0,13.926992228945029,1.748479797641383,0.06885081284066422,0.14315098954858796,0.029048954039953098,13.926992228945029,0.038383613767202826,1.7278431661383877,13.370602269069844,2.05284813332345,,0.0,,0.5714355035492458,1.6347452090592334,0.01846122765876537,0.0,0.2538893057738666,0.1777777777777778,-0.04713641408852457,-0.008716423168000554,0.13492180001990783,0.07352639446610194,0.17363384537899773,0.12590402787309296,-0.12857475080032002,-0.0334491916159826,-0.05409600506709805,Staffing & Employment Services,Industrials,TBI
2021Q2,2021,Q2,2021-07-26,2021-06-27,15884000.0,515955000.0,18943000.0,0.45,136468000.0,0.2644959347,1018068000.0,465230000.0,432525000.0,274538000.0,552838000.0,0.0,479567000.0,989875740.0,949972740.0,13.361766902177035,1.5754649629559478,0.06417154846238168,0.14042731552135504,0.0256745573602595,13.361766902177035,0.03414225221933238,1.9185311509724685,15.57976170989675,2.1277126152655677,,0.0,,0.506798170652648,1.4864463207279137,0.015602101234888043,0.0,0.26449593472298943,1.25,1.2983933412356363,-0.08155225242558625,0.1469710400267606,0.23417801653191528,1.3026964337489126,2.0499114474319757,0.034941924879276574,-0.029614211190457793,-0.045796479725980256,Staffing & Employment Services,Industrials,TBI
2021Q1,2021,Q1,2021-04-26,2021-03-28,6898000.0,458706000.0,6211000.0,0.2,110574000.0,0.2410563629,979437000.0,445627000.0,384011000.0,258489000.0,533810000.0,0.0,459958000.0,738556200.0,717515200.0,12.851906327507642,1.4855990003443087,0.06837091104379353,0.1502714153316563,0.010893682369928229,12.851906327507642,0.01547931341682618,1.610086199003283,26.767041171354016,1.657341678129916,,0.0,,0.4683364014224498,1.3717218140810634,0.007042821539312891,0.0,0.24105636289911184,-0.13043478260869565,0.18489571589124013,-0.15007534049777077,-0.024214775264130243,-0.08462958517181718,-0.14054323448791428,-0.3206081820170641,-0.08101915707524909,-0.03492732716764354,-0.07831802260648096,Staffing & Employment Services,Industrials,TBI
2020Q4,2020,Q4,2021-02-22,2020-12-27,8026000.0,518634000.0,9142000.0,0.23,120797000.0,0.2329137696,980577000.0,437190000.0,378885000.0,268967000.0,543387000.0,0.0,452017000.0,669172020.0,675400020.0,12.661530887080426,1.4086672342703752,0.07009648400890496,0.1572199730094467,0.011518441113563241,12.661530887080426,0.018358150918365013,1.29025867953123,20.843883005232993,1.5306205997392437,,0.0,,0.5289069598817839,1.2672558343588618,0.008184976804473285,0.0,0.23291376963330596,-0.07999999999999996,-0.658887136340511,-0.23415992669451322,-0.048812987794174006,0.09354178736964079,-0.08743604320636725,-0.28083700440528636,-0.426287645582669,-0.09054203917176529,-0.07476877442488487,Staffing & Employment Services,Industrials,TBI
2020Q3,2020,Q3,2020-10-26,2020-09-27,8795000.0,474530000.0,12712000.0,0.25,110464000.0,0.2327861252,908198000.0,424182000.0,350749000.0,202427000.0,484016000.0,0.0,441560000.0,543864840.0,530801840.0,12.260658438592941,1.7327184614700608,0.016703406085457135,0.03576295080885092,0.018617070208134794,12.260658438592941,0.02073402454606749,1.14611265884138,15.459489482660604,1.2821497376126287,,0.0,,0.5224961957634789,1.5217584610748567,0.009684011636229103,0.0,0.2327861252186374,2.0869565217391304,-0.47745288698760024,-0.17181151947974382,-0.021198976805428937,0.32729348152598375,2.0767629774730656,1.5987471150675898,-0.5082975212211994,-0.14800080671516716,-0.07452009152626955,Staffing & Employment Services,Industrials,TBI
2020Q2,2020,Q2,2020-07-27,2020-06-28,-8168000.0,358944000.0,-21231000.0,-0.23,83225000.0,0.2318606802,903001000.0,412761000.0,359901000.0,220025000.0,490240000.0,0.0,430525000.0,528259620.0,520875620.0,11.767283405080253,1.6357277582092944,0.09376180092823817,0.2051235460714554,-0.014918240717689307,11.767283405080253,-0.019788691276549867,1.471704834180262,-16.16857309010774,1.2798196050498956,,0.0,,0.39750122092888046,1.5185774343824565,-0.009045394191147076,0.0,0.23186068021752695,0.943069306930693,-1.555960798377288,-0.3277031178762502,-0.022466606721692917,-0.34031658462733533,0.9457254109798398,-44.32857142857143,-1.7371745179161828,-0.3026326500272361,-0.08302901434509202,Staffing & Employment Services,Industrials,TBI
2020Q1,2020,Q1,2020-05-04,2020-03-29,-150494000.0,494252000.0,490000.0,-4.04,126159000.0,0.2552523814,1135145000.0,415942000.0,593404000.0,187049000.0,719203000.0,0.0,435804000.0,481334600.0,550872600.0,11.16472956650114,3.172452138209774,0.29493853208180454,0.8049151083564535,0.0005312892713831082,11.16472956650114,-0.3618148684191546,0.9738647491563008,-0.7995910135952263,1.1572156694923812,,0.0,,0.4354086922816028,3.0388668209934293,-0.1325768954626942,0.0,0.25525238137630196,-18.565217391304348,-29.99709552843448,-0.050526900866795545,-0.03647549260875498,-0.16085883612805385,-18.268387837062537,-0.933233410546396,-36.985317613801705,-0.027905604310489707,-0.12911407221932425,Staffing & Employment Services,Industrials,TBI
2019Q4,2019,Q4,2020-02-24,2019-12-29,8715000.0,591040000.0,7339000.0,0.23,150343000.0,0.2543702626,1136155000.0,625973000.0,421733000.0,230806000.0,510182000.0,0.0,639210000.0,898771250.0,941470250.0,16.54131543482282,1.8272185298475776,0.07068313742403105,0.1282914758304272,0.009302288173409255,16.54131543482282,0.013922325723313944,1.5206606151867894,25.782307802639128,1.4357987485083223,,0.0,,0.5202107106864821,1.6460187343483272,0.007670608323688229,0.0,0.2543702625879805,-0.661764705882353,-0.6520371701179721,-0.07762212943868987,0.43975194318432076,-0.11103818545192227,-0.6733018443544759,-0.7485438223805935,-0.46984219929669263,-0.11516398389915986,0.3114524611135491,Staffing & Employment Services,Industrials,TBI
2019Q3,2019,Q3,2019-10-28,2019-09-29,26676000.0,636793000.0,29186000.0,0.68,169122000.0,0.2655839496,1131045000.0,620665000.0,425990000.0,226479000.0,510380000.0,0.0,636337000.0,817435100.0,876735100.0,16.02088226943032,1.880924942268378,0.07325703221357241,0.13349713613624098,0.03604021727657016,16.02088226943032,0.04297970724948241,1.2836747577313192,7.660772792022793,1.3170310876237583,,0.0,,0.5630129658855306,1.7246411367058314,0.02358526849064361,0.0,0.26558394957231,0.3877551020408164,0.3433262289233687,0.05866617900100568,0.485432625286661,0.06824914570134603,0.3746264042048851,0.3970609353310038,0.2273754116215717,-0.015273717824001446,0.3055545838059398,Staffing & Employment Services,Industrials,TBI
2019Q2,2019,Q2,2019-07-30,2019-06-30,19406000.0,588594000.0,20891000.0,0.49,158317000.0,0.2689748791,1094887000.0,615007000.0,392342000.0,212718000.0,479880000.0,0.0,629022000.0,856886440.0,898910440.0,15.703776523759672,1.8444231329741725,0.05950203080317878,0.10593050160404678,0.0264349482087299,15.703776523759672,0.03155411239221667,1.4558191894582684,11.038936926723693,1.3932954259057213,,0.0,,0.5375842438534753,1.6858563920307637,0.01772420350227923,0.0,0.26897487911871343,1.3333333333333335,0.25525043636082795,0.35093504608712983,0.5365235196952806,0.06699870599018709,1.344852585790237,1.384000912929362,1.324110532545191,-0.06849256218294095,0.34800861470422717,Staffing & Employment Services,Industrials,TBI
2019Q1,2019,Q1,2019-04-29,2019-03-31,8276000.0,552352000.0,8763000.0,0.21,148376000.0,0.2686258038,1100016000.0,598287000.0,385986000.0,215321000.0,501729000.0,0.0,611609000.0,944784000.0,1002017000.0,15.198064319463496,1.7926073165181287,0.07596344053177409,0.13966708285488402,0.01098652732057113,15.198064319463496,0.013832826051710968,1.7104744800417124,28.539874335427744,1.5791484688786486,,0.0,,0.5021308780963186,1.6411125714630714,0.007523526930517374,0.0,0.2686258038352355,-0.43243243243243246,4.150688411319413,0.4373309813960966,0.5539871005989802,-0.13950008699182276,-0.44407872640558876,-0.48080341272662636,0.2521607256881504,-0.09854386930523644,0.15391804372059004,Staffing & Employment Services,Industrials,TBI
2018Q4,2018,Q4,2019-02-22,2018-12-30,14887000.0,650147000.0,16878000.0,0.37,172430000.0,0.2652169432,1114844000.0,591439000.0,429827000.0,225526000.0,523405000.0,0.0,606087000.0,879498000.0,912510000.0,14.962532888079336,1.9058866826884706,0.07175891873661247,0.13526331540530806,0.021111099986302603,14.962532888079336,0.025170812205485265,1.3527679124874836,14.769564049170418,1.4870476921542206,,0.0,,0.5831730717481549,1.7841002811205804,0.013353437790399374,0.0,0.265216943245143,-0.39344262295081966,0.048854750824389066,0.4805298084405374,0.5371819175133773,-0.06449722761748716,-0.38937653814602136,-0.40465608465608466,-0.44730531234916804,-0.1613749591806684,0.12404788013160492,Staffing & Employment Services,Industrials,TBI
2018Q3,2018,Q3,2018-11-05,2018-09-30,24380000.0,680371000.0,28350000.0,0.61,184318000.0,0.2709080781,1141613000.0,585155000.0,453123000.0,223681000.0,556458000.0,0.0,597383000.0,1020202810.0000001,1093366810.0,14.723473316055658,2.0257554284896795,0.09451539181841832,0.18439558749391188,0.03560458717605112,14.723473316055658,0.041664174449504834,1.49948015127041,10.461472621000821,1.7434744811203868,,0.0,,0.5959734165606033,1.919546139368118,0.021355748401603696,0.0,0.2709080780926877,0.38636363636363635,0.3054078766756019,0.5302913305431348,0.5757456263109805,0.11313895062324862,0.3749154071734717,0.33248730964467005,0.26095940434213666,0.03368710948093511,0.17541409532872687,Staffing & Employment Services,Industrials,TBI
2018Q2,2018,Q2,2018-07-30,2018-07-01,17732000.0,614301000.0,21276000.0,0.44,165584000.0,0.2695486415,1124220000.0,563301000.0,432966000.0,219129000.0,560919000.0,0.0,574934000.0,1112276550.0,1196067550.0,14.00305764784846,1.9758498418739647,0.10424916831225205,0.20805750389223523,0.02729935713017329,14.00305764784846,0.031478729844257335,1.8106377004107108,15.681769540942929,1.974568747436983,,0.0,,0.5464241874366227,1.8799884999247019,0.015772713525822348,0.0,0.269548641464038,1.0,0.4113145515852239,0.45147506554844147,0.5900861518355073,0.15576402267079878,1.0253569388920616,1.0245503853839566,0.05242452664755134,0.003275988858621111,0.16326394016000148,Staffing & Employment Services,Industrials,TBI
2018Q1,2018,Q1,2018-04-30,2018-04-01,8755000.0,554388000.0,10509000.0,0.22,143268000.0,0.258425507,1053951000.0,563936000.0,378830000.0,197753000.0,490015000.0,0.0,573648000.0,1049495850.0,1092480850.0,13.9439705264199,1.91567258145262,0.06605715066449959,0.12345549849628326,0.015097391739196301,13.9439705264199,0.015524811326107927,1.893071008030477,29.968470873786405,1.861019424189979,,0.0,,0.5260092736759109,1.8022786000718067,0.008306837794166902,0.0,0.2584255070456071,-0.45,9.004034683905488,0.5739037560731504,0.6514797859631308,-0.1459179111150854,-0.46703597735435565,-0.5553816212557117,0.5539343556327807,-0.018954263396259923,0.20337507975638444,Staffing & Employment Services,Industrials,TBI
2017Q4,2017,Q4,2018-02-26,2017-12-31,16427000.0,669625000.0,23636000.0,0.4,167745000.0,0.2505058802,1109031000.0,554847000.0,428279000.0,212419000.0,554184000.0,0.0,561650000.0,1114987500.0,1202696500.0,13.68472068072512,2.0161991158982953,0.10503673927960534,0.20994796763792542,0.02449398949819836,13.68472068072512,0.02960635995148212,1.6650924024640656,16.96882419187922,2.009540467912776,,0.0,,0.6037928606143561,1.8974432607252647,0.014812029600615312,0.0,0.2505058801568042,-0.2156862745098039,1.160952913385866,0.8953828412343396,0.6219933773743165,-0.024846092582796086,-0.22590829838367654,-0.19270441970079924,-0.38783009850759714,-0.024624340551869506,0.19111465286071988,Staffing & Employment Services,Industrials,TBI
2017Q3,2017,Q3,2017-10-30,2017-10-01,21221000.0,660780000.0,29278000.0,0.51,172019000.0,0.2603271891,1132350000.0,543773000.0,440396000.0,248207000.0,588577000.0,0.0,550652000.0,948162600.0,1047937600.0,13.247892608293135,1.7743093466340594,0.11907095862586656,0.24795273027531708,0.03150727268164808,13.247892608293135,0.039025475704016196,1.4349141923181694,11.17009801611611,1.7436735549576754,,0.0,,0.5835474897337396,1.6980705620711745,0.018740672053693647,0.0,0.26032718907957264,0.6451612903225807,0.4239898148738434,0.6764284084789474,0.6130637958627952,0.10779881504379187,0.6157301659814223,0.6052415154339602,0.008617774093164417,0.036854062866217945,0.2283251050538039,Staffing & Employment Services,Industrials,TBI
2017Q2,2017,Q2,2017-07-31,2017-07-02,13134000.0,610122000.0,18239000.0,0.31,155280000.0,0.2545064758,1078873000.0,533574000.0,394705000.0,230807000.0,545299000.0,0.0,542020000.0,1099764550.0,1181834550.0,12.832776161042833,1.710108445584406,0.10306403070611647,0.20839283773197345,0.020198496877420785,12.832776161042833,0.024615142416984336,1.8025321984783371,20.9335417618395,2.061128447038274,,0.0,,0.5655179061854361,1.630258181077697,0.01217381471220431,0.0,0.2545064757540295,1.8181818181818183,0.21319301626623194,0.644450279447473,0.6548403586251345,0.11368510137776215,1.8100128369704749,1.8449539853377008,-0.19980970742195342,0.3189770392978907,0.25561277343664934,Staffing & Employment Services,Industrials,TBI
2017Q1,2017,Q1,2017-05-01,2017-04-02,4674000.0,568244000.0,6411000.0,0.11,139429000.0,0.2453681869,1050767000.0,533785000.0,357476000.0,238694000.0,516982000.0,0.0,542680000.0,1097134950.0,1150747950.0,12.819967817085764,1.497632952650674,0.07584554901324461,0.14930355854885394,0.007531879923661787,12.819967817085764,0.008756334479237895,1.9307462111346534,58.68287066752247,2.0553873750667404,,0.0,,0.5407897278844882,1.4138227186271963,0.004448179282371829,0.0,0.24536818690562504,-0.7441860465116279,1.8926077720278012,0.7290425640038808,0.6847742850382046,-0.22919281098144145,-0.7415823519655,-0.726970742302287,1.7502701923769726,0.3980334812347806,0.31082907659049896,Staffing & Employment Services,Industrials,TBI
2016Q4,2016,Q4,2017-02-24,2017-01-01,18087000.0,734951000.0,23481000.0,0.43,180887000.0,0.24612117,1130445000.0,525179000.0,427803000.0,251135000.0,605266000.0,0.0,536611000.0,1026376700.0,1126768700.0,12.612973725923435,1.7034782089314513,0.11974222540680882,0.2577445023506271,0.02806578638055416,12.612973725923435,0.0344396862783927,1.396523985952805,14.186663072925304,1.9543369022752242,,0.0,,0.650143085245191,1.5432974296693014,0.015999893847113304,0.0,0.24612116998276076,-0.23214285714285723,1.2641065418952186,0.9873696527055987,0.6938081032517022,0.013969001373356877,-0.22800802424345895,-0.15386832906922274,0.209733423740458,0.5888355846424935,0.2957989989119836,Staffing & Employment Services,Industrials,TBI
2016Q3,2016,Q3,2016-10-24,2016-09-23,23429000.0,697097000.0,27751000.0,0.56,178395000.0,0.2559113007,1124108000.0,512475000.0,435836000.0,243427000.0,611633000.0,0.0,522200000.0,954679320.0,1067009320.0,12.271323212489824,1.7904176611468736,0.12197315560426578,0.26754670959559,0.037230755291271546,12.271323212489824,0.04571735206595444,1.3695071417607592,10.18694054377054,1.8628797892580125,,0.0,,0.620133474719511,1.5996541057483353,0.020842303408569282,0.0,0.25591130072285495,1.3660130718954246,0.6779162035116025,0.8703081745096242,0.7572389234214871,0.049851698406346366,1.3676002196595278,0.2365102704629506,0.19383865755674445,0.4921101863974449,0.3133099416184084,Staffing & Employment Services,Industrials,TBI
2016Q2,2016,Q2,2016-07-25,2016-06-24,-63735000.0,672612000.0,22443000.0,-1.53,169924000.0,0.2526330187,1097757000.0,485649000.0,412216000.0,236658000.0,612108000.0,0.0,497405000.0,762056640.0,888362640.0,11.64961139896373,1.7418215314927026,0.13489141950358777,0.3049074537371641,0.029044440466568715,11.64961139896373,-0.13123675741121674,1.132981035128722,-2.989160743704401,1.569151053538667,,0.0,,0.6127148357969934,1.5851524140320632,-0.05805929727617314,0.0,0.2526330187388866,-9.999999999999998,-8.756428554158184,1.185345394994517,0.6137759456297837,0.12897310513447433,-10.146814006888635,1.6099546458890568,-5.894977188764779,0.5335556977948697,0.3228457830853431,Staffing & Employment Services,Industrials,TBI
2016Q1,2016,Q1,2016-04-25,2016-03-25,6968000.0,645980000.0,8599000.0,0.17,150512000.0,0.2329979256,1172643000.0,546616000.0,385693000.0,202454000.0,626027000.0,0.0,558151000.0,1012648800.0,1154413800.0,13.170835140475157,1.9050895512066939,0.1395590985491748,0.29939299252125806,0.01112920200203163,13.170835140475157,0.012747522941150643,1.5676163348710486,36.33211825487945,1.8525780438186954,,0.0,,0.5508752450660602,1.7148833809161588,0.005942132430756846,0.0,0.2329979256323725,-0.7462686567164178,8.525769496402262,1.4661186096772711,0.8124964225485269,-0.18643921212514325,-0.7526270945754047,-0.7406580812498115,7.207765326488499,0.7871366451986282,0.5599120750818337,Staffing & Employment Services,Industrials,TBI
2015Q4,2015,Q4,2016-02-22,2015-12-25,28168000.0,810733000.0,33157000.0,0.67,185004000.0,0.228193499,1289327000.0,550249000.0,560150000.0,238090000.0,739078000.0,0.0,549585000.0,1095843870.0,1307499870.0,13.311294965769166,2.352681758998698,0.18877833164123609,0.44233974073555793,0.03580832344390943,13.311294965769166,0.05119136972534253,1.351670488311195,9.725964480971315,1.991541774723807,,0.0,,0.6288032438628836,2.098672770800958,0.021847056642729113,0.0,0.2281934989694511,0.3958333333333335,6.480338955582671,1.7324572339679851,0.8500029715111205,0.09556041144806268,0.4020905923344948,-0.002856971009262601,2.634472679872823,1.250823734435494,0.5777327709117422,Staffing & Employment Services,Industrials,TBI
2015Q3,2015,Q3,2015-10-26,2015-09-25,20090000.0,683918000.0,33252000.0,0.48,168867000.0,0.2469111794,1061912000.0,517282000.0,413794000.0,213242000.0,544630000.0,0.0,518397000.0,955589440.0,1044046440.0,12.526201084850833,1.940490147344332,0.10517726515944824,0.21591511013335085,0.03229654270415483,12.526201084850833,0.03883761661917484,1.3972280887474815,11.891356893977102,1.847327840520258,,0.0,,0.6440439509111866,1.806623460669099,0.018918705128108546,0.0,0.24691117941039714,0.14285714285714285,1.0598728271239553,1.2911272120314123,0.7698817395264739,0.11121566666227972,0.1630868986279164,0.40244622522142554,0.33993529826011926,0.7246263202388324,0.5251906146205877,Staffing & Employment Services,Industrials,TBI
2015Q2,2015,Q2,2015-08-05,2015-06-26,17273000.0,627714000.0,23710000.0,0.42,151966000.0,0.2420943296,1007977000.0,496436000.0,373685000.0,192116000.0,511541000.0,0.0,495835000.0,1273903600.0,1352365600.0,12.037730358874878,1.9451008765537487,0.09896059136269975,0.2009322450426641,0.029221457348262578,12.037730358874878,0.034794011715508145,2.0294331494916475,18.437787298095294,2.5660983490318996,,0.0,,0.6227463523473253,1.797398446771742,0.017136303705342484,0.0,0.24209432958321783,1.9999999999999996,1.2855146530034527,1.3100000037802302,0.7686020962627981,0.170445793154441,2.0218684394681596,2.070050498510941,0.6086295643787861,0.70577309523974,0.5523158647921406,Staffing & Employment Services,Industrials,TBI
2015Q1,2015,Q1,2015-04-29,2015-03-27,5716000.0,573315000.0,7723000.0,0.14,129836000.0,0.2264653812,987471000.0,475442000.0,342466000.0,183828000.0,512029000.0,0.0,475815000.0,1013465700.0,1106503700.0,11.587385147815066,1.8629697325761037,0.11222304249947593,0.2330820583793607,0.010474185195812637,11.587385147815066,0.012022496960722865,1.767729258784438,44.3258266270119,2.1316284636191165,,0.0,,0.5805892021132772,1.6783351828883522,0.00578852442248937,0.0,0.2264653811604441,-0.7846153846153846,3.6568670602860665,1.5098375146552314,0.752433774900013,-0.1794891239778056,-0.7884843102427472,-0.756886076746309,2.589718470475774,0.7702371851411351,0.5227907594162907,Staffing & Employment Services,Industrials,TBI
2014Q4,2014,Q4,2015-02-23,2014-12-26,27024000.0,691390000.0,31767000.0,0.65,158238000.0,0.2288693791,1065319000.0,469119000.0,414455000.0,186093000.0,596200000.0,0.0,468462000.0,924844800.0,1105913800.0,11.489003722570533,2.2271391186127367,0.18715802496716946,0.42501582754056005,0.04077124129505019,11.489003722570533,0.057605852672775994,1.3376600760786241,8.555772646536411,1.971450314312573,,0.0,,0.6489980935287928,2.040469012805425,0.025367049681832392,0.0,0.22886937907693197,0.27450980392156865,12.380473021775876,1.7827777096211879,0.7341459520288767,-0.008527622353523518,0.29239598278335727,0.0745889993911102,2.4496033533699473,0.9064813913516864,0.542869114488241,Staffing & Employment Services,Industrials,TBI
2014Q3,2014,Q3,2014-10-27,2014-09-26,20910000.0,633365000.0,29562000.0,0.51,159599000.0,0.2519858218,1000727000.0,439966000.0,377545000.0,177958000.0,560761000.0,0.0,438557000.0,1038181850.0,1183887850.0,10.785330816561665,2.1215399139122715,0.1748229037489745,0.39764436342808307,0.034481710348757195,10.785330816561665,0.04752639976725474,1.6391525423728814,12.41250418460067,2.359686543960215,,0.0,,0.6329048781535823,1.9213297519639465,0.020894809473512757,0.0,0.2519858217615435,0.30769230769230765,1.6693892857984143,1.3387343387871844,0.6441366172409196,0.33462950419373994,0.30021141649048627,0.6439773106439773,0.533084850581772,0.7396811683794154,0.5444465755371469,Staffing & Employment Services,Industrials,TBI
2014Q2,2014,Q2,2014-07-28,2014-06-27,16082000.0,453227000.0,17982000.0,0.39,119583000.0,0.2638479173,746755000.0,416366000.0,394579000.0,125275000.0,330389000.0,0.0,413790000.0,1119507720.0,985180720.0,10.220329414074966,3.149702654160846,0.0381945885866181,0.06850223121004116,0.03526589399326347,10.220329414074966,0.03862467156299986,2.4700817029876863,17.403117149608256,2.6887587363041168,,0.0,,0.6069286446023127,3.003464378367591,0.021535845089755007,0.0,0.26384791726882995,8.75,3.5334598256987677,0.9292922766247194,0.6140555107130382,0.20112696993742404,8.71135265700483,6.442880794701987,1.002739944568551,0.5068566734816642,0.4157829991062066,Staffing & Employment Services,Industrials,TBI
2014Q1,2014,Q1,2014-04-28,2014-03-28,1656000.0,396063000.0,2416000.0,0.04,99559000.0,0.2513716252,721695000.0,396796000.0,364022000.0,118686000.0,324899000.0,0.0,394959000.0,1168067880.0,1068338880.0,9.780045351473923,3.067101427295553,0.040306500668564976,0.07330971078337484,0.003403735750261221,9.780045351473923,0.004173429167632739,2.9491971731769944,176.33875,2.94374913053559,,0.0,,0.5487955438239145,2.920976357784406,0.0022945981335605764,0.0,0.25137162522124007,-0.888888888888889,1.3285163961869868,0.856661238008985,0.566683664767361,-0.17214914104205817,-0.885879677486045,-0.8861129442820779,1.31576703788565,0.5466846317851589,0.34587495954864217,Staffing & Employment Services,Industrials,TBI
2013Q4,2013,Q4,2014-02-20,2013-12-27,14511000.0,448952000.0,21214000.0,0.36,120262000.0,0.2678727347,719461000.0,393360000.0,356458000.0,121409000.0,326101000.0,0.0,391326000.0,1047479040.0000001,955132040.0000001,9.733742452736811,2.936009686267081,0.04121974644907785,0.07539149888143176,0.03400551363338547,9.733742452736811,0.03688987187309335,2.333164881769098,18.046293156915446,2.662901769371568,,0.0,,0.6240115864515241,2.7697040581834953,0.020169265603000024,0.0,0.2678727347244249,-0.23404255319148934,1.3330096621705372,0.5720314616276464,0.537989610029699,-0.02643934978304514,-0.23432883073026595,-0.2420864594498035,2.941769438836563,0.5477615150397785,0.3527949390194073,Staffing & Employment Services,Industrials,TBI
2013Q3,2013,Q3,2013-10-28,2013-09-27,18952000.0,451169000.0,27990000.0,0.47,123528000.0,0.273795407,698513000.0,376836000.0,370275000.0,127373000.0,321677000.0,0.0,374493000.0,977195900.0,897873900.0,9.343813538308952,2.9070132602670897,0.043266195475245274,0.08019934401171863,0.04587663644091051,9.343813538308952,0.05029243490536998,2.165919865948237,12.890406025749261,2.593159623815134,,0.0,,0.6458992173374011,2.764157238975293,0.027131921667885923,0.0,0.2737954070425938,0.5161290322580644,0.2214837022176473,0.22449091002978827,0.25412783103500003,0.10418063339679816,0.5116854111828987,0.6150250995326294,0.9897352080680312,0.5476194747945793,0.3202282836568562,Staffing & Employment Services,Industrials,TBI
2013Q2,2013,Q2,2013-07-29,2013-06-28,12537000.0,422310000.0,17331000.0,0.31,111873000.0,0.2649072956,675688000.0,353492000.0,356203000.0,127272000.0,322196000.0,0.0,351229000.0,844947000.0,739732000.0,8.806477329347285,2.798753850022,0.0455668888599472,0.0870995666097111,0.032114978708644014,8.806477329347285,0.03546614916320596,2.000774312708674,16.849066762383345,2.3902860602220137,,0.0,,0.6250073998650265,2.634664340939091,0.018554421567350612,0.0,0.2649072955885487,12.481481481481483,-0.19351617437962823,0.22586633841520673,0.2518741953827384,0.2912545158646799,12.651486988847584,3.49295166858458,0.7043200427087444,0.5966981404398659,0.2938613676365955,Staffing & Employment Services,Industrials,TBI
2013Q1,2013,Q1,2013-04-29,2013-03-29,-1076000.0,346498000.0,-6952000.0,-0.027,86639000.0,0.2500418473,654048000.0,335909000.0,326188000.0,123941000.0,318139000.0,0.0,333392000.0,841033760.0,761589760.0,8.44331892217977,2.631800614808659,0.04794143549097314,0.093346709972046,-0.0031455943750336077,8.44331892217977,-0.0032032484988493907,2.4272398686283903,-195.40747211895913,2.50375476691604,,0.0,,0.5297745731200156,2.4422588166950403,-0.0016451391946768433,0.0,0.2500418472833898,-1.1421052631578947,-1.1332542622560418,0.16556134181068813,0.2359455115471269,-0.08204867401968576,-1.1451112609575185,-1.666283304581177,0.48418551813257726,0.5644319951709951,0.27693669130090376,Staffing & Employment Services,Industrials,TBI
2012Q4,2012,Q4,2013-02-21,2012-12-28,7415000.0,344614000.0,10434000.0,0.19,94383000.0,0.2738803415,601743000.0,333674000.0,317166000.0,113556000.0,268069000.0,0.0,330855000.0,614591460.0,529778460.0,8.436976914713394,2.7930360350840115,0.0,0.0,0.021239109788081825,8.436976914713394,0.022222288820825116,1.7834198842763207,20.721222521915035,1.8418919664103284,,0.0,,0.5726929935204896,2.61373243157561,0.01232253636519245,0.0,0.27388034148351487,-0.4722222222222222,-0.4336146495938445,0.06850069215486727,0.28896895987979376,-0.10307896987551078,-0.48316721265769846,-0.5450819672131147,2.7905142684613695,0.43203451280149147,0.27347415992809915,Staffing & Employment Services,Industrials,TBI
2012Q3,2012,Q3,2012-10-29,2012-09-28,14347000.0,379467000.0,22936000.0,0.36,105230000.0,0.2773100164,598643000.0,324540000.0,317503000.0,117550000.0,274103000.0,0.0,321526000.0,621191520.0,501850520.0,8.21287579714546,2.7010038281582305,0.0,0.0,0.04343268399606287,8.21287579714546,0.0442071855549393,1.6370106491473566,10.82441486024953,1.9140676650027735,,0.0,,0.6338786221504302,2.572879625691195,0.023965869474795495,0.0,0.2773100164177649,0.3846153846153845,-0.28918665467079263,0.09350776456028369,0.3540858170577599,0.1250213821416353,0.3879268646609268,0.3272380070597766,0.8907392816350078,0.44648360101246887,0.25198661595095206,Staffing & Employment Services,Industrials,TBI
2012Q2,2012,Q2,2012-07-30,2012-06-29,10337000.0,354261000.0,17281000.0,0.26,93536000.0,0.2640313215,580795000.0,307869000.0,304902000.0,117949000.0,272926000.0,0.0,305359000.0,614571480.0,485125480.0,7.754691317599053,2.585032514052684,0.0,0.0,0.032794117463718755,7.754691317599053,0.033575968999801864,1.7347985807074444,14.863390732320791,1.9962109858413806,,0.0,,0.6099587634191066,2.486159272227827,0.017798018233628043,0.0,0.2640313215397687,5.5,-0.36359235750642904,0.16614312030214282,0.20390718892872367,0.18048842052123432,5.756209150326797,6.245702306079664,1.99015119249635,0.547442477748712,0.22466720473922827,Staffing & Employment Services,Industrials,TBI
2012Q1,2012,Q1,2012-04-30,2012-03-30,1530000.0,311187000.0,2385000.0,0.04,79235000.0,0.254621819,566012000.0,299997000.0,284827000.0,112390000.0,266015000.0,0.0,297092000.0,704919000.0,579914000.0,7.609308814204185,2.534273511878281,0.0,0.0,0.004591778647118294,7.609308814204185,0.005100051000510005,2.2652585101562726,115.18284313725489,2.349753497534975,,0.0,,0.5497886970594263,2.396948127057567,0.0027031229019879436,0.0,0.25462181903485687,-0.7894736842105263,-0.8159514219063709,0.33464611075318057,0.28873150463260255,-0.13718380103013078,-0.7977260708619778,-0.7767063009081546,1.3123509730138034,0.5012207496133988,0.21894933928781396,Staffing & Employment Services,Industrials,TBI
2011Q4,2011,Q4,2012-02-23,2011-12-30,7564000.0,350156000.0,10681000.0,0.19,91833000.0,0.2622631056,560769000.0,293579000.0,280615000.0,112289000.0,267190000.0,0.0,290935000.0,547219000.0,437908000.0,7.446518706404565,2.4990426488792314,0.0,0.0,0.024197105011601057,7.446518706404565,0.02576478562839985,1.5627863009629994,18.08629693283977,1.8639582531448096,,0.0,,0.6244211074435284,2.3605428848774146,0.013488620091338858,0.0,0.262263105587224,-0.42424242424242425,-0.563323385859844,0.28899788619945843,0.036671466522306455,-0.08029964647324514,-0.45633580104937826,-0.5234036856900629,1.17793019511308,0.25678658875121446,0.17659455825461037,Staffing & Employment Services,Industrials,TBI
2011Q3,2011,Q3,2011-10-31,2011-09-30,13913000.0,371379000.0,22411000.0,0.33,99851000.0,0.2688654986,568641000.0,290589000.0,286366000.0,125837000.0,278052000.0,0.0,288146000.0,471463960.0,372413960.0,6.983298087090263,2.2756899798946257,0.0,0.0,0.047198369364364286,6.983298087090263,0.04787861894290561,1.269495474973006,8.471644505139079,1.6224425563252567,,0.0,,0.6530992313252122,2.1729221135278176,0.024467106663079167,0.0,0.26886549858769615,0.65,-0.3039074418851647,0.23306904161432532,0.011213114268373507,0.17014718979984061,0.6276321946654189,0.6248096860726455,-0.1309134149660921,-0.02311534275063256,-0.06270085040477022,Staffing & Employment Services,Industrials,TBI
2011Q2,2011,Q2,2011-08-01,2011-07-01,8548000.0,320179000.0,13793000.0,0.2,85332000.0,0.2665134191,560379000.0,313060000.0,306479000.0,99154000.0,247319000.0,0.0,309858000.0,640964260.0,498945260.0,7.218853044942007,3.090939346874559,0.0,0.0,0.026979963732486192,7.218853044942007,0.027304670031303904,2.0018935033215794,18.7460300655124,2.0474166613428735,,0.0,,0.5713615249679235,2.874669705710309,0.015253962050683556,0.0,0.26651341905621545,9.0,-0.43589684959548486,0.15765525717745385,0.137506273680744,0.21848895489140524,10.159268929503916,13.518947368421053,-0.4910389618166317,-0.13975414947334167,0.026187374275885855,Staffing & Employment Services,Industrials,TBI
2011Q1,2011,Q1,2011-05-06,2011-04-01,766000.0,274300000.0,950000.0,0.02,70031000.0,0.2553080569,549969000.0,315810000.0,295372000.0,85869000.0,234159000.0,0.0,312645000.0,740123800.0,587333800.0,7.266682006442706,3.4397978315806634,0.0,0.0,0.001831664195669359,7.266682006442706,0.002425509008581109,2.698227488151659,241.55476501305483,2.3435730344194297,,0.0,,0.49875538439439315,3.1815905623682585,0.0013928057763255748,0.0,0.2553080568720379,-0.7777777777777777,-0.917483724465514,0.14049709224139453,0.0644741563105493,-0.14501458936136444,-0.8065167971710028,-0.8283029098138442,-0.9131606964505823,-0.15534582237739206,0.06370765956860178,Staffing & Employment Services,Industrials,TBI
2010Q4,2010,Q4,2011-02-22,2010-12-31,3959000.0,311943000.0,5533000.0,0.09,81909000.0,0.2625768169,546466000.0,312707000.0,293500000.0,85923000.0,233759000.0,0.0,309800000.0,781845399.9999999,618692399.9999999,7.195283018867925,3.41584907417106,0.0,0.0,0.012138289591776003,7.195283018867925,0.01266041374193734,2.5063726385910243,49.37139429148774,2.5002491149862327,,0.0,,0.5708369779638623,3.220825622941471,0.007244732517668071,0.0,0.2625768169184755,-0.6086956521739131,-0.683064776894545,0.14263934909767506,0.10798912343969323,-0.03167115902964959,-0.6125844016048537,-0.6599680432645034,-0.7248103201533302,-0.11983737997229096,0.09926773092112792,Staffing & Employment Services,Industrials,TBI
2010Q3,2010,Q3,2010-10-29,2010-09-24,10219000.0,312769000.0,16272000.0,0.23,84588000.0,0.2704487977,544903000.0,306233000.0,286622000.0,88149000.0,238670000.0,0.0,303817000.0,573314250.0,434333250.0,7.077422635142943,3.2515626949823595,0.0,0.0,0.033077296206231226,7.077422635142943,0.0333700156416846,1.8330277297302482,14.025693561013798,1.8721504540660217,,0.0,,0.5739902331240606,3.094260853781665,0.018753796547275388,0.0,0.2704487976749614,0.2777777777777779,-0.4229718922508099,0.067751907255426,0.14305582780874931,0.11549518660160886,0.2901148844842823,0.529035895508363,-0.5376200514228879,-0.17687142719845753,0.16687964706607658,Staffing & Employment Services,Industrials,TBI
2010Q2,2010,Q2,2010-07-30,2010-06-25,7921000.0,284804000.0,10642000.0,0.18,75830000.0,0.266253283,529459000.0,294191000.0,273943000.0,87007000.0,235268000.0,0.0,292012000.0,523862759.99999994,382935759.99999994,6.8063530990444905,3.1485167860057235,0.0,0.0,0.026452409305308323,6.8063530990444905,0.026924684983565098,1.8393799244392632,16.533984345410932,1.7806892800935445,,0.0,,0.537915117128994,2.950900502258439,0.01496055407500864,0.0,0.266253282959509,4.435114503816794,-0.4706446923495717,-0.004262154964592478,-0.006490965632468325,0.24057259713701432,4.506418769366976,3.5434990439770555,-0.5520728132867425,-0.13888504045233688,0.05667873687382167,Staffing & Employment Services,Industrials,TBI
2010Q1,2010,Q1,2010-04-30,2010-03-26,-2259000.0,239851000.0,-4184000.0,-0.0524,61125000.0,0.2548457167,513662000.0,284872000.0,248286000.0,80778000.0,228790000.0,0.0,282586000.0,678557250.0,550042250.0,6.612167212125432,3.0736834286563175,0.0,0.0,-0.008604410407691,6.612167212125432,-0.007929877278216181,2.8290782610870915,-75.09487051792829,2.381972429722823,,0.0,,0.4669432428328356,2.8386441852979774,-0.0043978335948542035,0.0,0.25484571671579437,-2.0693877551020408,-1.2381932487275598,-0.027134456870268036,0.300735140819491,-0.1617755958421327,-2.0600656968559363,-2.387267904509284,-1.2486697923743189,-0.058648155323384424,0.11985311783616508,Staffing & Employment Services,Industrials,TBI
2009Q4,2009,Q4,2010-02-16,2009-12-25,2131000.0,262150000.0,3016000.0,0.049,72922000.0,0.2781689872,518129000.0,285432000.0,248063000.0,84835000.0,232697000.0,0.0,283156000.0,644952510.0,520575510.0,6.625165378455539,2.9240643602286793,0.0,0.0,0.007103180718575189,6.625165378455539,0.007465876285770341,2.460242265878314,75.66312881276396,2.2595662364416045,,0.0,,0.50595508068454,2.7231920787410857,0.004112875365015276,0.0,0.27816898722105665,-0.7421052631578948,-0.7872850155232534,-0.04967864876243492,0.3912605063149961,-0.11741282693680936,-0.7413521058380872,-0.7755284310806788,-0.8874209372101712,-0.1169073709931892,-0.07767371846803849,Staffing & Employment Services,Industrials,TBI
2009Q3,2009,Q3,2009-10-30,2009-09-25,8239000.0,284843000.0,13436000.0,0.19,82623000.0,0.2900650534,519749000.0,281458000.0,243337000.0,83415000.0,238291000.0,0.0,279349000.0,638870340.0,586448340.0,6.559875075746982,2.9171851585446262,0.0,0.0,0.02875886940041796,6.559875075746982,0.029272573527844296,2.242885870461974,19.385554678965896,2.2698602988723007,,0.0,,0.5480395344675988,2.7097884073607865,0.015851882350903995,0.0,0.29006505338028316,1.1111111111111112,-0.48331470408689997,-0.060680641471205075,0.4594606548847949,0.13446381985445557,1.2088471849865952,1.6003483646216372,-0.6002198101543007,-0.08277440689543168,-0.05010045084276985,Staffing & Employment Services,Industrials,TBI
2009Q2,2009,Q2,2009-07-31,2009-06-26,3730000.0,247011000.0,5167000.0,0.09,72830000.0,0.2948451688,509978000.0,271241000.0,233122000.0,81656000.0,238737000.0,0.0,269414000.0,356823880.0,297581880.0,6.332080493043235,2.85492799059469,0.0,0.0,0.01208616437075055,6.332080493043235,0.013751608348295427,1.4445667601847691,23.915809651474532,1.315523390637846,,0.0,,0.48435618791398843,2.5958655824434214,0.007314040997846966,0.0,0.2948451688386347,1.75,-0.6431746342677027,-0.10384210635369923,0.5305607197515075,0.16210049305101243,1.703375447859702,1.5280531425651507,-0.750796972818007,-0.09582359759360687,-0.0022263590287558248,Staffing & Employment Services,Industrials,TBI
2009Q1,2009,Q1,2009-05-01,2009-03-27,-5303000.0,224414000.0,-9785000.0,-0.12,62671000.0,0.2792651082,509623000.0,266443000.0,227970000.0,87402000.0,243180000.0,0.0,264427000.0,364077460.0,309152460.0,6.242514408884308,2.608292716413812,0.0,0.0,-0.02268759355390228,6.242514408884308,-0.019902943593939418,1.6223473580079675,-17.163749764284365,1.3664365736761708,,0.0,,0.44035296680094893,2.4168897736893893,-0.010405731295487056,0.0,0.279265108237454,0.888888888888889,-4.141173144352169,0.037156785552737416,0.634541946489029,-0.291340630512461,0.8847750038024466,-3.085909187806438,-1.58167103130855,-0.04991320492204451,-0.08555304157219792,Staffing & Employment Services,Industrials,TBI
2008Q4,2008,Q4,2009-02-18,2008-12-26,-46023000.0,301629000.0,4691000.0,-1.08,88436000.0,0.2931946199,519675000.0,270129000.0,242804000.0,95308000.0,249546000.0,0.0,268136000.0,390540300.0,282438300.0,6.328873998406823,2.5475720820917447,0.0,0.0,0.014440000706270446,6.328873998406823,-0.17037415457059404,1.294770396745671,-2.121440909979793,1.4457548060371157,,0.0,,0.580418530812527,2.401708146220674,-0.08856111993072593,0.0,0.2931946198807144,-3.8421052631578947,-9.584964626796479,0.17085409031810647,0.6920629916785833,-0.23217975655073017,-3.817447199265381,-0.812089408748598,-4.75149948618656,0.1249986105700353,-0.025427695412830187,Staffing & Employment Services,Industrials,TBI
2008Q3,2008,Q3,2008-10-30,2008-09-26,16335000.0,387914000.0,24964000.0,0.38,115178000.0,0.2969163268,581444000.0,316346000.0,240869000.0,108857000.0,265098000.0,0.0,312504000.0,685304400.0,627824400.0,7.450447479981158,2.212710252900594,0.0,0.0,0.04955420627873705,7.450447479981158,0.05163649927610907,1.7666400284599164,10.488282828282829,2.166312834681014,,0.0,,0.6671562523648021,1.9579080812442011,0.02809384910670675,0.0,0.29691632681470637,-0.025641025641025664,0.4994183563579269,0.44795430997763347,1.0860177223887104,0.04192938494522493,-0.023493543758967003,0.13436633798336892,-0.060050379756225646,0.3495189162958775,0.20330208478548345,Staffing & Employment Services,Industrials,TBI
2008Q2,2008,Q2,2008-07-31,2008-06-27,16728000.0,370710000.0,22007000.0,0.39,110543000.0,0.2981926573,567353000.0,303854000.0,238194000.0,108129000.0,263499000.0,0.0,299999000.0,581823180.0,516074180.0,7.034634439968515,2.2028687956052493,0.0,0.0,0.05126934926508536,7.034634439968515,0.05505275559972882,1.5694833697499393,8.69534881635581,1.9148116529649108,,0.0,,0.6534027316326873,1.9953481489702114,0.02948428932252055,0.0,0.2981926573332254,0.95,1.9711435745760406,0.5938582117527801,1.1371318241959472,0.12391845864470541,0.9006931030564709,0.8395887319234305,0.11867198309759773,0.29695441967110314,0.026830781165738737,Staffing & Employment Services,Industrials,TBI
2008Q1,2008,Q1,2008-05-01,2008-03-28,8801000.0,324016000.0,11963000.0,0.2,98355000.0,0.3035498247,551331000.0,296226000.0,234387000.0,105469000.0,255105000.0,0.0,292284000.0,592758540.0,568033540.0,6.831465338314653,2.222330732253079,0.0,0.0,0.025645847456239653,6.831465338314653,0.029710423798046087,1.8294113253666486,16.837817861606634,2.001034818010573,,0.0,,0.5876977713932284,2.032748959409874,0.015963187268628103,0.0,0.3035498247000148,-0.3939393939393939,3.550613200039051,0.752367348376394,1.212428358652275,-0.12113197094119434,-0.38686080535042494,-0.41598320640499903,-0.07797675589056989,0.30579312137032294,0.3438751235058175,Staffing & Employment Services,Industrials,TBI
2007Q4,2007,Q4,2008-02-19,2007-12-28,14354000.0,353616000.0,20484000.0,0.33,111911000.0,0.3164760644,545249000.0,283827000.0,229508000.0,114538000.0,261422000.0,0.0,280088000.0,641323980.0,584315980.0,6.545523730455237,2.0037716740295797,0.0,0.0,0.04462559525339564,6.545523730455237,0.05057306035014287,1.8136169743450523,11.169778110631183,2.2595594499466225,,0.0,,0.6485403916375821,1.8158951614311407,0.026325587025377396,0.0,0.3164760644314737,-0.3529411764705882,3.1138602235419652,0.47995865609323585,1.0017428507683122,-0.10830730494645589,-0.36830524138538046,-0.3797426192278577,0.42358763904548213,0.27364725471520357,0.3745360514235031,Staffing & Employment Services,Industrials,TBI
2007Q3,2007,Q3,2007-11-01,2007-09-28,22723000.0,390672000.0,33025000.0,0.51,125504000.0,0.321251587,526506000.0,269825000.0,249711000.0,110201000.0,256681000.0,0.0,265557000.0,823454370.0000001,767570370.0000001,6.0652550183199585,2.2659594740519595,0.0,0.0,0.07827864961381288,6.0652550183199585,0.08421384230519781,2.1077895779579805,9.059701293843244,3.051809024367646,,0.0,,0.7420086380781985,1.9971688097204199,0.04315810266169806,0.0,0.3212515870090511,0.24390243902439035,1.4830059070579997,0.4430205069964725,0.9188760610466581,0.12170314692502257,0.21034409289442846,0.21742175692114868,0.3743652840024479,0.24252437180618633,0.3494161030303684,Staffing & Employment Services,Industrials,TBI
2007Q2,2007,Q2,2007-08-02,2007-06-29,18774000.0,351131000.0,27127000.0,0.41,111887000.0,0.3186474564,547328000.0,295577000.0,267507000.0,107984000.0,251751000.0,0.0,292578000.0,1060471725.888,1001786725.888,6.441270048814505,2.47728367165506,0.0,0.0,0.05827872752604741,6.441270048814505,0.06351644410762677,3.0201597861994527,14.121547431128155,3.5878019124898084,,0.0,,0.6415367019410664,2.274438805749,0.03430118685687558,0.0,0.31864745636244024,0.9523809523809523,3.8778559896307083,0.43654108626436805,1.1472466238583923,0.2057958207153711,0.8142636258214148,1.0844475180574766,0.6765383091202485,0.18917889858904843,0.5569535057014383,Staffing & Employment Services,Industrials,TBI
2007Q1,2007,Q1,2007-05-04,2007-03-30,10348000.0,290237000.0,13014000.0,0.21,92791000.0,0.3197076872,530361000.0,289769000.0,276079000.0,101163000.0,240592000.0,0.0,283766000.0,931953239.9999999,872157239.9999999,5.904495068872769,2.7290511352965017,0.0,0.0,0.02851899942380084,5.904495068872769,0.0357112044421591,3.2110076937123795,22.515298608426747,3.2161937267271514,,0.0,,0.5472442355301389,2.553967359607762,0.01951123857146359,0.0,0.3197076871660057,-0.5227272727272727,3.3876757495196435,0.4156850616703332,1.0484880225313038,-0.15731112584345172,-0.5200816250811613,-0.4688163265306122,4.3309213154806345,0.16660234838989738,0.5460348556304041,Staffing & Employment Services,Industrials,TBI
