Quarters,Year,Quarter,FillingDate,Date,NetIncome,Revenue,OperatingIncome,EPSDiluted,GrossProfit,GrossProfitRatio,TotalAssets,CommonStockEquity,CurrentAssets,CurrentLiability,TotalLiability,Inventory,RetainedEarnings,MarketCap,EnterpriseValue,bookValuePerShare,currentRatio,debtToAssets,debtToEquity,roic,shareholdersEquityPerShare,roe,priceToSalesRatio,peRatio,pbRatio,payoutRatio,inventoryTurnover,dividendYield,assetTurnover,quickRatio,returnOnAssets,priceToFreeCashFlowsRatio,grossProfitMargin,epsdilutedGrowth,fiveYNetIncomeGrowthPerShare,fiveYRevenueGrowthPerShare,fiveYShareholdersEquityGrowthPerShare,grossProfitGrowth,netIncomeGrowth,operatingIncomeGrowth,threeYNetIncomeGrowthPerShare,threeYRevenueGrowthPerShare,threeYShareholdersEquityGrowthPerShare,Industry,Sector,Symbol
2023Q1,2023,Q1,2023-05-05,2023-04-01,5800000.0,546500000.0,31100000.0,0.04,328300000.0,0.6007319305,3646600000.0,1256500000.0,516200000.0,688700000.0,2390100000.0,104300000.0,-24200000.0,2451794100.0,4115194100.0,7.866596546586028,0.7495280964135328,0.4826139417539626,1.4006366892160764,0.00622158757751978,7.866596546586028,0.00461599681655392,4.486356999085087,105.68078017241379,1.9512885793871866,2.206896551724138,2.0920421860019176,0.0052206667762190965,0.14986562825645808,0.5224335704951357,0.0015905226786595732,-110.94090950226244,0.6007319304666057,-0.888888888888889,0.390746584080794,-0.21269887737657278,-0.07327540563334321,0.047877433769549956,-0.8991304347826087,-0.4901639344262295,1.187046183377355,0.018356962183441322,-0.2501630512672347,Beverages—Non-Alcoholic,Consumer Defensive,PRMW
2022Q4,2022,Q4,2023-03-01,2022-12-31,57500000.0,533000000.0,61000000.0,0.36,313300000.0,0.587804878,3667000000.0,1282900000.0,538000000.0,690600000.0,2384100000.0,112100000.0,-9400000.0,2484177780.0,4085377780.0,8.025297609738704,0.7790327251665219,0.4700845377692937,1.343674487489282,0.01596391531601475,8.025297609738704,0.04482032894224024,4.660746303939963,10.800772956521739,1.9363767869670276,0.19478260869565217,1.95985727029438,0.004508534006773058,0.14535042268884646,0.5519837822183609,0.015680392691573494,53.88671973969631,0.5878048780487805,35.0,9.943608975521872,-0.16791104365860796,-0.1112798889256522,-0.10022975301550832,43.23076923076923,1.0538720538720538,2.8528175661011623,-0.007613067359044943,-0.2350358078335172,Beverages—Non-Alcoholic,Consumer Defensive,PRMW
2022Q3,2022,Q3,2022-11-10,2022-10-01,1300000.0,584600000.0,29700000.0,0.01,348200000.0,0.5956209374,3600900000.0,1262700000.0,543800000.0,720100000.0,2338200000.0,113500000.0,-50300000.0,2022018350.0,3613318350.0,7.837161814085416,0.7551728926537981,0.4684384459440695,1.3358675853330166,0.0019257549398282632,7.837161814085416,0.0010295398748713074,3.45880661991105,388.84968269230774,1.6013450146511445,8.692307692307692,2.082819383259912,0.00558847549528915,0.16234830181343554,0.5317317039300097,0.00036102085589713684,108.12932352941176,0.5956209373930893,1.0714285714285714,1.050293507286338,-0.5026622080822496,0.3257460048166885,0.047848329822449596,1.0577777777777777,-0.01,-0.7513950900728832,-0.18572893750279895,-0.06792158086345675,Beverages—Non-Alcoholic,Consumer Defensive,PRMW
2022Q2,2022,Q2,2022-08-11,2022-07-02,-22500000.0,571400000.0,30000000.0,-0.14,332300000.0,0.5815540777,3629300000.0,1276800000.0,555300000.0,715000000.0,2352500000.0,109700000.0,-35700000.0,2186791930.0,3786991930.0,7.923102222167063,0.7766433566433566,0.4680516904086187,1.3304354636591478,0.010164110480718759,7.923102222167063,-0.01762218045112782,3.827077231361568,-24.29768811111111,1.7127129777568924,-0.5155555555555555,2.179580674567001,0.005304574175925371,0.15744082880996335,0.5344055944055944,-0.006199542611522883,123.54756666666667,0.5815540777038852,-2.365384615384616,-13.147579646786516,-0.15029909785366746,0.27448052326873806,0.10914552736982644,-2.3582089552238807,0.9607843137254902,-3.1863396824576764,-0.22496271145129246,-0.06560959194975756,Beverages—Non-Alcoholic,Consumer Defensive,PRMW
2022Q1,2022,Q1,2022-05-12,2022-04-02,-6700000.0,526100000.0,15300000.0,-0.0416,299600000.0,0.5694734841,3679800000.0,1304500000.0,505000000.0,701200000.0,2375300000.0,105200000.0,-1800000.0,2328628160.0,3957328160.0,8.10610956452575,0.7201939532230462,0.4692374585575303,1.3236489076274434,0.007432203168637277,8.10610956452575,-0.005136067458796474,4.426208249382246,-86.8891104477612,1.785073330778076,-1.6865671641791045,2.153041825095057,0.004852642510343944,0.14296972661557694,0.5255276668568168,-0.0018207511277786837,-133.06446628571427,0.5694734841284926,-1.3908045977011494,-1.6107901147031427,-0.20247394557566473,0.28439813110222645,0.04281239122868082,-1.3928571428571428,-0.7371134020618557,-1.8497907213916858,-0.2662410215849705,-0.0636199246479833,Beverages—Non-Alcoholic,Consumer Defensive,PRMW
2021Q4,2021,Q4,2022-03-02,2022-01-01,-2800000.0,518000000.0,58200000.0,-0.0174,287300000.0,0.5546332046,3723400000.0,1320100000.0,509800000.0,709800000.0,2403300000.0,94600000.0,16400000.0,2829280030.0,4442780030.0,8.225895900449274,0.7182304874612567,0.46782510608583555,1.3195212483902734,-0.02123993462229255,8.225895900449274,-0.0021210514354973106,5.46193055984556,-252.61428839285713,2.1432315960912054,-3.4642857142857144,2.438689217758985,0.003428434052885179,0.13912015899446742,0.5494505494505495,-0.0007520008594295536,90.68205224358974,0.5546332046332046,-1.1581818181818182,0.9296518909794871,-0.5005629564853368,0.35922297044593066,-0.06841763942931259,-1.1546961325966851,0.3791469194312796,0.8795959747531825,-0.23565150668520063,-0.02841520775475418,Beverages—Non-Alcoholic,Consumer Defensive,PRMW
2021Q3,2021,Q3,2021-11-05,2021-10-02,18100000.0,550800000.0,42200000.0,0.11,308400000.0,0.559912854,3643100000.0,1313500000.0,529700000.0,663000000.0,2329600000.0,95700000.0,29700000.0,2615840300.0,4163640300.0,8.184769536580655,0.7989441930618402,0.4592517361587659,1.273772363913209,0.011145248641389199,8.184769536580655,0.01377997716025885,4.749165395787945,36.1303908839779,1.9915038446897602,0.5303867403314917,2.5329153605015673,0.0036699488114775203,0.1511899206719552,0.6227752639517345,0.004968296231231644,60.27281797235023,0.5599128540305011,3.1400778210116727,0.561261513754052,-0.4472616696057477,0.020920934399854818,0.03768506056527591,3.180722891566265,2.606837606837607,0.576386488120089,-0.20525312429607892,-0.07662533813156439,Beverages—Non-Alcoholic,Consumer Defensive,PRMW
2021Q2,2021,Q2,2021-08-06,2021-07-03,-8300000.0,526100000.0,11700000.0,-0.0514,297200000.0,0.5649116138,3631900000.0,1326000000.0,512500000.0,620800000.0,2305900000.0,86300000.0,36400000.0,2664140889.9999995,4219340889.9999995,8.207426297188059,0.8255476804123711,0.4596492194168342,1.258974358974359,0.00261178765851663,8.207426297188059,-0.006259426847662142,5.06394390800228,-80.24520753012048,2.0091560256410252,-1.1927710843373494,2.6523754345307067,0.00371601968843322,0.14485530989289352,0.6465850515463918,-0.0022853052121479117,130.59514166666665,0.5649116137616422,-1.9540229885057474,-1.9581667295943943,-0.4915693088310672,0.1678596346168697,0.03445875391576749,0.18627450980392157,0.25806451612903225,-1.83882510958345,-0.2582639635270277,-0.061787271635088375,Beverages—Non-Alcoholic,Consumer Defensive,PRMW
2021Q1,2021,Q1,2021-05-07,2021-04-03,-10200000.0,518000000.0,9300000.0,-0.0174,287300000.0,0.5546332046,3723400000.0,1320100000.0,509800000.0,709800000.0,2403300000.0,94600000.0,16400000.0,2672008650.0,4285508650.0,8.225895900449274,0.7182304874612567,0.46782510608583555,1.3195212483902734,-0.0033940101716034483,8.225895900449274,-0.007726687372168775,5.158317857142857,-65.4904080882353,2.02409563669419,-0.9509803921568627,2.438689217758985,0.003630227768910853,0.13912015899446742,0.5857988165680473,-0.0027394317022076597,13360.04325,0.5546332046332046,0.855,0.884407945394709,-0.49658888114102356,0.3108393697434421,0.019517388218594747,0.49,-0.7327586206896551,-3.4342892097299162,-0.2572674483781729,-0.03094813665580526,Beverages—Non-Alcoholic,Consumer Defensive,PRMW
2020Q4,2020,Q4,2021-03-03,2021-01-02,-20000000.0,505000000.0,34800000.0,-0.12,281800000.0,0.558019802,3604700000.0,1346900000.0,442500000.0,548800000.0,2257800000.0,83800000.0,81100000.0,2512657280.0,4051757280.0,8.405202001922046,0.8063046647230321,0.4589008794074403,1.2281535377533597,0.01484393394961252,8.405202001922046,-0.014848912317172768,4.97555897029703,-31.408216,1.865511381691291,-0.485,2.663484486873508,0.0038604548567801496,0.14009487613393626,0.6147959183673469,-0.005548311926096485,61.13521362530414,0.5580198019801981,0.8536585365853658,-3.721189447087172,-0.5052817726631966,0.4422816511979483,0.10639968590498626,0.8481397114654518,-0.2579957356076759,-4.797232407347615,-0.21353683289332093,-0.06920934026349426,Beverages—Non-Alcoholic,Consumer Defensive,PRMW
2020Q3,2020,Q3,2020-11-05,2020-09-26,-131700000.0,456800000.0,46900000.0,-0.82,254700000.0,0.5575744308,3653700000.0,1348200000.0,531100000.0,675900000.0,2305500000.0,73200000.0,99700000.0,2213445040.0,3697545040.0,8.429885388073608,0.7857671253143956,0.46396803240550677,1.2573802106512386,0.014372734979474736,8.429885388073608,-0.09768580329327993,4.845545183887916,-4.201680030372057,1.6417779557929089,-0.07972665148063782,2.760928961748634,0.004743736487805452,0.1250239483263541,0.6537949400798935,-0.03604565235240988,77.39318321678321,0.5575744308231173,-6.857142857142856,-5.481891832246099,-0.6351876349137735,0.25203785364171083,-0.16244656363038473,-6.9058295964125564,4.8625,-4.132903026313506,-0.6085038820215357,0.4260120103958033,Beverages—Non-Alcoholic,Consumer Defensive,PRMW
2020Q2,2020,Q2,2020-08-06,2020-06-27,22300000.0,517500000.0,8000000.0,0.14,304100000.0,0.5876328502,3660900000.0,1361600000.0,544300000.0,633900000.0,2299300000.0,79300000.0,112000000.0,2182176630.0,3677276630.0,8.504631451396307,0.858652784350844,0.4526209402059603,1.2169506462984725,0.002168041177226915,8.504631451396307,0.016377790834312574,4.216766434782609,24.463863565022425,1.60265616186839,0.4304932735426009,2.691046658259773,0.004399277248239983,0.14135868229123985,0.7084713677236157,0.006091398290037969,64.75301572700296,0.5876328502415459,1.736842105263158,1.3871628300260457,-0.5307810326811666,0.41811949738196313,0.11269667032564946,1.813868613138686,-0.2857142857142857,11.118410800057463,-0.22541377787463096,0.3680231351879164,Beverages—Non-Alcoholic,Consumer Defensive,PRMW
2020Q1,2020,Q1,2020-05-07,2020-03-28,-27400000.0,474200000.0,11200000.0,-0.19,273300000.0,0.5763390974,3719100000.0,1480700000.0,494100000.0,633900000.0,2238400000.0,75300000.0,244900000.0,1237789030.0,2721089030.0,10.491076173134285,0.779460482725982,0.4290016401817644,1.0775308975484568,0.0030626217730971308,10.491076173134285,-0.018504761261565476,2.6102678827498944,-11.29369552919708,0.8359485581144054,-0.35766423357664234,2.6679946879150065,0.007917342747818665,0.1275039660132828,0.6229689225429879,-0.007367373827001156,-24.510673861386138,0.5763390974272459,0.0,-6.343653150928981,-0.47256585115179117,0.800204999519523,0.0,0.0,-0.4427860696517413,-3.848081007114674,-0.18036082842493353,0.662291697732945,Beverages—Non-Alcoholic,Consumer Defensive,PRMW
2019Q4,2019,Q4,2020-02-26,2019-12-28,-27400000.0,474200000.0,20100000.0,-0.19,273300000.0,0.5763390974,3719100000.0,1480700000.0,494100000.0,633900000.0,2238400000.0,75300000.0,244900000.0,1625921280.0,3015921280.0,10.491076173134285,0.779460482725982,0.4290016401817644,1.0775308975484568,0.005496312289218958,10.491076173134285,-0.018504761261565476,3.428766933783214,-14.83504817518248,1.0980760991422975,-0.35766423357664234,2.6679946879150065,0.006027352074511258,0.1275039660132828,0.6748698532891624,-0.007367373827001156,15.8781375,0.5763390974272459,-6.9375,-14.07780745695142,-0.5588417239304772,0.4918649669455529,-0.12711593740019164,-7.2272727272727275,-0.5061425061425061,0.21725275940244948,-0.48013673887346914,0.7335147310146835,Beverages—Non-Alcoholic,Consumer Defensive,PRMW
2019Q3,2019,Q3,2019-11-07,2019-09-28,4400000.0,604100000.0,40700000.0,0.032,313100000.0,0.5182916736,3332500000.0,1139900000.0,584800000.0,580100000.0,2192600000.0,130100000.0,263100000.0,1675632840.0,3133432840.0,8.408264426233137,1.0081020513704533,0.47147786946736686,1.3783665233792437,0.007758352532815302,8.408264426233137,0.0038599877182208964,2.773767323290846,95.20641136363636,1.4699823142380908,1.8181818181818181,2.23674096848578,0.004774315595294731,0.18127531882970743,0.6828133080503361,0.00132033008252063,39.05904055944056,0.5182916735639794,-0.49286846275752777,1.6646382862312694,-0.23804982422291412,0.35835792994539795,-0.040159411404046594,-0.4883720930232558,0.2639751552795031,-0.550724242499839,-0.28237474229291726,0.0487983976024323,Beverages—Non-Alcoholic,Consumer Defensive,PRMW
2019Q2,2019,Q2,2019-08-08,2019-06-29,8600000.0,616100000.0,32200000.0,0.0631,326200000.0,0.5294595033,3320800000.0,1141900000.0,611500000.0,584700000.0,2178900000.0,126200000.0,265000000.0,1656404100.0,3061104100.0,8.479434456845404,1.0458354711818025,0.4662430739580824,1.355898064629127,0.005436609277181476,8.479434456845404,0.0075313074700061305,2.6885312449277716,48.15128197674419,1.4505684385673003,0.9534883720930233,2.297147385103011,0.004950482795834664,0.18552758371476752,0.6275012827090816,0.0025897374126716455,-77.0420511627907,0.5294595033273819,0.3037190082644629,2.516124086472121,-0.19959076625770367,0.42057466468718424,0.06740837696335078,0.30303030303030304,1.9814814814814814,4.677209338590746,-0.28568460055573536,0.20656450243384536,Beverages—Non-Alcoholic,Consumer Defensive,PRMW
2019Q1,2019,Q1,2019-05-09,2019-03-30,6600000.0,600200000.0,10800000.0,0.0484,305600000.0,0.5091636121,3390900000.0,1166200000.0,642300000.0,607600000.0,2224700000.0,122500000.0,265000000.0,2082678440.0,3446678440.0,8.656858232997314,1.0571099407504938,0.46285646878409864,1.3458240439032756,0.005206697414036169,8.656858232997314,0.005659406619790773,3.4699740753082304,78.88933484848485,1.7858672954896244,1.2272727272727273,2.4048979591836734,0.003889222572448582,0.17700315550443835,0.7909809084924292,0.0019463859152437405,-833.071376,0.5091636121292903,1.3457142857142856,-0.7909945269032744,-0.23523640279655003,0.16544269784127127,0.08024036762106751,1.3350253807106598,2.1020408163265305,1.0891010121076672,-0.30513581893301484,0.3795154628057895,Beverages—Non-Alcoholic,Consumer Defensive,PRMW
2018Q4,2018,Q4,2019-02-27,2018-12-29,-19700000.0,574100000.0,-9800000.0,-0.14,282900000.0,0.4927712942,3321500000.0,1151000000.0,603600000.0,565800000.0,2170500000.0,120100000.0,277300000.0,1903272000.0,3266572000.0,8.466472474769764,1.0668080593849416,0.46186963721210295,1.3328410078192876,-0.003214617601871292,8.466472474769764,-0.017115551694178974,3.315227312314928,-24.153197969543147,1.6535812337098177,-0.41624365482233505,2.424646128226478,0.004308370007019491,0.17284359476140299,0.7955107811947685,-0.00593105524612374,36.53113243761996,0.4927712941996168,-2.7500000000000004,-4.465942860505487,-0.16181210148218853,0.3610439044848087,-0.061380225613802256,-2.97,-1.3525179856115108,-4.481532999940138,-0.33706880567772896,0.45279529247965444,Beverages—Non-Alcoholic,Consumer Defensive,PRMW
2018Q3,2018,Q3,2018-11-08,2018-09-29,10000000.0,603600000.0,27800000.0,0.08,301400000.0,0.4993373095,3135200000.0,1238900000.0,640800000.0,430200000.0,1896300000.0,141000000.0,333400000.0,2522812400.0,3624612400.0,8.863974586457559,1.4895397489539748,0.4032278642510845,1.0204213415126322,0.00945522345618024,8.863974586457559,0.008071676487206393,4.179609675281643,63.070310000000006,2.036332553071273,0.84,2.143262411347518,0.003329617374641095,0.19252360295993876,1.0509065550906556,0.003189589180913498,75.08370238095237,0.4993373094764745,0.32890365448504993,-0.6236857858531786,-0.27078875490807264,0.4118293134193735,-0.02930756843800322,0.17647058823529413,-0.25866666666666666,-0.6105959196082313,-0.44840847095180436,0.31651039190452257,Beverages—Non-Alcoholic,Consumer Defensive,PRMW
2018Q2,2018,Q2,2018-08-07,2018-06-30,8500000.0,609300000.0,37500000.0,0.0602,310500000.0,0.5096011817,3160100000.0,1214100000.0,673900000.0,475500000.0,1946000000.0,136600000.0,321200000.0,2427384630.0,3526684630.0,8.747937486940419,1.4172450052576235,0.4034682446758014,1.0501606127996046,0.013451183282130921,8.747937486940419,0.007001070751997364,3.98389074347612,71.3936655882353,1.9993284161106992,0.9764705882352941,2.1874084919472914,0.003419318017186259,0.19281035410271827,1.018086225026288,0.002689788297838676,3034.2307875,0.5096011816838996,1.3424124513618676,-0.6503471310189518,-0.23866896914634006,0.3451774588145405,0.06995175740868366,1.3611111111111112,2.024193548387097,0.04964239265925479,-0.3627033439693243,0.4586899835703053,Beverages—Non-Alcoholic,Consumer Defensive,PRMW
2018Q1,2018,Q1,2018-05-10,2018-03-31,3600000.0,599200000.0,12400000.0,0.0257,290200000.0,0.4843124166,3175500000.0,1170400000.0,635900000.0,561000000.0,2005100000.0,129600000.0,298800000.0,1614563090.0,2785963090.0,8.488602325227191,1.133511586452763,0.42267359470949456,1.1467874231032125,-0.003409840874092542,8.488602325227191,0.0030758714969241286,2.694531191588785,112.12243680555557,1.3794968301435409,2.3055555555555554,2.384259259259259,0.005140709614512493,0.1886946937490159,0.8616755793226382,0.0011336797354747285,-19.26686264916468,0.4843124165554072,-0.20433436532507743,1.2364949869646016,-0.14996246287400292,0.34075509563447587,0.06106032906764168,-0.21739130434782608,-0.9676324719394414,1.9876725994881568,-0.3177753439711806,0.45659264050902987,Beverages—Non-Alcoholic,Consumer Defensive,PRMW
2017Q4,2017,Q4,2018-02-28,2017-12-30,4600000.0,560800000.0,383100000.0,0.0323,273500000.0,0.4876961484,3211800000.0,1263800000.0,687400000.0,445600000.0,1948000000.0,139700000.0,340700000.0,1759209210.0,2961809210.0,9.030174415696699,1.5426391382405744,0.4030450214832804,1.0242918183256844,0.12495550623621758,9.030174415696699,0.0036398164266497864,3.136963641226819,95.60919619565217,1.3919996914068682,1.826086956521739,2.056549749463135,0.004774872682709522,0.17460613985926896,0.8981149012567325,0.00143221869356747,29.46749095477387,0.48769614835948644,1.201875,2.135624102377226,-0.24362192812703296,0.44810663852322263,-0.20099328074788197,1.2062780269058295,45.71951219512195,3.5527617604957857,-0.4738546821691218,0.2841200115088989,Beverages—Non-Alcoholic,Consumer Defensive,PRMW
2017Q3,2017,Q3,2017-11-09,2017-09-30,-22300000.0,1014100000.0,8200000.0,-0.16,342300000.0,0.3375406765,4117600000.0,821700000.0,972100000.0,972900000.0,3288100000.0,324600000.0,-54800000.0,1647150000.0,3823750000.0,5.911510791366906,0.9991777161064858,0.5585292403341753,2.7988316903979555,0.0027952978583548616,5.911510791366906,-0.027138858464159667,1.624248101765112,-18.465807174887892,2.0045637093829867,-0.3721973094170404,2.0696241528034505,0.0050390067692681305,0.24628424324849427,0.44331380409086235,-0.005415776180299203,31.67596153846154,0.3375406764618874,-15.159292035398233,-1.5762668435593732,0.10133576245427435,-0.052342587901509786,0.16905737704918034,-14.9375,-0.8165548098434005,-2.285361276196434,0.24751022199122166,-0.04499345473029912,Beverages—Non-Alcoholic,Consumer Defensive,PRMW
2017Q2,2017,Q2,2017-08-10,2017-07-01,1600000.0,580900000.0,44700000.0,0.0113,292800000.0,0.5040454467,4148500000.0,865400000.0,984600000.0,974800000.0,3274700000.0,142300000.0,-20700000.0,1767903500.0,3222503500.0,6.216730720879279,1.0100533442757489,0.37039893937567797,1.775595100531546,0.011883359641106588,6.216730720879279,0.0018488560203374163,3.0433869857118263,276.234921875,2.042874393344118,5.25,2.0245959241040055,0.004751390559496036,0.1400265156080511,0.40203118588428394,0.00038568157165240447,28.74639837398374,0.5040454467206059,-0.8308383233532934,-0.9312639268468005,-0.3246030304297716,-0.049196418979538234,0.04946236559139785,-0.8315789473684211,3.138888888888889,-0.36716269065724066,-0.26992309801956166,0.041499902406122335,Beverages—Non-Alcoholic,Consumer Defensive,PRMW
2017Q1,2017,Q1,2017-05-11,2017-04-01,9500000.0,571300000.0,10800000.0,0.0668,279000000.0,0.488359881,4093100000.0,879600000.0,933900000.0,933400000.0,3207400000.0,127600000.0,-12200000.0,1892658180.0,4087758180.0,6.311212519103687,1.0005356760231412,0.5587452053455816,2.600045475216007,-0.0015039688065729003,6.311212519103687,0.010800363801728058,3.3128972168737967,49.80679421052632,2.151725989085948,0.8736842105263158,2.290752351097179,0.004385366617019033,0.13957636021597322,0.45403899721448465,0.0023209792089125604,-39.10450785123967,0.488359880973219,1.2671999999999999,0.9005557321191385,-0.24865114479121225,-0.022061218027084776,-0.10173857050869285,1.2761627906976745,0.2413793103448276,-0.7092112208724928,-0.29638392037479766,-0.15034342171881449,Beverages—Non-Alcoholic,Consumer Defensive,PRMW
2016Q4,2016,Q4,2017-03-01,2016-12-31,-34400000.0,896400000.0,8700000.0,-0.25,310600000.0,0.3464970995,4417300000.0,839400000.0,1327700000.0,769800000.0,3571500000.0,329400000.0,-21900000.0,1703236000.0,4269336000.0,6.051910598413843,1.7247336970641725,0.6076562606116859,3.1977603049797474,0.002545785737015944,6.051910598413843,-0.04098165356206814,1.9000847835787595,-12.378168604651163,2.029111269954729,-0.2441860465116279,1.7783849423193685,0.004931788665810258,0.20292939125710274,0.5236425045466355,-0.007787562538202069,25.121474926253686,0.3464970995091477,-4.486750348675034,-4.444048517748844,0.16508090590832397,0.0025680036428491256,0.22961203483768805,-4.865168539325842,-0.7485549132947977,-8.355212689257389,0.2827796128982522,-0.027113587742200074,Beverages—Non-Alcoholic,Consumer Defensive,PRMW
2016Q3,2016,Q3,2016-11-10,2016-10-01,8900000.0,765000000.0,34600000.0,0.0717,252600000.0,0.3301960784,3615000000.0,987700000.0,1364200000.0,471600000.0,2621100000.0,247100000.0,119000000.0,1494416000.0,3261816000.0,8.017045454545455,2.892705682782019,0.5579253112033195,2.042016806722689,0.015516320504681,8.017045454545455,0.009010833248962236,1.9534849673202614,41.97797752808989,1.5130262225372078,0.8314606741573034,2.0736543909348444,0.004951767111701159,0.21161825726141079,1.4355385920271417,0.0024619640387275243,27.985318352059924,0.33019607843137255,5.120689655172414,-0.5793788580246914,-0.041872852936365085,0.32644766269075604,-0.17396991497710923,4.708333333333333,-0.0546448087431694,-0.6200401808136614,0.048485923441581404,0.2769327878078087,Beverages—Non-Alcoholic,Consumer Defensive,PRMW
2016Q2,2016,Q2,2016-08-09,2016-07-02,-2400000.0,885100000.0,36600000.0,-0.0174,305800000.0,0.3454976839,4114400000.0,971200000.0,936800000.0,867800000.0,3138100000.0,320100000.0,106700000.0,1587860550.0,3757160550.0,7.027750642208473,1.079511408158562,0.5561442737701731,2.356054365733114,-0.00790965132340785,7.027750642208473,-0.002471169686985173,1.7939900011298158,-165.402140625,1.6349470242998354,-3.5,1.809746954076851,0.005290137096736864,0.21512249659731675,0.6978566489974648,-0.00058331713007972,31.0129013671875,0.34549768387752794,0.9683636363636364,-1.0946890201016533,-0.011737244212376105,0.16276544347713418,0.013253810470510271,0.9684625492772667,15.636363636363637,-1.0991484364978341,0.11068562751583508,0.08066292931119526,Beverages—Non-Alcoholic,Consumer Defensive,PRMW
2016Q1,2016,Q1,2016-05-09,2016-04-02,-76100000.0,887400000.0,2200000.0,-0.55,301800000.0,0.3400946586,3939700000.0,868500000.0,853200000.0,810100000.0,3065900000.0,301400000.0,22900000.0,1487800000.0,3570400000.0,6.2752890173410405,1.0532033082335515,0.5585958321699622,2.533909038572251,0.001209232113772693,6.2752890173410405,-0.08762233736327,1.6765832769889566,-4.887647831800263,1.7130685089234312,-0.10906701708278581,1.9429329794293297,0.005578706815432182,0.22524557707439652,0.5304283421799778,-0.019316191588191995,-29.46138613861386,0.3400946585530764,-19.833333333333336,-3.5387194503600035,0.09860717007186479,0.06244097972614587,0.3649932157394844,-25.24137931034483,-0.8777777777777778,-3.9804218541574032,0.2541450223724387,-0.008832619997441279,Beverages—Non-Alcoholic,Consumer Defensive,PRMW
2015Q4,2015,Q4,2016-02-29,2016-01-02,-2900000.0,698800000.0,18000000.0,-0.0264,221100000.0,0.3163995421,2887300000.0,639300000.0,638600000.0,563000000.0,2241400000.0,249400000.0,129600000.0,877600000.0,2451300000.0,5.827711941659071,1.1342806394316163,0.5717452291067779,2.5821992804630063,0.0024478426628026387,5.827711941659071,-0.00453621148130768,1.2558672009158558,-75.6551724137931,1.3727514468950412,-2.2413793103448274,1.9153969526864474,0.007406563354603464,0.24202542167422852,0.6607460035523979,-0.0010043985730613376,14.38688524590164,0.3163995420721236,-1.1466666666666667,-1.182952062623895,0.057841827931546554,-0.026854689175275826,-0.08104738154613467,-1.1584699453551912,-0.4943820224719101,-3.521969006381039,0.20242890005804232,-0.06545012735875716,Beverages—Non-Alcoholic,Consumer Defensive,PRMW
2015Q3,2015,Q3,2015-11-12,2015-10-03,18300000.0,779800000.0,35600000.0,0.18,240600000.0,0.3085406514,3073500000.0,670600000.0,753100000.0,656000000.0,2396500000.0,266700000.0,142200000.0,737040000.0,2410340000.0,6.732931726907631,1.1480182926829268,0.5701317715959004,2.613033104682374,0.015607047750647541,6.732931726907631,0.02728899492991351,0.9451654270325724,10.068852459016393,1.0990754548165822,0.4918032786885246,2.021747281589801,0.0122110061869098,0.2537172604522531,0.6102134146341464,0.005954123962908736,11.699047619047619,0.3085406514490895,2.103448275862069,-0.3764718367139443,0.4827034580516556,0.3020508917130411,0.03483870967741935,1.859375,-0.29365079365079366,-0.34002828805717167,0.18189161567972112,0.07933705635370271,Beverages—Non-Alcoholic,Consumer Defensive,PRMW
2015Q2,2015,Q2,2015-08-05,2015-07-04,6400000.0,755600000.0,50400000.0,0.058,232500000.0,0.3077024881,2975300000.0,657800000.0,680600000.0,591900000.0,2312500000.0,253900000.0,140500000.0,608757300.0,2248657300.0,5.9971190489214665,1.1498563946612603,0.5725809162101301,2.5898449376710246,0.22735346358792186,5.9971190489214665,0.00972940103374886,0.8056607993647432,23.779582031249998,0.9254443599878382,1.015625,2.060259944860181,0.010677490027634988,0.25395758410916547,0.6827166751140396,0.002151043592242799,13.320728665207877,0.30770248808893597,3.1969696969696972,-0.47546614318548674,0.22441795996858055,0.028819164009348645,0.051560379918588875,3.206896551724138,0.6524590163934426,-0.6510619381401039,0.11494467089358822,-0.08278442101895195,Beverages—Non-Alcoholic,Consumer Defensive,PRMW
2015Q1,2015,Q1,2015-05-14,2015-04-04,-2900000.0,698800000.0,30500000.0,-0.0264,221100000.0,0.3163995421,2887300000.0,639300000.0,638600000.0,563000000.0,2241400000.0,249400000.0,129600000.0,573731000.0,2147431000.0,5.827711941659071,1.1342806394316163,0.5717452291067779,2.5821992804630063,0.004147733400860026,5.827711941659071,-0.00453621148130768,0.8210231825987407,-49.45956896551724,0.8974362584076334,-2.2413793103448274,1.9153969526864474,0.011329351211630537,0.24202542167422852,0.9609236234458259,-0.0010043985730613376,-18.81085245901639,0.3163995420721236,-1.0465116279069768,-1.184760493044271,-0.024965836259516958,-0.10303232554786262,0.09836065573770492,-1.4166666666666667,3.5522388059701493,-1.7370904606145101,0.1676053865530757,-0.09698088906623102,Beverages—Non-Alcoholic,Consumer Defensive,PRMW
2014Q4,2014,Q4,2015-03-04,2015-01-03,-1200000.0,709800000.0,6700000.0,-0.0129,201300000.0,0.2836010144,3033600000.0,655400000.0,681300000.0,647100000.0,2372000000.0,270500000.0,146600000.0,402624000.0,2094024000.0,7.032188841201717,1.0528511821974966,0.5859704641350211,2.7122368019530056,0.00031115008657248047,7.032188841201717,-0.00183094293561184,0.5672358410819949,-83.88000000000001,0.6143179737564847,-7.5,1.8798521256931608,0.02235336194563662,0.23397943037974683,0.5889352495750271,-0.00039556962025316455,335.52,0.28360101437024515,0.735655737704918,-1.0739184549356224,0.686742147483848,0.4161993132617059,1.7276422764227641,0.7391304347826086,-0.6378378378378379,-1.1787938651855592,0.37293754209499086,0.16496227317220094,Beverages—Non-Alcoholic,Consumer Defensive,PRMW
2014Q3,2014,Q3,2014-11-04,2014-09-27,-4600000.0,550900000.0,18500000.0,-0.0488,73800000.0,0.1339626066,1707100000.0,583100000.0,651700000.0,476100000.0,1116500000.0,251400000.0,154500000.0,395640000.0,960440000.0,6.190021231422505,1.3688300777147657,0.3841016929295296,1.124506945635397,0.03254401664295658,6.190021231422505,-0.007888869833647744,0.7181702668360864,-21.502173913043478,0.6785114045618248,-1.2391304347826086,1.8977724741447892,0.01440703670003033,0.32271103040243687,0.9088426801092208,-0.0026946283170288794,8.208298755186721,0.133962606643674,-3.7111111111111112,-1.0983230815893237,-0.06077023420368619,0.4497280698597764,0.16220472440944883,-3.7058823529411766,2.135593220338983,-1.284327409504338,-0.09760997150967461,0.024160239701679957,Beverages—Non-Alcoholic,Consumer Defensive,PRMW
2014Q2,2014,Q2,2014-08-07,2014-06-28,1700000.0,535000000.0,5900000.0,0.018,63500000.0,0.1186915888,1573500000.0,558700000.0,553600000.0,370900000.0,1008300000.0,230900000.0,147400000.0,443664000.0,1005164000.0,5.969017094017094,1.4925856025882986,0.38697171909755324,1.0898514408448183,0.0024424395173564184,5.969017094017094,0.0030427778772149634,0.8292785046728972,65.24470588235295,0.7941005906568821,3.2941176470588234,2.042009527934171,0.012622164520898697,0.3400063552589768,1.1197088163925586,0.0010803940260565618,26.888727272727273,0.11869158878504672,-0.9181818181818182,-0.9084710976158346,0.08133167839268121,0.2492533043762552,-0.2857142857142857,-0.9220183486238532,1.1820987654320987,-0.9009729632923275,-0.11803702981316257,-0.012405652704503896,Beverages—Non-Alcoholic,Consumer Defensive,PRMW
2014Q1,2014,Q1,2014-05-08,2014-03-29,21800000.0,541800000.0,-32400000.0,0.22,88900000.0,0.1640826873,3107700000.0,690800000.0,724100000.0,653300000.0,2410000000.0,271300000.0,158100000.0,362700000.0,2074500000.0,7.427956989247312,1.1083728761671514,0.5785629243491972,2.602779386218877,0.00658622554596147,7.427956989247312,0.031557614360162134,0.6694352159468439,4.159403669724771,0.52504342790967,0.29357798165137616,1.669369701437523,0.01764543700027571,0.17434115262090935,0.6301852135313026,0.007014834121697719,-5.775477707006369,0.1640826873385013,9.30188679245283,0.0939896033611051,0.06361718201571129,0.35612172265864395,0.7673956262425448,9.72,-3.2344827586206897,2.9348990756461046,-0.0018055588186922968,0.25759401347278155,Beverages—Non-Alcoholic,Consumer Defensive,PRMW
2013Q4,2013,Q4,2014-02-24,2013-12-28,-2500000.0,475100000.0,14500000.0,-0.0265,50300000.0,0.1058724479,1454200000.0,586600000.0,547700000.0,408600000.0,859000000.0,249000000.0,167300000.0,248009000.0,723409000.0,6.220572640509014,1.3404307391091532,0.35937285105212485,0.8908966928060007,0.009553552603837235,6.220572640509014,-0.0042618479372655985,0.5220143127762576,-24.8009,0.42279065802932153,-2.04,1.7060240963855422,0.02056376986319045,0.3267088433502957,0.8675966715614293,-0.0017191583000962728,3.1196100628930816,0.10587244790570406,-1.1394736842105262,-1.0898217636022516,-0.03256037748388374,0.7856464159753612,-0.3433420365535248,-1.138121546961326,-0.4423076923076923,-1.1834738844282853,-0.1633423154464543,0.03874748037607429,Beverages—Non-Alcoholic,Consumer Defensive,PRMW
2013Q3,2013,Q3,2013-11-01,2013-09-28,18100000.0,563800000.0,26000000.0,0.19,76600000.0,0.1358637815,1546100000.0,597700000.0,597000000.0,267200000.0,937500000.0,240000000.0,188700000.0,232288000.0,770188000.0,6.2783613445378155,2.2342814371257487,0.39111312334260395,1.011711560983771,0.019670344093086788,6.2783613445378155,0.030282750543751045,0.41200425682866265,3.2083977900552485,0.3886364396854609,0.6187845303867403,2.03,0.048216007714561235,0.36465946575253866,1.1444610778443114,0.01170687536381864,3.0930492676431425,0.13586378148279532,0.4615384615384615,1.154392770806953,-0.09692064092518032,0.10330413192945173,0.17846153846153845,0.09696969696969697,-0.2507204610951009,-0.3547827802006878,0.12154971972306708,0.21414360322152423,Beverages—Non-Alcoholic,Consumer Defensive,PRMW
2013Q2,2013,Q2,2013-08-02,2013-06-29,16500000.0,543200000.0,34700000.0,0.13,65000000.0,0.1196612666,1560400000.0,612600000.0,619600000.0,263600000.0,937800000.0,215400000.0,193000000.0,171444000.0,651944000.0,6.503184713375796,2.3505311077389983,0.3885542168674699,0.9897159647404505,0.028126618845340467,6.503184713375796,0.02693437806072478,0.31561855670103095,2.5976363636363637,0.2798628795298727,0.3333333333333333,2.2200557103064065,0.032080446093184944,0.34811586772622405,1.562215477996965,0.01057421174057934,9.631685393258428,0.11966126656848307,2.1818181818181817,1.1405252959311287,-0.03624103344769527,0.5498044030903274,0.2037037037037037,2.5865384615384617,1.2980132450331126,0.5746273557029351,0.024938482537522736,0.11563585875736658,Beverages—Non-Alcoholic,Consumer Defensive,PRMW
2013Q1,2013,Q1,2013-05-03,2013-03-30,-10400000.0,481600000.0,15100000.0,-0.11,54000000.0,0.1121262458,1426100000.0,596400000.0,505100000.0,352900000.0,820200000.0,233100000.0,176300000.0,103620000.00000001,514620000.0,6.3312101910828025,1.4312836497591386,0.3212958418063249,0.7682763246143528,0.01408569455282584,6.3312101910828025,-0.017437961099932932,0.21515780730897013,-2.4908653846153848,0.17374245472837024,-0.5,1.8344058344058345,0.05018336228527311,0.3377042283149849,0.8455653159535279,-0.007292616226071103,1.3033962264150944,0.11212624584717608,-11.576923076923078,0.3442311943991156,-0.010655910327252155,0.9852984626671559,-0.0425531914893617,-11.4,-0.10650887573964497,-1.7716141419735993,-0.21745532647507043,-0.025536790696880196,Beverages—Non-Alcoholic,Consumer Defensive,PRMW
2012Q4,2012,Q4,2013-02-27,2012-12-29,1000000.0,505400000.0,16900000.0,0.0104,56400000.0,0.1115947764,1500100000.0,594900000.0,573800000.0,240400000.0,895300000.0,235700000.0,180400000.0,103986000.00000001,527986000.0,6.235849056603773,2.386855241264559,0.40223985067662155,1.014288115649689,0.009367811313433665,6.235849056603773,0.0016809547823163557,0.20574990106846067,25.9965,0.17479576399394858,5.8,1.9049639372083156,0.055776739176427594,0.3369108726084928,1.6010815307820299,0.0006666222251849877,1.0357171314741038,0.11159477641472101,-0.9628571428571427,1.0353692384917472,-0.022964948040986206,0.09391434597795903,-0.38894907908992415,-0.9619771863117871,-0.4440789473684211,-0.9398218029350105,0.17331730822000505,0.2558259385504177,Beverages—Non-Alcoholic,Consumer Defensive,PRMW
2012Q3,2012,Q3,2012-11-01,2012-09-29,26300000.0,625800000.0,30400000.0,0.28,92300000.0,0.1474912112,1528700000.0,589300000.0,576900000.0,266800000.0,926400000.0,234000000.0,175000000.0,99192450.0,656092450.0,6.2380251722787365,2.1622938530734634,0.3951069536207235,1.0249448498218225,0.022185680202321683,6.2380251722787365,0.04462922110979128,0.15850503355704698,0.942894011406844,0.16832250127269643,0.0,2.27991452991453,0.0,0.4093674363838556,1.0172413793103448,0.017204160397723555,2.264667808219178,0.14749121124960052,0.6470588235294118,2.9771172015676424,-0.10758261110207845,-0.17535177770287147,0.2609289617486339,0.6645569620253164,0.06293706293706294,-0.43944919194958887,0.06388875543117539,0.4609707874404356,Beverages—Non-Alcoholic,Consumer Defensive,PRMW
2012Q2,2012,Q2,2012-08-03,2012-06-30,15800000.0,583800000.0,28600000.0,0.17,73200000.0,0.125385406,1534000000.0,617800000.0,587200000.0,248900000.0,903900000.0,219100000.0,189500000.0,104881680.00000001,620681680.0,6.538396410126154,2.3591803937324225,0.3936766623207301,0.9775008093234057,0.021757531694023276,6.538396410126154,0.025574619617999353,0.1796534429599178,1.6595202531645572,0.16976639689219813,0.0,2.330442720219078,0.0,0.38057366362451106,1.428686219365207,0.01029986962190352,6.02768275862069,0.12538540596094552,3.761904761904762,3.0902125137583605,-0.03584638206727983,-0.07125050992526222,0.2079207920792079,3.6470588235294117,0.4088669950738916,-0.1573143234005766,0.16887596086874077,0.36841848364935365,Beverages—Non-Alcoholic,Consumer Defensive,PRMW
2012Q1,2012,Q1,2012-05-07,2012-03-31,3400000.0,517200000.0,20300000.0,0.0357,60600000.0,0.1171693735,1565900000.0,611800000.0,625100000.0,289600000.0,943000000.0,224800000.0,186000000.0,184860000.0,609160000.0,6.453586497890296,2.1584944751381214,0.3855290887029823,0.9867603792088918,0.02262765347102696,6.453586497890296,0.005557371690094802,0.3574245939675174,13.592647058823529,0.30215756783262504,1.7058823529411764,2.031138790035587,0.03137509466623391,0.3302892905038636,1.5010359116022098,0.0021712753049364583,-2.9111811023622045,0.11716937354988399,-0.4978902953586497,1.0327471751588597,-0.09461547725685297,0.02390478559797105,-0.04416403785488959,-0.5,1.1145833333333333,-0.8326174309106659,-0.003953826982357185,0.17823095253711124,Beverages—Non-Alcoholic,Consumer Defensive,PRMW
2011Q4,2011,Q4,2012-02-29,2011-12-31,6800000.0,523800000.0,9600000.0,0.0711,63400000.0,0.1210385643,1488000000.0,570000000.0,525200000.0,248000000.0,905900000.0,228500000.0,150000000.0,287058080.0,790958080.0,6.036409077912038,2.117741935483871,0.4064516129032258,1.0610526315789475,0.007717625695153785,6.036409077912038,0.011929824561403509,0.5480299350897289,10.553605882352942,0.5036106666666667,0.0,2.0148796498905908,0.0,0.35201612903225804,1.215725806451613,0.00456989247311828,3.38911546635183,0.1210385643375334,-0.581764705882353,0.028761453291960976,-0.04953655660229436,-0.15231374871799966,-0.0621301775147929,-0.5802469135802469,-0.6689655172413793,-0.7560133957774463,0.0651722281090285,0.732781346389479,Beverages—Non-Alcoholic,Consumer Defensive,PRMW
2011Q3,2011,Q3,2011-11-04,2011-10-01,16200000.0,611300000.0,29000000.0,0.17,67600000.0,0.1105840013,1500700000.0,570100000.0,534800000.0,254600000.0,916900000.0,216000000.0,156000000.0,531992999.99999994,1110593000.0,6.043996819507024,2.100549882168107,0.4043446391683881,1.0643746711103315,0.03205183491484255,6.043996819507024,0.028416067356604104,0.8702650089972189,8.20976851851852,0.9331573408174003,0.0,2.5171296296296295,0.0,0.4073432398214167,1.1331500392772977,0.010794962350902913,9.779283088235292,0.11058400130868641,-0.055555555555555455,0.7978985066139795,-0.10804124774794287,-0.16865372436223525,0.0,-0.06358381502890173,0.0,1.1394676668034232,-0.011753295329908032,0.062118966779771925,Beverages—Non-Alcoholic,Consumer Defensive,PRMW
2011Q2,2011,Q2,2011-08-09,2011-07-02,17300000.0,611300000.0,29000000.0,0.18,67600000.0,0.1105840013,1500700000.0,570100000.0,534800000.0,254600000.0,916900000.0,216000000.0,156000000.0,1333755500.0,1912355500.0,6.043996819507024,2.100549882168107,0.4043446391683881,1.0643746711103315,0.03205183491484255,6.043996819507024,0.03034555341168216,2.1818346147554393,19.273923410404628,2.339511489212419,0.0,2.5171296296296295,0.0,0.4073432398214167,1.1739984289080911,0.011527953621643234,166.7194375,0.11058400130868641,2.5,0.7697304405261761,-0.0005099276050459323,-0.13601085493986456,0.3151750972762646,2.517543859649123,5.744186046511628,1.1471433896454863,0.08314638619164325,0.44037318575155693,Beverages—Non-Alcoholic,Consumer Defensive,PRMW
2011Q1,2011,Q1,2011-05-11,2011-04-02,-11400000.0,549200000.0,4300000.0,-0.12,51400000.0,0.0935906773,1508900000.0,555800000.0,550900000.0,284500000.0,940700000.0,210000000.0,144100000.0,1172486000.0,1677086000.0,5.9064824654622745,1.9363796133567663,0.4012857048180794,1.0894206549118388,0.004058780279395108,5.9064824654622745,-0.020510975170924792,2.1348980335032777,-25.712412280701756,2.1095465994962215,0.0,2.3704761904761904,0.0,0.3639737557160846,1.2509666080843584,-0.007555172642322221,-30.773910761154855,0.09359067734887108,-1.857142857142857,0.7064951029669414,0.046078289141848555,-0.1332808050680773,-0.20679012345679013,-1.9047619047619047,-0.6293103448275862,0.28041260835580223,0.12941276852899417,0.852115188809944,Beverages—Non-Alcoholic,Consumer Defensive,PRMW
2010Q4,2010,Q4,2011-03-15,2011-01-01,12600000.0,525100000.0,11600000.0,0.14,64800000.0,0.1234050657,1529200000.0,522200000.0,510300000.0,322700000.0,994000000.0,215500000.0,106500000.0,1239112000.0,1810312000.0,5.988532110091743,1.5813449023861172,0.4050483913157206,1.186135580237457,0.008093495868711397,5.988532110091743,0.024128686327077747,2.359763854503904,24.58555555555556,2.372868632707775,0.0,2.1359628770301624,0.0,0.3433821606068533,0.8122094824914782,0.008239602406487053,21.254065180102916,0.1234050657017711,-0.5172413793103448,5.934311926605504,0.09547065476938536,-0.10902569568693143,-0.11836734693877551,-0.46835443037974683,-0.5766423357664233,1.487560085282336,0.11057735837729799,0.05052914641055331,Beverages—Non-Alcoholic,Consumer Defensive,PRMW
2010Q3,2010,Q3,2010-11-10,2010-10-02,23700000.0,424700000.0,27400000.0,0.29,73500000.0,0.1730633388,880000000.0,415900000.0,352600000.0,189200000.0,448900000.0,115000000.0,85600000.0,636193390.0,863593390.0,5.171020403088439,1.8636363636363635,0.28147727272727274,0.5955758595816302,0.030109890109890108,5.171020403088439,0.05698485212791536,1.4979830233105722,6.710900738396625,1.5296787448905986,0.0,3.053913043478261,0.0,0.48261363636363636,1.4318181818181819,0.026931818181818182,11.803216883116884,0.17306333882740757,1.6363636363636362,-0.1580861964216887,-0.23447568170455566,-0.24078397121387224,0.038135593220338986,1.443298969072165,0.05791505791505792,3.20956903419244,-0.2886368316620621,-0.31640660864609294,Beverages—Non-Alcoholic,Consumer Defensive,PRMW
2010Q2,2010,Q2,2010-08-04,2010-07-03,9700000.0,490600000.0,25900000.0,0.11,70800000.0,0.144313086,1537000000.0,508300000.0,506600000.0,370000000.0,1014900000.0,206200000.0,93900000.0,494424000.0,1121824000.0,5.829128440366972,1.3691891891891892,0.43122966818477554,1.3039543576627977,0.018493517736051283,5.829128440366972,0.01908321857170962,1.0077945373012638,12.742886597938144,0.9727011607318513,0.0,2.035887487875849,0.0,0.3191932335718933,0.9072972972972972,0.0063109954456733895,26.72562162162162,0.1443130860171219,-0.21428571428571436,4.707951070336391,-0.2816156472878282,-0.2872473885836186,0.09259259259259259,-0.1565217391304348,0.03187250996015936,2.3904816513761467,-0.12204984459355382,-0.17199880108423693,Beverages—Non-Alcoholic,Consumer Defensive,PRMW
2010Q1,2010,Q1,2010-05-12,2010-04-03,11500000.0,525100000.0,25100000.0,0.14,64800000.0,0.1234050657,1529200000.0,522200000.0,510300000.0,322700000.0,994000000.0,215500000.0,106500000.0,633347120.0,1204547120.0,6.4971259362480405,1.5813449023861172,0.4050483913157206,1.186135580237457,0.017512650543504833,6.4971259362480405,0.022022213711221754,1.2061457246238811,13.768415652173914,1.2128439678284182,0.0,2.1359628770301624,0.0,0.3433821606068533,0.9559962813758909,0.007520272037666754,-1266.69424,0.1234050657017711,0.0,2.4827348810975356,0.1761088913358248,-0.03596079488383502,0.13286713286713286,-0.17857142857142858,0.13574660633484162,1.1306428123456265,0.08419980034469067,0.030812609536073714,Beverages—Non-Alcoholic,Consumer Defensive,PRMW
2009Q4,2009,Q4,2010-03-16,2010-01-02,14000000.0,362900000.0,22100000.0,0.14,57200000.0,0.1576191788,873200000.0,399100000.0,330000000.0,199000000.0,459500000.0,112400000.0,63300000.0,659066800.0,894066800.0,4.965536118645333,1.6582914572864322,0.304512139257902,0.6662490603858682,0.024681880138943853,4.965536118645333,0.03507892758707091,1.8161113254340038,11.76905,1.6513826108744676,0.0,2.719750889679715,0.0,0.4155978011910215,1.2301507537688443,0.01603298213467705,26.468546184738955,0.1576191788371452,-0.72,0.08927662519825076,-0.12838908455327155,-0.22590274706671312,-0.21964529331514324,-0.6,-0.17843866171003717,1.48836690036579,-0.2263625203317668,-0.30269525413347526,Beverages—Non-Alcoholic,Consumer Defensive,PRMW
2009Q3,2009,Q3,2009-10-29,2009-09-26,35000000.0,438800000.0,26900000.0,0.5,73300000.0,0.1670464904,927600000.0,300900000.0,365800000.0,271200000.0,609500000.0,119700000.0,23900000.0,532768320.0,884868320.0,4.269780905891702,1.34882005899705,0.3938119879258301,1.2140245928880027,0.047744569847541926,4.269780905891702,0.1163177135260884,1.2141484047402005,3.8054879999999995,1.770582652043868,0.0,3.053467000835422,0.0,0.4730487278999569,0.7064896755162242,0.03773178094006037,10.345015922330097,0.1670464904284412,1.4999999999999998,0.20723802072610648,-0.037110614431057225,-0.23780300488094736,0.14890282131661442,1.3026315789473684,-0.29396325459317585,4.199102964168877,-0.1430268575714172,-0.4126955126042183,Beverages—Non-Alcoholic,Consumer Defensive,PRMW
2009Q2,2009,Q2,2009-08-04,2009-06-27,15200000.0,404900000.0,38100000.0,0.2,63800000.0,0.1575697703,878200000.0,366000000.0,336000000.0,180400000.0,496400000.0,112500000.0,37800000.0,406745999.99999994,663946000.0,4.778067885117493,1.8625277161862528,0.3145069460259622,0.7546448087431694,0.05601087875335367,4.778067885117493,0.041530054644808745,1.004559150407508,6.689901315789474,1.111327868852459,0.0,3.032,0.0,0.46105670690047823,1.2311529933481153,0.01730813026645411,13.695151515151514,0.15756977031365768,-0.04761904761904753,-0.3627755571237033,-0.14820620663046108,-0.2124161783908602,0.1706422018348624,0.006622516556291391,0.614406779661017,0.9147084334203653,-0.18478922745330606,-0.3169753541599866,Beverages—Non-Alcoholic,Consumer Defensive,PRMW
2009Q1,2009,Q1,2009-05-05,2009-03-28,15100000.0,386000000.0,23600000.0,0.21,54500000.0,0.1411917098,873800000.0,386000000.0,320500000.0,207100000.0,472500000.0,99700000.0,51800000.0,64129520.0,304229520.0,5.477352707458281,1.5475615644616127,0.3101396200503548,0.7020725388601037,0.18080162354134954,5.477352707458281,0.039119170984455956,0.16613865284974094,1.0617470198675496,0.16613865284974094,0.0,3.324974924774323,0.0,0.4417486839093614,1.337035248672139,0.0172808422980087,4.246988079470198,0.1411917098445596,-0.3,0.2781538670966328,0.04398965536225547,-0.1569092942810388,-0.06357388316151202,-0.27403846153846156,0.05829596412556054,1.5191112897435979,-0.018265640196830114,-0.19625144801054176,Beverages—Non-Alcoholic,Consumer Defensive,PRMW
2008Q4,2008,Q4,2009-03-11,2008-12-27,20800000.0,367000000.0,22300000.0,0.3,58200000.0,0.1585831063,858000000.0,245500000.0,310500000.0,258100000.0,595700000.0,113200000.0,-9800000.0,84566400.0,460566400.0,3.4836530820751506,1.2030220844633863,0.45536130536130537,1.5914460285132384,0.04993691137016446,3.4836530820751506,0.08472505091649694,0.23042615803814714,1.0164230769230769,0.3444659877800407,0.0,2.7279151943462896,0.0,0.42773892773892774,0.7276249515691593,0.024242424242424242,3.437658536585366,0.15858310626702998,12.857707509881422,0.25153628476899986,-0.011680352097068747,-0.32411560971833575,0.021052631578947368,1.2374429223744292,2.982142857142857,11.079042537664401,-0.052618974678761074,-0.4817018053490183,Beverages—Non-Alcoholic,Consumer Defensive,PRMW
2008Q3,2008,Q3,2008-11-06,2008-09-27,-87600000.0,466500000.0,5600000.0,-0.0253,57000000.0,0.1221864952,1171100000.0,404800000.0,426900000.0,374500000.0,747200000.0,134000000.0,70000000.0,83229120.0,497429120.0,5.690508322087269,1.1399198931909211,0.3740927333276407,1.0822628458498025,-0.007972475975797842,5.690508322087269,-0.21640316205533597,0.17841183279742764,-0.23752602739726025,0.20560553359683795,0.0,3.0559701492537314,0.0,0.39834343779352743,0.5369826435246996,-0.07480146870463666,-20.80728,0.12218649517684887,0.97976,-4.274267414551794,0.15465214993170637,0.3852917709742094,0.1949685534591195,0.0,1.068880688806888,-4.5184113920377875,-0.04928224081543294,-0.16451207048242267,Beverages—Non-Alcoholic,Consumer Defensive,PRMW
2008Q2,2008,Q2,2008-08-06,2008-06-28,-87600000.0,420500000.0,-81300000.0,-1.25,47700000.0,0.1134363853,995400000.0,294900000.0,364100000.0,321100000.0,682300000.0,127700000.0,-17600000.0,214350950.0,631850950.0,4.196132557378449,1.1339146683276238,0.4401245730359654,1.4855883350288233,-0.09735542025387747,4.196132557378449,-0.2970498474059003,0.5097525564803805,-0.6117321632420091,0.7268597829772804,0.0,2.9193422083007046,0.0,0.4224432388989351,0.7340392401121146,-0.08800482218203737,29.770965277777776,0.11343638525564803,-6.352941176470588,-4.519450182356802,0.06617866677190329,-0.04999642331227668,0.3436619718309859,-6.239669421487603,-6.970588235294118,-40.54868452880662,-0.23601253643168701,-0.48692082037353385,Beverages—Non-Alcoholic,Consumer Defensive,PRMW
2008Q1,2008,Q1,2008-05-13,2008-03-29,-12100000.0,371400000.0,-10200000.0,-0.17,35500000.0,0.0955842757,873100000.0,229200000.0,310200000.0,281900000.0,626600000.0,111100000.0,-29700000.0,245798820.0,640598820.0,3.1890470426180237,1.1003902092940758,0.4690184400412324,1.786649214659686,-0.007698655822927174,3.1890470426180237,-0.05279232111692845,0.6618169628432956,-5.078488016528926,1.0724206806282723,0.0,3.0234023402340235,0.0,0.425380826938495,0.6857041504079461,-0.013858664528690872,-12.168258415841585,0.09558427571351642,0.4333333333333333,-1.691948073631924,0.02927454347193106,-0.3657298699966001,-0.12990196078431374,0.431924882629108,0.23880597014925373,-0.7446685375710386,-0.06972937119926297,-0.526811330700645,Beverages—Non-Alcoholic,Consumer Defensive,PRMW
2007Q4,2007,Q4,2008-03-11,2007-12-29,-21300000.0,389700000.0,-13400000.0,-0.3,40800000.0,0.1046959199,1139900000.0,409700000.0,394700000.0,358000000.0,711300000.0,135500000.0,71800000.0,482973120.0,885873120.0,5.70049115776878,1.1025139664804469,0.3774892534432845,1.0502806931901392,-0.017978080120937264,5.70049115776878,-0.051989260434464245,1.2393459584295612,-5.668698591549296,1.178845789602148,0.0,2.5749077490774908,0.0,0.3418720940433371,0.5572625698324022,-0.018685849635932977,61.91963076923077,0.10469591993841416,-5.285714285714286,-2.738594682995067,0.2602931165996826,0.6642476035549797,-0.31543624161073824,-5.531914893617022,-2.2884615384615383,-2.8533252680789922,0.04671390353560278,-0.1113276713405199,Beverages—Non-Alcoholic,Consumer Defensive,PRMW
2007Q3,2007,Q3,2007-11-08,2007-09-29,4700000.0,498400000.0,10400000.0,0.07,59600000.0,0.1195826645,1254200000.0,507900000.0,455100000.0,361300000.0,725200000.0,157800000.0,173900000.0,535128570.28999996,939828570.29,7.564468101200996,1.259618045945198,0.3277786636900016,0.8094113014372908,0.5318824809575625,7.564468101200996,0.0092537901161646,1.0736929580457464,28.4642856537234,1.0536101009844459,0.0,2.7807351077313056,0.0,0.3973847871152926,0.6460005535566011,0.0037474087067453357,24.547182123394492,0.11958266452648475,1.8750000000000002,-0.7810361672108872,0.39528309843376985,1.5927448425591846,0.3041575492341357,1.8103448275862069,3.736842105263158,-0.8298470440447522,0.14790142233323034,0.35033037607470224,Beverages—Non-Alcoholic,Consumer Defensive,PRMW
2007Q2,2007,Q2,2007-08-09,2007-06-30,-5800000.0,464600000.0,-3800000.0,-0.08,45700000.0,0.0983641842,1231400000.0,510400000.0,424600000.0,317200000.0,701100000.0,145300000.0,168100000.0,1043275000.0,1430675000.0,7.04,1.3385876418663303,0.31858047750527857,0.7686128526645768,-0.0020691222002542278,7.04,-0.011363636363636364,2.245533792509686,-44.96875,2.044034090909091,0.0,2.883000688231246,0.0,0.37729413675491313,0.8080075662042875,-0.004710086080883547,-39.97222222222222,0.0983641842445114,0.9272727272727272,-1.2844827583333334,0.2914125100842731,1.36896041636274,0.15404040404040403,0.9227696404793608,0.9476584022038568,-1.256902064864865,0.03265835461121147,0.1604251420115607,Beverages—Non-Alcoholic,Consumer Defensive,PRMW
2007Q1,2007,Q1,2007-05-10,2007-03-31,-75100000.0,413200000.0,-72600000.0,-1.1,39600000.0,0.0958373669,1148900000.0,432200000.0,402900000.0,339300000.0,697100000.0,130100000.0,93100000.0,917485720.0200001,1298485720.02,6.302916627273437,1.1874447391688772,0.35547044999564803,0.944932901434521,-0.08057332606257288,6.302916627273437,-0.17376214715409533,2.2204397870764767,-3.054213448801598,2.1228267469227213,0.0,2.8716372021521908,0.0,0.35964835930020017,0.677571470674919,-0.06536687266080599,-764.5714333500001,0.09583736689254599,-16.714285714285715,-2.9029167545386954,0.32600579204544045,0.7817149426528547,-0.25981308411214954,-16.645833333333332,-11.225352112676056,-7.533103296032511,0.14853067925547686,-0.02983599720719442,Beverages—Non-Alcoholic,Consumer Defensive,PRMW
