Quarters,Year,Quarter,FillingDate,Date,NetIncome,Revenue,OperatingIncome,EPSDiluted,GrossProfit,GrossProfitRatio,TotalAssets,CommonStockEquity,CurrentAssets,CurrentLiability,TotalLiability,Inventory,RetainedEarnings,MarketCap,EnterpriseValue,bookValuePerShare,currentRatio,debtToAssets,debtToEquity,roic,shareholdersEquityPerShare,roe,priceToSalesRatio,peRatio,pbRatio,payoutRatio,inventoryTurnover,dividendYield,assetTurnover,quickRatio,returnOnAssets,priceToFreeCashFlowsRatio,grossProfitMargin,epsdilutedGrowth,fiveYNetIncomeGrowthPerShare,fiveYRevenueGrowthPerShare,fiveYShareholdersEquityGrowthPerShare,grossProfitGrowth,netIncomeGrowth,operatingIncomeGrowth,threeYNetIncomeGrowthPerShare,threeYRevenueGrowthPerShare,threeYShareholdersEquityGrowthPerShare,Industry,Sector,Symbol
2023Q1,2023,Q1,2023-05-15,2023-03-31,1762000.0,8164000.0,1629000.0,0.02,3117000.0,0.3817981382,108134000.0,98739000.0,20076000.0,6767000.0,9395000.0,0.0,-124979000.0,91924072.38000001,77836072.38000001,1.1385846741791184,2.966750406383922,0.0004716370429282187,0.0005165132318536748,0.017725041632061567,1.1385846741791184,0.01784502577502304,11.259685494855464,13.042575536322362,0.9309803864734301,0.0,0.0,0.0,0.07549891800913681,2.944731786611497,0.016294597443912182,52.799582067777145,0.3817981381675649,1.6134969325153374,1.0349292050273509,0.06402242154639748,1.2011963232628475,3.77807486631016,1.6329022988505748,1.5851293103448276,1.3454950324278905,1.393296490937576,-0.19710593660327638,Oil & Gas E&P,Energy,PED
2022Q4,2022,Q4,2023-03-29,2022-12-31,-2784000.0,5925000.0,-2784000.0,-0.0326,-1122000.0,-0.1893670886,116110000.0,96459000.0,32109000.0,16962000.0,19651000.0,0.0,-126741000.0,94064404.50000001,64715404.500000015,1.128002676081365,1.8929961089494163,0.0006976143312376195,0.0008397350169502068,-0.02881361194771323,1.128002676081365,-0.02886200354554785,15.875848860759497,-8.446875404094827,0.9751749914471435,0.0,0.0,0.0,0.05102919645164069,1.87831623629289,-0.023977262940315217,31.491263642450626,-0.18936708860759494,-4.26,0.9943917699582179,-0.30437566800491905,1.2210676895675265,-1.500669344042838,-3.5801668211306765,-3.7267384916748285,-0.4459848362112166,0.1863146048191052,-0.2302324749488787,Oil & Gas E&P,Energy,PED
2022Q3,2022,Q3,2022-11-14,2022-09-30,1079000.0,7472000.0,1021000.0,0.01,2241000.0,0.2999197002,104469000.0,98733000.0,30358000.0,3656000.0,5736000.0,0.0,-123957000.0,86500621.8,59249621.8,1.1528278979377233,8.303610503282275,0.0021058878710430847,0.002228231695583037,0.01062178750199845,1.1528278979377233,0.010928463634245895,11.57663567987152,20.04184935125116,0.8761064871927319,0.0,0.0,0.0,0.07152360987469968,8.217177242888402,0.010328422785706764,14.753645198703735,0.2999197002141328,-0.75,1.0166039986436577,-0.2877017450924366,1.5030614643301528,-0.50387425282267,-0.6638629283489097,-0.6830176963675877,1.1813144855047912,0.5673810664776276,-0.3926981844734814,Oil & Gas E&P,Energy,PED
2022Q2,2022,Q2,2022-08-15,2022-06-30,3210000.0,9547000.0,3221000.0,0.04,4517000.0,0.4731329213,102651000.0,97182000.0,27885000.0,3671000.0,5469000.0,0.0,-125036000.0,98301334.14999999,75376334.14999999,1.1369052207314319,7.596022882048488,0.0013541027364565373,0.001430306023749254,0.03293620259897343,1.1369052207314319,0.03303080817435328,10.296567942809258,7.655867145638629,1.0115179163836925,0.0,0.0,0.0,0.09300445197806159,7.585943884500137,0.03127100564047111,17.1975742039888,0.4731329213365455,1.5641025641025643,1.0495107194935844,-0.21767854784592128,1.6857226357266129,0.5860252808988764,1.3919523099850968,1.5644904458598725,1.7510369752350443,0.3500936880540435,-0.34418068431675897,Oil & Gas E&P,Energy,PED
2022Q1,2022,Q1,2022-05-16,2022-03-31,1342000.0,7090000.0,1256000.0,0.0156,2848000.0,0.4016925247,101389000.0,93385000.0,26024000.0,6288000.0,8004000.0,0.0,-128246000.0,116189194.50000001,94519194.50000001,1.085038505882748,4.138676844783715,0.0016471214826065943,0.001788295764844461,0.01343179120913159,1.085038505882748,0.01437061626599561,16.38775662905501,21.64478288002981,1.2441954757187985,0.0,0.0,0.0,0.06992869048910631,4.104166666666667,0.013236149878191914,82.11250494699648,0.4016925246826516,1.8387096774193548,1.020654037541726,-0.383494923768199,2.0184959051822617,13.989473684210527,1.9079837618403248,1.8503723764387272,1.1448810846281872,0.46202963688423376,-0.5646080501874109,Oil & Gas E&P,Energy,PED
2021Q4,2021,Q4,2022-03-11,2021-12-31,-1478000.0,4520000.0,-1477000.0,-0.0186,190000.0,0.0420353982,98221000.0,91483000.0,28038000.0,5181000.0,6738000.0,0.0,-129585000.0,84229299.18,58494299.18000001,1.1512856089751926,5.411696583671106,0.0019853188218405433,0.0021315435654711804,-0.01608742503238166,1.1512856089751926,-0.016156007127007203,18.634800703539824,-14.247175098105547,0.9207098496988513,0.0,0.0,0.0,0.04601867217804746,5.3487743678826485,-0.015047698557334989,42.135717448724364,0.0420353982300885,-3.536585365853658,0.9827904895163385,-0.6762034228360896,4.233200814973895,-0.8061224489795918,-3.5476923076923077,-3.5446153846153847,0.9206845094586604,-0.08074513359981371,0.8877219460847218,Oil & Gas E&P,Energy,PED
2021Q3,2021,Q3,2021-11-15,2021-09-30,-325000.0,4069000.0,-325000.0,-0.0041,980000.0,0.2408454166,90351000.0,85918000.0,21807000.0,2479000.0,4433000.0,0.0,-128108000.0,117708863.67999999,98003863.67999999,1.0802809238367121,8.796692214602663,0.0024460160927936604,0.0025722200237435692,-0.003763316350162112,1.0802809238367121,-0.003782676505505249,28.928204394200048,-90.54527975384616,1.3700140096370956,0.0,0.0,0.0,0.04503547276731857,8.651068979427189,-0.0035970824894024415,80.45718638414216,0.24084541656426642,-3.1578947368421053,0.9942036497577016,-0.7906304992709478,0.344816738564456,0.43484626647144947,-0.4444444444444444,0.4574290484140234,0.9779490150456798,-0.40069731505991574,-0.2831527014056474,Oil & Gas E&P,Energy,PED
2021Q2,2021,Q2,2021-08-16,2021-06-30,-225000.0,3740000.0,-599000.0,0.0019,683000.0,0.1826203209,89840000.0,85651000.0,20899000.0,2255000.0,4189000.0,0.0,-127783000.0,126343948.77000001,107256948.77000001,1.0778916705216732,9.267849223946785,0.0027604630454140695,0.002895471156203664,0.00460458415395906,1.0778916705216732,-0.002626939557039614,33.781804483957224,-140.3821653,1.4751018525177757,0.0,0.0,0.0,0.041629563668744436,9.255875831485588,-0.002504452359750668,80.98971075,0.18262032085561497,-0.9422492401215806,0.9960415331019246,-0.8094413705121386,-0.2927456568131366,-0.0014619883040935672,-1.309065934065934,0.4433085501858736,-1.0003142619104561,-0.6143862487251261,-0.6922900338864328,Oil & Gas E&P,Energy,PED
2021Q1,2021,Q1,2021-05-17,2021-03-31,728000.0,3531000.0,-1076000.0,0.0329,684000.0,0.1937128292,90089000.0,85351000.0,20008000.0,2722000.0,4738000.0,0.0,-127558000.0,112186100.7,94298100.7,1.1107655870242756,7.350477590007348,0.00714848649668661,0.007545312884441893,-0.04339716086113981,1.1107655870242756,0.008529484130238662,31.771764570943077,38.52544666895604,1.314408743892866,0.0,0.0,0.0,0.039194574254348476,7.325863335782513,0.008080897778863123,122.87634249726177,0.1937128292268479,1.0557627118644068,1.0066410349041455,-0.6300734027608063,-0.4230437251508767,1.3463291139240505,1.017037210390826,0.9536626329615434,1.0162873852831684,-0.48062302279018654,1.1962804850480757,Oil & Gas E&P,Energy,PED
2020Q4,2020,Q4,2021-03-23,2020-12-31,-42730000.0,2154000.0,-23221000.0,-0.59,-1975000.0,-0.9168987929,79564000.0,75636000.0,8753000.0,1978000.0,3928000.0,0.0,-128286000.0,109097521.14,101740521.14,1.0468648490504098,4.425176946410516,0.008420893871600221,0.008858215664498388,-0.5535460138613241,1.0468648490504098,-0.5649426199164419,50.64880275766017,-0.6382958175754739,1.4424020458511821,0.0,0.0,0.0,0.02707254537227892,4.391809908998989,-0.537051933035041,3030.486698333333,-0.9168987929433612,-17.553459119496853,0.561277323322241,-0.8194529074481657,-0.6921668114220751,-0.22594661700806953,-17.626852659110725,-9.131326352530541,0.8981211178621247,-0.7006861600674951,1.205166174137993,Oil & Gas E&P,Energy,PED
2020Q3,2020,Q3,2020-11-16,2020-09-30,-2294000.0,2417000.0,-2292000.0,-0.0318,-1611000.0,-0.6665287547,102711000.0,98284000.0,9545000.0,2044000.0,4427000.0,0.0,-104887000.0,107652520.86,99965520.86,1.3603319163370682,4.669765166340508,0.0067665585964502345,0.007071344267632575,-0.023090939487126275,1.3603319163370682,-0.023340523381221764,44.539727290028964,-11.731966091979077,1.0953209155101542,0.0,0.0,0.0,0.023532046226791677,4.562622309197652,-0.022334511396053004,-969.8425302702702,-0.6665287546545304,-0.11578947368421055,0.9741626818206109,-0.8873295536069129,-0.7107842740585801,0.19690927218344964,0.16307916818679313,0.3313885647607935,0.958154903079192,-0.7268749162270877,1.5936103446418646,Oil & Gas E&P,Energy,PED
2020Q2,2020,Q2,2020-08-14,2020-06-30,-2741000.0,656000.0,-3428000.0,-0.0285,-2006000.0,-3.0579268293,106595000.0,100076000.0,10888000.0,4093000.0,6519000.0,0.0,-102594000.0,58421515.68000001,48931515.68000001,1.3875292185846282,2.6601514781333986,0.006745156902293729,0.00718453974979016,-0.025397565675739947,1.3875292185846282,-0.027389184219992806,89.05718853658537,-5.3284855600145935,0.5837714904672449,0.0,0.0,0.0,0.006154134809325015,2.6520889323234793,-0.02571415169567053,42.303776741491674,-3.057926829268293,0.5153061224489796,0.9714599734418562,-0.9791914058042237,-0.7688838172060696,0.05688763516690174,0.3526216343882853,0.19906542056074766,0.9498954678452475,-0.9362917131726065,1.8368861146608275,Oil & Gas E&P,Energy,PED
2020Q1,2020,Q1,2020-05-15,2020-03-31,-4234000.0,2832000.0,-4280000.0,-0.0588,-2127000.0,-0.751059322,112080000.0,102098000.0,15302000.0,7813000.0,9982000.0,0.0,-99853000.0,63018357.0135,50990357.0135,1.4181007508789167,1.9585306540381415,0.0033279800142755173,0.003653352661168681,-0.04139158078337128,1.4181007508789167,-0.04146996023428471,22.25224470815678,-3.72097053693316,0.6172340007982526,0.0,0.0,0.0,0.025267665952890792,1.9486752847817739,-0.037776588151320484,-48.70043045865533,-0.7510593220338984,-1.6133333333333333,0.9499568078314042,-0.9059262411104044,-0.813628787590146,-22.70408163265306,-1.6119679210363973,-1.2998387963460505,0.922102212177889,-0.7056219017482809,2.331132305512985,Oil & Gas E&P,Energy,PED
2019Q4,2019,Q4,2020-03-30,2019-12-31,-1621000.0,4205000.0,-1861000.0,-0.0225,98000.0,0.0233055886,122896000.0,105502000.0,27090000.0,15220000.0,17394000.0,0.0,-95596000.0,119513849.69999999,97495849.69999999,1.4653809616175388,1.7798948751642576,0.0032303736492644186,0.0037629618395859793,-0.016300979260195116,1.4653809616175388,-0.01536463763720119,28.421842972651604,-18.432117473781613,1.132811223483915,0.0,0.0,0.0,0.034215922405936725,1.7750985545335085,-0.013190014321051947,-24.44545913274698,0.023305588585017835,0.6762589928057554,0.9937007774070339,-0.664686863680721,4.811998971918344,1.0389817024661894,0.5849974398361495,0.5235535074244752,0.9791683211269369,-0.6675341877759055,5.115287190609838,Oil & Gas E&P,Energy,PED
2019Q3,2019,Q3,2019-11-08,2019-09-30,-3906000.0,3129000.0,-3906000.0,-0.0695,-2514000.0,-0.803451582,119934000.0,106709000.0,36127000.0,10322000.0,13225000.0,0.0,-93855000.0,83196080.64,49642080.64,1.8982783658208637,3.5,0.0032601264028549034,0.003664170782220806,-0.03633792596589482,1.8982783658208637,-0.03660422269911629,26.58871225311601,-5.324889953917051,0.7796538308858671,0.0,0.0,0.0,0.026089349142028116,3.4906994768455726,-0.03256791235179349,19.01624700342857,-0.8034515819750719,-0.39000000000000007,0.961072201326322,-0.8514830621382025,0.8088337064094705,-2.107540173053152,-0.5878048780487805,-0.5878048780487805,0.9014379341578488,-0.7722084599906924,1.3631228363674672,Oil & Gas E&P,Energy,PED
2019Q2,2019,Q2,2019-08-12,2019-06-30,-2460000.0,4070000.0,-2460000.0,-0.05,-809000.0,-0.1987714988,92929000.0,85289000.0,14813000.0,5124000.0,7640000.0,0.0,-89949000.0,98889236.24999999,85519236.24999999,1.7335647083632926,2.890905542544887,0.0,0.0,-0.028843109896938644,1.7335647083632926,-0.028843109896938644,24.29710964373464,-10.049719131097559,1.1594606133264547,0.0,0.0,0.0,0.04379687718580852,2.878805620608899,-0.02647182257422333,42.77216100778546,-0.19877149877149877,0.32975871313672916,0.9664298089640576,-0.894674463109987,-0.1660489889177756,0.5099939430648092,0.17863105175292154,-0.1889801836636056,0.9300989075425906,-0.6650686620457765,0.13747160565033262,Oil & Gas E&P,Energy,PED
2019Q1,2019,Q1,2019-05-15,2019-03-31,-2995000.0,1568000.0,-2069000.0,-0.0746,-1651000.0,-1.0529336735,84354000.0,69351000.0,12395000.0,12428000.0,15003000.0,0.0,-87489000.0,73466931.12,64687931.120000005,2.4920959295407137,0.9973447055037014,0.0,0.0,-0.02066945555729439,2.4920959295407137,-0.0431861112312728,46.85391015306123,-6.132465035058431,1.0593492685036987,0.0,0.0,0.0,0.01858833013253669,0.7784036047634374,-0.03550513312943073,-55.23829407518797,-1.0529336734693877,0.6756521739130434,0.9874960194422079,-0.8533486987435265,-0.1266077353080499,0.5577283686043397,0.5410665032178976,0.5782715042804729,0.9245603897701782,-0.5464114071625846,0.2944498829194011,Oil & Gas E&P,Energy,PED
2018Q4,2018,Q4,2019-04-01,2018-12-31,-6526000.0,1722000.0,-4906000.0,-0.23,-3733000.0,-2.1678281069,67525000.0,16972000.0,6825000.0,8850000.0,50553000.0,0.0,-84494000.0,21074434.4459,55905434.4459,0.6098809262471341,0.7711864406779662,0.567108478341355,2.2563045015319347,-0.10135014176744335,0.6098809262471341,-0.38451567287296723,12.238347529558654,-0.8073258675260496,1.2417177967181239,0.0,0.0,0.0,0.025501666049611255,0.4864406779661017,-0.09664568678267309,-5.1907474004679806,-2.167828106852497,-0.0454545454545455,0.9594429026683838,0.3557974071811169,-0.8531086335452791,-5.079804560260587,-1.3878521770947676,-1.1940966010733454,0.8260380676538532,-0.6252618478044192,-0.8206630107508049,Oil & Gas E&P,Energy,PED
2018Q3,2018,Q3,2018-11-14,2018-09-30,-2733000.0,1259000.0,-2236000.0,-0.22,-614000.0,-0.4876886418,58893000.0,22225000.0,3826000.0,2590000.0,36668000.0,0.0,-78778000.0,32298014.88,62965014.879999995,1.5069889025947467,1.4772200772200772,0.5285348004007268,1.4005399325084364,-0.049531785719125636,1.5069889025947467,-0.12296962879640044,25.653705226370136,-2.9544470252469814,1.4532290159730032,0.0,0.0,0.0,0.021377752873855977,0.4915057915057915,-0.046406194284549944,-75.46265158878505,-0.48768864177918986,-1.02258726899384,0.8494039026232387,-0.20286765351316616,-0.8013756655287165,-1.790909090909091,-1.041227937848846,-1.587962962962963,0.8492005103603246,-0.712481817263959,-0.6796040111863345,Oil & Gas E&P,Energy,PED
2018Q2,2018,Q2,2018-07-31,2018-06-30,66290000.0,898000.0,-864000.0,9.74,-220000.0,-0.2449888641,35071000.0,25772000.0,1322000.0,1282000.0,9299000.0,0.0,-76045000.0,16700921.18,23669921.18,3.502946895531663,1.031201248049922,0.21427960423141626,0.29159553003259353,-0.05348581126045487,3.502946895531663,2.572171348750582,18.597907772828506,0.06298431580932268,0.6480258101815924,0.0,0.0,0.0,0.025605200878218472,0.9297971918876755,1.8901656639388669,-71.06774970212766,-0.24498886414253898,10.456310679611649,5.685993391816691,0.08761946792639776,0.5541682358808374,0.12,16.656589513462446,0.1342685370741483,7.766538986073927,-0.720753029605907,-0.41652564559976607,Oil & Gas E&P,Energy,PED
2018Q1,2018,Q1,2018-05-11,2018-03-31,-4234000.0,644000.0,-998000.0,-1.03,-250000.0,-0.3881987578,35831000.0,-41191000.0,1387000.0,3735000.0,77022000.0,0.0,-142335000.0,2184354.0754,71016354.0754,-5.659072967708484,0.3713520749665328,1.9454662164047891,-1.6923114272535262,-0.061744240633863336,-5.659072967708484,0.1027894442960841,3.391854154347826,-0.12897697658242796,-0.053029886999587286,0.0,0.0,0.0,0.017973263375289553,0.3285140562248996,-0.11816583405431051,-53.27692866829268,-0.38819875776397517,0.8227194492254732,0.658691882386398,-0.7080016639167779,-1.9127347388542275,0.4939271255060729,0.8997964689733516,0.9500250375563345,0.50500807883988,-0.7884007023906883,-1.7437329748637267,Oil & Gas E&P,Energy,PED
2017Q4,2017,Q4,2018-03-29,2017-12-31,-42254000.0,725000.0,-19970000.0,-5.81,-494000.0,-0.6813793103,36401000.0,-37140000.0,1394000.0,3372000.0,73541000.0,0.0,-138101000.0,2328473.4046,68496473.4046,-5.102521667856888,0.41340450771055753,1.8429438751682645,-1.8062735595045774,-1.210478987813985,-5.102521667856888,1.1376952073236404,3.2116874546206895,-0.013776644841908459,-0.06269449123855682,0.0,0.0,0.0,0.019917035246284444,0.3612099644128114,-1.1607922859262108,-129.3596335888889,-0.6813793103448276,-6.644736842105263,-0.9473810933047733,-0.48064352106126695,-1.838435098214073,0.42491268917345754,-8.167715339553048,-13.534206695778748,-0.6241452796136718,-0.4281584865463373,-12.273549924240212,Oil & Gas E&P,Energy,PED
2017Q3,2017,Q3,2017-11-09,2017-09-30,-4609000.0,744000.0,-1374000.0,-0.76,-859000.0,-1.1545698925,56202000.0,-13920000.0,1566000.0,3340000.0,70122000.0,0.0,-114822000.0,3583833.46,67048833.46,-2.291624343503953,0.4688622754491018,1.145973452902032,-4.626867816091954,-0.02723910560040446,-2.291624343503953,0.33110632183908045,4.816980456989247,-0.1943932230418746,-0.2574593002873563,0.0,0.0,0.0,0.013237963061812746,0.4167664670658683,-0.0820077577310416,238.92223066666668,-1.1545698924731183,0.41984732824427484,0.9147614977336606,0.20702853993483655,-1.6167523629391605,-0.8755458515283843,-0.06838201205377839,-0.19270833333333334,0.574911204232838,-0.6731949926144005,-3.183645681051604,Oil & Gas E&P,Energy,PED
2017Q2,2017,Q2,2017-08-10,2017-06-30,-4314000.0,812000.0,-1152000.0,-1.31,-458000.0,-0.5640394089,57380000.0,-9430000.0,1417000.0,3098000.0,66810000.0,0.0,-110217000.0,3660597.2839999995,64568597.284,-1.6579665910061905,0.4573918657198192,1.0770128964796095,-6.5534464475079535,-0.03812126906980371,-1.6579665910061905,0.4574761399787911,4.508124733990147,-0.21213475220213257,-0.3881863503711559,0.0,0.0,0.0,0.014151272220285813,0.42188508715300194,-0.07518299058905542,-23.31590626751592,-0.5640394088669951,-0.7466666666666667,0.8971071409706118,-0.9594436957227785,0.9331256101146401,-0.6594202898550725,-0.040270074752833375,-0.07063197026022305,0.49076775713259724,-0.8182341259407218,-1.7975836772863083,Oil & Gas E&P,Energy,PED
2017Q1,2017,Q1,2017-05-10,2017-03-31,-4147000.0,734000.0,-1076000.0,-0.75,-276000.0,-0.3760217984,57978000.0,-5852000.0,1152000.0,3147000.0,63830000.0,0.0,-105903000.0,5037183.704,63739183.703999996,-1.0653341857948646,0.36606291706387034,1.0221290834454448,-10.126623376623376,-0.02002569329356497,-1.0653341857948646,0.7086466165413534,6.8626480980926425,-0.30366431782011094,-0.8607627655502392,0.0,0.0,0.0,0.012659974473075994,0.3072767715284398,-0.07152713098071682,-66.27873294736843,-0.3760217983651226,0.3055555555555556,0.9710849028306259,-0.9759712545984522,0.9892697016415466,0.8795811518324608,0.30149907360619843,0.6289655172413793,0.9122888073713017,-0.6522193295875048,-1.3733622876052816,Oil & Gas E&P,Energy,PED
2016Q4,2016,Q4,2017-03-27,2016-12-31,-5937000.0,965000.0,-2900000.0,-1.08,-2292000.0,-2.3751295337,58780000.0,-1956000.0,1296000.0,3310000.0,60736000.0,0.0,-101731000.0,6168764.776,62311764.776,-0.356082308170669,0.3915407854984894,0.9663490983327663,-29.039877300613497,-0.05152154872998049,-0.356082308170669,3.035276073619632,6.392502358549223,-0.2597593387232609,-3.1537652229038855,0.0,0.0,0.0,0.016417148690030622,0.3392749244712991,-0.10100374276964955,51.40637313333333,-2.3751295336787566,0.1818181818181818,0.9897240376016322,-0.9652654079306959,0.9956619202913762,-13.389189189189189,-0.6895276038702334,-5.807511737089202,0.8130797460599472,2.8490936974083274,-1.0857633261945063,Oil & Gas E&P,Energy,PED
2016Q3,2016,Q3,2016-11-09,2016-09-30,-3514000.0,1218000.0,-426000.0,-1.32,185000.0,0.1518883415,61602000.0,4004000.0,1380000.0,3095000.0,57598000.0,0.0,-95638000.0,8977061.087,62673061.087,0.8032922946734539,0.4458804523424879,0.8828934125515405,13.583416583416584,-0.013706608595855553,0.8032922946734539,-0.8776223776223776,7.370329299671592,-0.6386639930990324,2.2420232485014986,0.0,0.0,0.0,0.019772085321905133,0.397092084006462,-0.057043602480438944,16.532340860036832,0.15188834154351397,-0.8333333333333335,0.9786527853973471,-0.9458572318818407,-0.9276819552017401,-0.30711610486891383,-0.008610792192881744,-3.6962025316455698,0.4270890925118552,1.2817246725939184,-0.8941243713601975,Oil & Gas E&P,Energy,PED
2016Q2,2016,Q2,2016-08-11,2016-06-30,-3484000.0,1203000.0,158000.0,-0.72,267000.0,0.2219451372,62401000.0,7423000.0,1680000.0,3160000.0,55037000.0,0.0,-92124000.0,13559672.447999999,65374672.448,1.5240509738897197,0.5316455696202531,0.8408999855771542,7.068974808029099,0.0026763143477037546,1.5240509738897197,-0.46935201401050786,11.271548169576059,-0.9729960137772674,1.8267105547622255,0.0,0.0,0.0,0.01927853720292944,0.47468354430379744,-0.05583243858271502,-2.176163127587867,0.22194513715710723,0.4965034965034965,0.9690289524345933,-0.961546256794661,-0.9654665929030629,1.278415015641293,0.47875523638539796,1.0634028892455858,0.6279799039336684,1.2009028093550425,-0.32381743596967766,Oil & Gas E&P,Energy,PED
2016Q1,2016,Q1,2016-05-19,2016-03-31,-6684000.0,582000.0,-2492000.0,-1.43,-959000.0,-1.647766323,63362000.0,9020000.0,2309000.0,11766000.0,54401000.0,0.0,-88690000.0,8667597.8,50950597.8,1.9252162346526969,0.1962434132245453,0.6788769293898551,4.768847006651884,-0.048662571088530206,1.9252162346526969,-0.741019955654102,14.892779725085912,-0.3241920182525434,0.9609310199556542,0.0,0.0,0.0,0.009185316120071967,0.18281489036206017,-0.10548909440989868,-21.348763054187195,-1.647766323024055,-0.059259259259259144,0.9348767387403221,-0.9757264361095959,-0.9710364492503643,0.3289013296011197,-0.11697860962566844,-0.006462035541195477,0.16292913799087472,-0.5900343087600758,-0.689487704576251,Oil & Gas E&P,Energy,PED
2015Q4,2015,Q4,2016-03-29,2015-12-31,-5984000.0,733000.0,-2476000.0,-1.35,-1429000.0,-1.9495225102,64653000.0,15096000.0,4913000.0,7567000.0,49616000.0,0.0,-82112000.0,12873146.4,54942146.4,3.400753680545418,0.6492665521342672,0.6682907212349002,2.8621489136195017,-0.04075818772766077,3.400753680545418,-0.3963963963963964,17.562273396998638,-0.5378152740641711,0.8527521462639109,0.0,0.0,0.0,0.011337447604906192,0.23404255319148937,-0.09255564320294495,-90.0220027972028,-1.9495225102319236,-0.09756097560975618,0.9771145790378952,1.045157217612628,-0.952938943282002,-4.738955823293173,-0.09697525206232814,-0.3732667775929007,0.5477849233035061,-0.13900257374486377,-0.4411956613312047,Oil & Gas E&P,Energy,PED
2015Q3,2015,Q3,2015-11-13,2015-09-30,-5455000.0,1318000.0,-1803000.0,-1.23,-249000.0,-0.18892261,69214000.0,20879000.0,5150000.0,8801000.0,48393000.0,0.0,-75877000.0,11093100.984000001,50252100.984,4.703519879180431,0.5851607771844108,0.5856040685410466,1.9412807126778102,-0.02933804821474251,4.703519879180431,-0.2612673020738541,8.416616831562974,-0.5083914291475711,0.5313042283634274,0.0,0.0,0.0,0.019042390267864882,0.24201795250539712,-0.07881353483399313,-9.59610811764706,-0.18892261001517452,0.42790697674418604,0.8838311096063441,-0.8246864269408222,-0.9612843426878216,-3.69811320754717,-0.002020573108008817,0.1406101048617731,0.8619510986413137,1.925964897093236,0.2658737056267621,Oil & Gas E&P,Energy,PED
2015Q2,2015,Q2,2015-08-13,2015-06-30,-5444000.0,1787000.0,-2098000.0,-2.15,-53000.0,-0.0296586458,70290000.0,24545000.0,6373000.0,8292000.0,45800000.0,0.0,-70422000.0,18397710.0,54337710.0,6.003600448099247,0.768572117703811,0.5477308294209703,1.5685475656956611,-0.05373108288523488,6.003600448099247,-0.22179669993888776,10.295304980414102,-0.8448617744305658,0.7495502138928499,0.0,0.0,0.0,0.025423246550007113,0.438374336710082,-0.0774505619576042,-7.552426108374385,-0.02965864577504197,-2.0714285714285716,0.8595602305397503,-0.8843217708918338,-0.9495373556361106,-1.646341463414634,-0.3017694882831181,0.21833084947839046,0.8193625169468758,-0.8758314645745393,1.2421563373230908,Oil & Gas E&P,Energy,PED
2015Q1,2015,Q1,2015-05-14,2015-03-31,-4182000.0,1488000.0,-2684000.0,-0.7,82000.0,0.0551075269,71875000.0,27078000.0,6019000.0,13169000.0,44852000.0,0.0,-64978000.0,29095726.8,64246726.8,7.609011781070202,0.4570582428430405,0.5213078260869565,1.3837432602112416,-0.024718581532242323,7.609011781070202,-0.15444272102814094,19.553579838709677,-1.7393428263988524,1.0745153556392644,0.0,0.0,0.0,0.020702608695652176,0.2605361075252487,-0.05818434782608695,-7.491175798146241,0.05510752688172043,0.803921568627451,0.9183787276843016,-0.908835261124813,-0.9414527183411305,-0.2657264383254981,0.6712166704940862,-0.0796659954287167,0.9549904391277197,-0.9248086133883113,1.0766397696727923,Oil & Gas E&P,Energy,PED
2014Q4,2014,Q4,2015-03-31,2015-01-31,-12719623.0,619860.0,-2485954.0,-3.57,111675.0,0.1801616494,41740000.0,-1368000.0,9624000.0,20341000.0,43163000.0,0.0,-60796000.0,21992611.5,45433611.5,-0.3844127378869945,0.47313308096947054,0.721514135122185,-22.014619883040936,-0.10745951058324545,-0.3844127378869945,9.297970029239766,35.479965637401996,-0.4322575342838384,-16.07647039473684,0.0,0.0,0.0,0.014850503114518448,0.36060174032741754,-0.30473461907043603,-3.6747489010898122,0.18016164940470428,-1.0056179775280898,0.8430372880670131,-0.9508975150772001,-1.0026571849929482,-0.8432807544416066,-1.4503652443146278,-0.5797345412235099,0.9660171480472048,-0.9655603580242741,0.9953167763191291,Oil & Gas E&P,Energy,PED
2014Q3,2014,Q3,2014-11-14,2014-09-30,-5190909.0,1089935.0,-1573653.0,-1.78,712580.0,0.6537821063,46796384.0,3051922.0,13083734.0,19787198.0,41268986.0,0.0,-53091309.0,47693151.599999994,68319958.6,1.0494488017856216,0.6612221700111355,0.6307637359331012,9.671761598101131,-0.05051178497703127,1.0494488017856216,-1.700865552920422,43.75779436388408,-2.296955677705003,15.627251155173688,0.0,0.0,0.0,0.02329100898052294,0.5439280993701079,-0.11092542962293839,9.916795412917097,0.6537821062723924,-0.1946308724832215,0.8792953553369663,-0.8929001194768864,-0.9935669135214105,-0.3360985799228936,-0.30674378209646563,-0.1708396637595068,0.945950563789884,-0.9169571854391513,-0.905521208202471,Oil & Gas E&P,Energy,PED
2014Q2,2014,Q2,2014-08-13,2014-06-30,-3972400.0,2094751.0,-1344038.0,-1.49,1073322.0,0.5123864364,42269437.0,5544012.0,9587008.0,15014615.0,34088264.0,0.0,-48287639.0,54140303.0,76959380.0,2.0787368626289364,0.6385117433913556,0.6584939610149054,5.020582386906811,-0.038066832194705656,2.0787368626289364,-0.7165208156115103,25.845698605705405,-3.407279163729735,9.765545781646939,0.0,0.0,0.0,0.04955710671045843,0.5051589401393243,-0.0939780674154709,-33.26803662535939,0.512386436383131,0.826945412311266,0.9519790756101456,-0.8287159946259601,-0.9881705214076043,2.7473317436099753,0.823989187324882,0.4469787335595006,0.9355109401357166,-0.8777185092864831,-0.9528979886142777,Oil & Gas E&P,Energy,PED
2014Q1,2014,Q1,2014-05-15,2014-03-31,-22569068.0,1007454.0,-2430355.0,-8.61,286423.0,0.2843037995,44370419.0,7481841.0,10860200.0,15680204.0,34244894.0,0.0,-44092171.0,54015733.800000004,73973482.80000001,2.8533524171062914,0.6926057849757566,0.6409860136772655,3.8013128052306913,-0.11593870099792158,2.8533524171062914,-3.0165126470877954,53.616079543085846,-0.5983381081575899,7.219577881967821,0.0,0.0,0.0,0.022705532710881094,0.6626898476575942,-0.5086512254932729,-1.7601761188453207,0.2843037994786859,-0.4896193771626296,0.6751768398926059,-0.9413488433269903,-0.9865572982883388,3.9434984122416683,-0.4885668137201006,0.7928126199092311,0.6070952427014608,-0.924922509422933,-0.9570732803661597,Oil & Gas E&P,Energy,PED
2013Q4,2013,Q4,2014-03-31,2013-12-31,-15161609.0,119675.0,-11730227.0,-5.78,-97307.0,-0.8130937957,25800605.0,10886840.0,6974233.0,14838318.0,14913765.0,0.0,-30922151.0,56375644.5,59521713.5,4.151918121308573,0.4700150650498257,0.3782678351922368,0.8964528733773988,-0.7080494781998498,4.151918121308573,-1.3926547097229316,471.07285982870275,-0.9295788543946754,5.178329478526368,0.0,0.0,0.0,0.004638457121451222,0.4616374308732297,-0.5876454835070728,-12.722260598565645,-0.8130937956966785,-3.699186991869919,-1.0138258732333316,-0.9944218643255396,-0.9829692875498421,-2.7881807918402304,-5.638473225622838,-6.211048489520515,0.9018373523980175,1.0124813133561255,-0.9425440144891504,Oil & Gas E&P,Energy,PED
2013Q3,2013,Q3,2013-11-14,2013-09-30,-2283900.0,198768.0,-1626702.0,-1.23,-25687.0,-0.1292310634,28769115.0,14081875.0,4649903.0,14627777.0,14687240.0,0.0,-18756252.0,78695290.39999999,86389053.39999999,7.58713128784642,0.317881725979279,0.34611009063017756,0.7070990901424704,-0.074830840199816,7.58713128784642,-0.16218720873463227,395.9152901875553,-8.614134857042778,5.588409952509875,0.0,0.0,0.0,0.006909075930907155,0.1759280306228349,-0.07938721785498094,-9.10482108881434,-0.12923106335023746,0.359375,0.9396294424475741,-0.9860890573359996,1.058207297125064,0.888216299958223,0.14631187968002488,0.20811232358164314,0.8836742140830938,-0.9367660336993119,-0.9375487331895891,Oil & Gas E&P,Energy,PED
2013Q2,2013,Q2,2013-08-14,2013-06-30,-2675333.0,156146.0,-2054208.0,-1.92,-229792.0,-1.4716483291,17636060.0,3136040.0,2216542.0,8260713.0,14500020.0,0.0,-16690942.0,55655240.0,63626626.0,2.253904573944879,0.268323327538434,0.5525324250427817,3.1072610680986212,-0.17537124699513634,2.253904573944879,-0.8530927539189551,356.43077632472176,-5.200776875252539,17.746980268108825,0.0,0.0,0.0,0.008853791606515287,0.2598142557428154,-0.151696750861587,-49.00441042194416,-1.4716483291278675,-0.12941176470588234,-1.0488761987813209,-0.9758637467599406,1.0199134053555174,-22.004753199268738,-0.7677411212625188,-0.6444859660456839,0.7972060359906737,-0.9702995432027378,-0.9810550375681424,Oil & Gas E&P,Energy,PED
2013Q1,2013,Q1,2013-05-20,2013-03-31,-1513419.0,269067.0,-1249149.0,-1.7,10940.0,0.040659018,19325098.0,5505702.0,4428468.0,13750455.0,13819396.0,0.0,-14258011.0,38627913.0,44229439.0,6.200128829118984,0.3220597427503308,0.49591391464095036,1.7406654047022523,-0.08457751904265802,6.200128829118984,-0.27488211312562866,143.56243240531168,-6.380901951145057,7.0159832479128,0.0,0.0,0.0,0.013923189419272286,0.31190480605914495,-0.0783136520187375,-21.71902341766707,0.04065901801410058,0.42953020134228187,0.9555496741293283,-0.9327277870886524,1.0328103162364024,1.1535740355999775,0.4282747707026798,-1.0626763628664015,0.8816264005861703,-0.9339366279565787,-0.9522933201677013,Oil & Gas E&P,Energy,PED
2012Q4,2012,Q4,2013-03-25,2012-12-31,-2647109.0,170305.0,19930145.0,-2.98,-71236.0,-0.4182848419,11423050.0,5404150.0,2824273.0,4709602.0,6018900.0,0.0,-12776688.0,54611877.0,54303692.0,6.085768211189665,0.5996840072685548,0.18997246794857767,0.40155528621522346,2.581185245928705,6.085768211189665,-0.48982892776847425,320.6710137694137,-5.157690616442315,10.10554425765384,0.0,0.0,0.0,0.014908890357654041,0.5712527300608417,-0.2317339939858444,324.1657337551716,-0.4182848419012947,0.6651685393258426,0.9750441384482021,-0.9468588422085076,1.014842618319822,-2.3666641086639553,0.8277479640673753,20.37780018356759,0.8690907246980117,-0.9459353249044536,-0.957933204684576,Oil & Gas E&P,Energy,PED
2012Q3,2012,Q3,2012-11-19,2012-09-30,-15367650.0,175183.0,-1028504.0,-8.9,52124.0,0.2975402864,11627121.0,6414532.0,5758759.0,3920062.0,5212589.0,0.0,-10078169.0,103581840.0,99946278.0,3.7156312342008984,1.4690479385275028,0.08711236427315068,0.15790177677810321,-0.25548835658968544,3.7156312342008984,-2.3957554502807064,591.2779208028177,-1.6850631033372052,16.14799645554812,0.0,0.0,0.0,0.015066756422333611,1.2399270725820153,-1.3217072394791454,-40.01769432170672,0.29754028644331926,-0.20759837177747628,0.9145776382766446,-0.9772997347100527,1.013160071189696,0.009177153920619555,-66.71441034950738,-4.44565223146447,0.39803972759884443,-0.9710025272084764,-0.9772233033078961,Oil & Gas E&P,Energy,PED
2012Q2,2012,Q2,2012-08-14,2012-06-30,-226948.0,108375.0,-188867.0,-7.37,51650.0,0.4765859285,1796903.0,-763279.0,56673.0,2518470.0,2560182.0,0.0,-78866082.0,1034443.2000000001,2409040.2,-24.79224997563907,0.022502948218561268,0.7661977302058041,-1.803774242446078,-0.241768804020756,-24.79224997563907,0.2973329542670505,9.545035294117648,-1.1395156599749723,-1.355262230455705,0.0,0.0,0.0,0.06031210365834995,0.006858926252843988,-0.12629952757605725,-4.588837135024354,0.4765859284890427,0.7177326694752968,0.972280533050156,-0.3629536098287315,0.8899278510266724,0.015512868406047856,0.59110384018046,-0.07162229636186196,0.7623372189062505,-0.23233668589786383,-1.141085384887647,Oil & Gas E&P,Energy,PED
2012Q1,2012,Q1,2012-05-18,2012-03-31,-555026.0,118214.0,-176244.0,-26.11,50861.0,0.4302451486,1869944.0,-2110554.0,92494.0,2818786.0,3980498.0,0.0,-78577104.0,714268.8,2378910.8,-99.28281117696866,0.03281341683973171,0.891865745712171,-0.7901901586029071,0.6041678117679208,-99.28281117696866,0.26297645073284076,6.042167594362766,-0.32172763077765726,-0.33842716177837673,0.0,0.0,0.0,0.06321793593818853,0.00845718688825615,-0.2968142361482483,-4.454630386109778,0.430245148628758,0.751758889522723,0.8560228928272041,-0.9115138858563906,-0.5561455207365701,0.3553536214891009,0.7517639587097698,0.7046839969302846,0.014679888517946379,-0.15111096117012654,-1.4677407556619577,Oil & Gas E&P,Energy,PED
2011Q4,2011,Q4,2012-04-16,2011-12-31,-2235880.0,107515.0,-596798.0,-105.18,37526.0,0.3490303679,1882430.0,-1744919.0,66407.0,2463189.0,3627349.0,0.0,-78211469.0,714268.8,1967571.8,-82.08293348386489,0.02695976638414673,0.6761106654696324,-0.7293925964471704,,-82.08293348386489,1.2813660691413182,6.6434339394503095,-0.07986439343793049,-0.40934209553566675,0.0,0.0,0.0,0.05711500560445807,0.014588811495991578,-1.1877626259674994,-7.3398359948208896,0.34903036785564806,-2.1853422168382797,0.9653836745133478,-0.9650079356975992,-2.086498851048901,0.26914231601731603,-2.1848282365274962,-2.231489804095689,-1.2514933040362035,-0.38186212680965387,-1.3366951843425439,Oil & Gas E&P,Energy,PED
2011Q3,2011,Q3,2011-11-14,2011-09-30,-702041.0,95942.0,-184682.0,-33.02,29568.0,0.3081861958,4008506.0,236129.0,232428.0,2640037.0,3772377.0,0.0,-75803693.0,3571344.0,4869906.0,11.107771192021827,0.0880396752015218,0.3336275410339912,5.663633014157516,,11.107771192021827,-2.9731248597165107,37.22398949365242,-1.2717718765713115,15.124546328489934,0.0,0.0,0.0,0.023934603066578918,0.016166440091559323,-0.1751378194269885,-17.017258631698322,0.30818619582664525,-0.4294372294372295,0.836513988075464,-0.8277093319875222,-0.9948425009280645,-0.57739473458537,-0.4298740684466405,0.21970077868523455,-0.6202090791099082,-0.41375474142329405,1.085217101647751,Oil & Gas E&P,Energy,PED
2011Q2,2011,Q2,2011-08-22,2011-06-30,-490981.0,136543.0,-236681.0,-23.1,69966.0,0.51241001,5345121.0,938172.0,1844896.0,3275164.0,4406949.0,0.0,-75101650.0,4999881.6,8480029.6,44.13265594129269,0.5632988149601058,0.6621954863135933,3.7727783391531617,,44.13265594129269,-0.5233379380326848,36.61763400540489,-2.5458630782046554,5.329386935444673,0.0,0.0,0.0,0.025545352481262818,0.02634952020723237,-0.09185591869669554,-144.7730368311327,0.5124100100334693,-0.054313099041533607,0.7024210224707614,-0.7008477956254222,4.717895439358732,1.2826661446608594,-0.0766985522120323,0.44889210737104857,-1.5870943863808344,0.38144022233903424,1.389915117673497,Oil & Gas E&P,Energy,PED
2011Q1,2011,Q1,2011-05-23,2011-03-31,-456006.0,106527.0,-429464.0,-21.91,30651.0,0.2877298713,5115862.0,1383646.0,2051302.0,2600951.0,3732216.0,0.0,-74610669.0,11890099.200000001,13533410.200000001,66.47031129900077,0.7886738350703262,0.36424594721280595,1.3467548780540688,-0.14000710541111547,66.47031129900077,-0.32956840116619424,111.61582697344336,-6.518608965671505,8.593310138575909,0.0,0.0,0.0,0.020822883807264544,0.0967749873027212,-0.08913571163569306,-99.23632236095347,0.28772987130023375,0.6280135823429541,0.7125344905732133,-0.7772690318324843,8.470245479904861,0.2052139037433155,0.628099032009976,-5.164984046628456,0.4286515774327846,0.1361866511222383,1.3517526803329691,Oil & Gas E&P,Energy,PED
2010Q4,2010,Q4,2011-04-12,2010-12-31,-1226149.0,-76118.0,103113.0,-58.9,25432.0,-0.3341128248,3627597.0,1504218.0,1869139.0,992517.0,2123379.0,0.0,-74062429.0,4895923.2,5902825.2,72.26258647194466,1.8832312192133738,0.3805196663245669,0.9176675189367498,0.12420930951119168,72.26258647194466,-0.8151404916042755,-64.32017656796027,-0.9982316994101043,3.254796312768495,0.0,0.0,0.0,-0.02098303642879846,1.8467552696830383,-0.3380058479483802,4.229680799228693,-0.3341128248246144,-4.56710775047259,-1.4323238317077889,-1.1257199320231845,27.05965208226867,1.8135376347525671,-5.225086181074179,1.49520703864145,0.5068730933828786,-2.0132245188175206,1.1762416760852203,Oil & Gas E&P,Energy,PED
2010Q3,2010,Q3,2010-11-15,2010-09-30,-196969.0,31535.0,-208222.0,-10.58,-31261.0,-0.9913112415,4324672.0,2262122.0,2186677.0,1896410.0,2062550.0,0.0,-73264679.0,3753792.0,3382105.0,121.48882921589689,1.1530613105815726,0.07054292209906324,0.13486231069765467,-0.07813283381133487,121.48882921589689,-0.08707266893651182,119.03573806881244,-4.764445166498281,1.6594118265946751,0.0,0.0,0.0,0.007291882482648395,1.1244340622544702,-0.04554541939828038,-5.026899554196167,-0.9913112414777232,-0.11603375527426156,0.8954563657733818,-0.9366094289543332,-0.3859587070969404,-1.1372120051958707,-0.12743122731903883,-0.150874671825342,0.8984886302398779,-0.6211349855343528,1.4302907205961923,Oil & Gas E&P,Energy,PED
2010Q2,2010,Q2,2010-08-16,2010-06-30,-174706.0,69623.0,-180925.0,-9.48,-14627.0,-0.2100886201,4078693.0,2192163.0,1608470.0,1872959.0,1886530.0,0.0,-73032826.0,3714681.6,3760882.6,118.97118202539889,0.8587854832914121,0.016877710580325608,0.031402318167034114,-0.07816487796939514,118.97118202539889,-0.07969571605761068,53.354230642172844,-5.315618238640917,1.6945280072695323,0.0,0.0,0.0,0.017069929018928367,0.8137172249899758,-0.04283381955935394,-47.55462017052001,-0.2100886201398963,0.3416666666666667,0.8592024928311053,-0.8309937448312661,-0.3396074847883279,0.31463780339237185,0.3405977067024979,0.31716881224925747,0.9643464614002282,-0.3161970244921482,1.5282059387227933,Oil & Gas E&P,Energy,PED
2010Q1,2010,Q1,2010-05-17,2010-03-31,-264946.0,84402.0,-264963.0,-14.4,-21342.0,-0.2528613066,4203338.0,2391589.0,1697247.0,1797159.0,1811749.0,0.0,-72830642.0,13627490.688,13586874.688,129.96353657211174,0.9444055868178609,0.016078649873029482,0.02825903614709718,,129.96353657211174,-0.11078241286441776,161.4593337598635,-12.858743562839221,5.698090553184514,0.0,0.0,0.0,0.02007975566085811,0.8976584709533213,-0.06303228529325978,-97.24614075099547,-0.2528613066041089,0.3675889328063241,0.8734880805635332,-0.8367991063476338,-0.43274602273811613,0.4483560794044665,0.36772949534530197,0.010131689548893248,0.9206046881449751,-0.9270179051634506,3.037031112417681,Oil & Gas E&P,Energy,PED
2009Q4,2009,Q4,2010-04-01,2009-12-31,-419039.0,65278.0,-267675.0,-22.77,-38688.0,-0.5926652165,4338889.0,2662202.0,1796930.0,541099.0,1676687.0,0.0,-72542471.0,15445313.855999999,16323531.855999999,144.66916639495707,3.3208895229893236,0.26259763732144337,0.4279848035573559,-0.09273854484308851,144.66916639495707,-0.15740315723600237,236.60825785103708,-9.214723364651023,5.801706202609719,0.0,0.0,0.0,0.015044865171706398,3.251613845155877,-0.09657748792375191,32.454479249096984,-0.5926652164588376,-0.539553752535497,0.8590863744931494,-0.9068954284045765,-0.3665737561456754,0.04400899453902987,-0.5665946374362578,-0.000560695262125035,0.9925054718431159,-0.97545716538662,0.9149277005459447,Oil & Gas E&P,Energy,PED
2009Q3,2009,Q3,2009-11-13,2009-09-30,-267484.0,63298.0,-267525.0,-14.79,-40469.0,-0.6393408954,4902792.0,2950750.0,2274486.0,815476.0,1952042.0,0.0,-72251165.0,52874841.599999994,52318999.599999994,163.13301636444052,2.789151366809078,0.02154445874921881,0.035797000762518,,163.13301636444052,-0.0906494958908752,835.331947296913,-49.41869569768659,17.919119410319407,0.0,0.0,0.0,0.012910602774908663,2.625443299373617,-0.05455748479641804,-400.9740312135046,-0.6393408954469335,0.5232108317214701,0.8579030673720127,-0.9436291142451292,-0.2807846685031759,0.7809644944793245,0.5310079286317938,0.5309607130834829,0.9267938131342873,-0.8664097296426282,-0.9242549773526183,Oil & Gas E&P,Energy,PED
2009Q2,2009,Q2,2009-08-14,2009-06-30,-570338.0,84319.0,-570368.0,-31.02,-184760.0,-2.1912024573,5064770.0,3231234.0,907263.0,696012.0,1833536.0,0.0,-71946979.0,6178368.0,7390660.0,175.7251468348923,1.3035163186841605,0.24470351072210583,0.38355841762001763,,175.7251468348923,-0.17650779856859639,73.27373427104212,-2.708204608495313,1.912076934075341,0.0,0.0,0.0,0.016648139994511105,1.0917900840790102,-0.11260886476582352,-23.44811777252354,-2.191202457334646,-0.17056603773584905,0.723784043170455,-0.8610409306363598,-0.3848046227968412,-1.613369543692891,-0.19477042579845066,-0.22447016796620067,0.6003702814956682,-0.7864320289493751,21.767222915486364,Oil & Gas E&P,Energy,PED
2009Q1,2009,Q1,2009-05-11,2009-03-31,-477362.0,118013.0,-465808.0,-26.5,-70698.0,-0.599069594,5358475.0,3823870.0,1186748.0,414605.0,1534605.0,0.0,-71353297.0,78689520.0,78452894.0,212.26033860671663,2.8623581481168823,0.012519793411371705,0.01754426797982149,-0.12167021299346263,212.26033860671663,-0.1248374029451838,666.7868794115902,-41.21061165321077,20.57850293027744,0.0,0.0,0.0,0.022023616793957236,2.531247814184585,-0.08908542075870467,-181.76541515945283,-0.5990695940277766,-1.0633637798287983,0.8971047039702397,-0.7134804195472892,-0.4015459585631186,0.23231950311098565,-1.0646481144040396,-1.116664470365843,0.652282903178179,-0.7148891324164982,24.85481283376713,Oil & Gas E&P,Energy,PED
2008Q4,2008,Q4,2009-03-31,2008-12-31,7384005.0,144462.0,-220067.0,418.22,-92093.0,-0.6374894436,5683213.0,4304357.0,1558617.0,258856.0,1378856.0,0.0,-70864556.0,112122662.39999999,112511031.39999999,243.79004304485727,6.021173934542757,0.19707162128183475,0.2602014656312197,1.4474868006826274,243.79004304485727,1.71547225288237,776.1394858163392,3.796133074124408,26.0486438276379,0.0,0.0,0.0,0.025419071922871798,5.815445653181691,1.2992659258064057,30.462998985496455,-0.637489443590702,21.52109911678116,1.5665703342566821,1.0374280188144087,-0.4403772019210307,-13.874737872221445,21.517793282816914,0.388994702531013,2.069466298849061,-0.7186963605283824,88.91663865141078,Oil & Gas E&P,Energy,PED
2008Q3,2008,Q3,2008-11-13,2008-09-30,-359883.0,135925.0,-360172.0,-20.38,7153.0,0.0526246092,1734915.0,-2301402.0,513539.0,2916317.0,4036317.0,0.0,-78248561.0,266958720.0,269902707.0,-130.3467376529225,0.17609162515597584,1.8769703414864705,-1.4149566220938368,,-130.3467376529225,0.15637554847001958,1964.0148611366562,-185.4482706879736,-115.9983001665941,0.0,0.0,0.0,0.07834677779603036,0.13345325628181023,-0.20743552277777297,-653.325795675636,0.05262460915946294,-1.6346932419806912,-1.254984765091099,-0.9707034659808128,-1.2837098894457235,1.0608382805722354,-1.5318614700701103,0.6385448341612725,0.7985587526923174,-0.7118500643629011,-1.658811841637399,Oil & Gas E&P,Energy,PED
2008Q2,2008,Q2,2008-08-13,2008-06-30,676648.0,79973.0,-996450.0,32.11,-117574.0,-1.4701711828,2120238.0,-1946787.0,960173.0,938693.0,4067025.0,0.0,-77865192.0,20227200.0,22772572.0,-113.18529069767442,1.0228828807714556,1.5501061673264982,-1.6882144785228173,0.518482720650062,-113.18529069767442,-0.3475716655186212,252.92536230977956,7.473309608540925,-10.390042670307537,0.0,0.0,0.0,0.03771887872965205,0.852548170701177,0.319137757176317,-28.152140025831738,-1.4701711827741863,1.837506520605112,4.3551316119328165,-0.9365677852462713,-0.48891934805071013,-1.4257566692112484,2.1093663157584093,-0.5653522179946777,1.5841879138179575,-0.79203222098387,-1.628275835679635,Oil & Gas E&P,Energy,PED
2008Q1,2008,Q1,2008-04-30,2008-03-31,-609941.0,71652.0,-636566.0,-38.34,-48469.0,-0.6764500642,2841638.0,-3006117.0,1760142.0,2502755.0,5847755.0,0.0,-78541840.0,243736012.8,245605582.8,-188.9688835805884,0.703281783474611,1.2112045939700975,-1.1449338132880391,-1.417766733300495,-188.9688835805884,0.20289995366115157,3401.663774912075,-99.90147112589578,-81.0800154485005,0.0,0.0,0.0,0.025215034427326775,0.6405041644108193,-0.21464415946014234,-120.47483540339515,-0.676450064199185,0.6790288823775638,0.10468799763515063,-0.467040133195598,-1.2667749968908808,0.9568596909712332,0.7152129292763281,0.64012946081549,0.6630919801123896,-0.8397317274313053,-1.8247955820311896,Oil & Gas E&P,Energy,PED
2007Q4,2007,Q4,2008-04-07,2007-12-31,-2141744.0,64709.0,-1768875.0,-119.45,-1123520.0,-17.3626543448,1236179.0,-7351656.0,152534.0,8462835.0,8587835.0,0.0,-77875556.0,350624736.0,353343403.0,-410.01985499163413,0.018023983688681158,2.2387534491364116,-0.3764457967021308,0.5160156989650712,-410.01985499163413,0.2913281034912406,5418.484847548255,-40.927479661434795,-47.69330012176849,0.0,0.0,0.0,0.052345979020837596,0.011240323130487596,-1.7325516773865273,-538.2848194739121,-17.362654344836113,-0.1462431628442569,-111.00810852637055,0.2319643368976757,-57.70564415676776,-47.60356463055892,-0.14626162722241845,-1.7257492873102704,0.2608189239634286,-0.9052774041362257,-2.795250108402498,Oil & Gas E&P,Energy,PED
2007Q3,2007,Q3,2007-11-16,2007-09-30,-1868460.0,80151.0,-648950.0,-104.21,-23116.0,-0.2884056344,2975499.0,-5062379.0,933828.0,8037878.0,8037878.0,0.0,-75473375.0,349419840.0,352020415.0,-282.34127161182374,0.11617842420599069,0.8984351868375691,-0.5280704980800529,0.8439045634646649,-282.34127161182374,0.36908734016161177,4359.519407119063,-46.75238431649594,-69.02285269435576,0.0,0.0,0.0,0.02693699443353871,0.020290305476146814,-0.6279484550322484,-2398.2473335255117,-0.28840563436513583,0.6081299590117701,-29.645105619904783,-0.02428115605924397,-43.06776739859772,0.9200531226871226,0.6508286945908778,-1.9321462993526184,-0.0013386020527828056,-0.927991448336296,-2.2447766600715924,Oil & Gas E&P,Energy,PED
2007Q2,2007,Q2,2007-08-14,2007-06-30,-5351127.0,111189.0,696189.0,-265.93,-289142.0,-2.600455081,3247395.0,-4532206.0,1184363.0,7779601.0,7779601.0,0.0,-74867428.0,434204428.22400004,436757654.22400004,-225.23635821488918,0.15223955573042885,0.832693589785043,-0.5966377079947381,-1.5438674024113395,-225.23635821488918,1.1806892714055803,3905.102377249548,-20.285653294343415,-95.80421283233817,0.0,0.0,0.0,0.03423944423145321,0.13674942969440207,-1.6478214076205697,-1160.4717427852108,-2.6004550809882274,-0.4664718208889379,-91.04535133062163,0.030678077399126133,-17.575102400274996,-0.7993552883777661,-0.466481645709074,1.3208877142588493,-1.3682364672221858,-0.8325494322578899,-1.7885289547207877,Oil & Gas E&P,Energy,PED
2007Q1,2007,Q1,2007-05-18,2007-03-31,-3648956.0,1264569.0,-2169572.0,-181.34,-160692.0,-0.1270725441,49672614.0,-1283793.0,1763138.0,50956407.0,50956407.0,0.0,-71530725.0,318442723.2,319022101.2,-63.800467150382666,0.034600908969111575,0.01848614208223469,-0.7152671809240275,,-63.800467150382666,2.842324268787881,251.81917570334238,-21.817385794731425,-248.0483405034924,0.0,0.0,0.0,0.025458072329352346,0.022036247571379983,-0.0734601162725199,-322.6543301717316,-0.12707254408418994,0.9403172722485518,-14.701971743539028,27.59689358189331,0.0,-0.5741925371525975,0.9232720376972031,-1.4571574746190674,0.2958269092506201,1.74871750907378,-1.1798812140898907,Oil & Gas E&P,Energy,PED
