Quarters,Year,Quarter,FillingDate,Date,NetIncome,Revenue,OperatingIncome,EPSDiluted,GrossProfit,GrossProfitRatio,TotalAssets,CommonStockEquity,CurrentAssets,CurrentLiability,TotalLiability,Inventory,RetainedEarnings,MarketCap,EnterpriseValue,bookValuePerShare,currentRatio,debtToAssets,debtToEquity,roic,shareholdersEquityPerShare,roe,priceToSalesRatio,peRatio,pbRatio,payoutRatio,inventoryTurnover,dividendYield,assetTurnover,quickRatio,returnOnAssets,priceToFreeCashFlowsRatio,grossProfitMargin,epsdilutedGrowth,fiveYNetIncomeGrowthPerShare,fiveYRevenueGrowthPerShare,fiveYShareholdersEquityGrowthPerShare,grossProfitGrowth,netIncomeGrowth,operatingIncomeGrowth,threeYNetIncomeGrowthPerShare,threeYRevenueGrowthPerShare,threeYShareholdersEquityGrowthPerShare,Industry,Sector,Symbol
2024Q1,2024,Q1,2023-06-02,2023-04-29,201500000.0,1613900000.0,261400000.0,11.85,722600000.0,0.4477352996,3749000000.0,1683100000.0,2503200000.0,1190800000.0,2065900000.0,1410000000.0,5846802000.0,5072630000.0,4778530000.0,99.00588235294117,2.102116224386967,0.14782608695652175,0.3292733646247995,0.08818907694162563,99.00588235294117,0.11971956508823005,3.1430881715100067,6.293585607940446,3.013861327312697,0.01687344913151365,0.632127659574468,0.000670263748785147,0.4304881301680448,0.8446422573060127,0.053747666044278476,20.412997987927564,0.4477352995848566,-0.29840142095914746,3.090874568032507,0.7704145140589902,0.6362799104277453,-0.13688485427615862,-0.3032503457814661,-0.18769422001243008,2.712355755699409,1.7039322988414232,0.659071679052384,Department Stores,Consumer Cyclical,DDS
2023Q4,2023,Q4,2023-03-27,2023-01-28,289200000.0,2162500000.0,321800000.0,16.89,837200000.0,0.3871445087,3340900000.0,1610400000.0,2071900000.0,859000000.0,1730500000.0,1120200000.0,5648700000.0,6492015000.0,6396915000.0,94.17543859649123,2.4119906868451686,0.1661827651231704,0.34475906607054146,0.12736811866415373,94.17543859649123,0.1795827123695976,3.002087861271676,5.612046161825726,4.031305886736214,0.9000691562932227,1.1830923049455455,0.040095409514611415,0.6472806728725793,0.9967403958090804,0.08656350085306355,17.80585573230938,0.38714450867052025,0.5410583941605839,2.0483601602522454,0.702809806419984,0.5657726940121657,0.16699191524951212,0.5391165513571048,0.28874649579495393,5.14646769387717,0.5849853738899383,0.4272003355433017,Department Stores,Consumer Cyclical,DDS
2023Q3,2023,Q3,2022-12-02,2022-10-29,187900000.0,1573100000.0,249700000.0,10.96,717400000.0,0.4560422096,3792600000.0,1609400000.0,2515400000.0,1356200000.0,2183200000.0,1644700000.0,5619813000.0,5572060290.0,5641960290.0,93.90279479549565,1.8547411886152485,0.15888836154616887,0.37442525164657636,0.08597707266090227,93.90279479549565,0.11675158444140674,3.5420890534613183,7.413598044172432,3.4621972722753824,0.018626929217668974,0.5202772542104943,0.000628133907000493,0.414781416442546,0.568647692080814,0.0495438485471708,22.687541897394137,0.4560422096497362,0.17849462365591398,20.792377205590242,0.8990157260513653,0.706092407422781,0.06014482045219447,0.1499388004895961,0.13396911898274297,48.97915999426491,0.6053296291065836,0.45013907390976077,Department Stores,Consumer Cyclical,DDS
2023Q2,2023,Q2,2022-09-01,2022-07-30,163400000.0,1617900000.0,220200000.0,9.3,676700000.0,0.418258236,3221600000.0,1449000000.0,1930200000.0,946000000.0,1772600000.0,1193400000.0,5435331000.0,3997495050.0,4107595050.0,82.40914519706534,2.040380549682875,0.1871740749937919,0.4161490683229814,0.08182756292762934,82.40914519706534,0.11276742581090407,2.470792416094938,6.116118497552019,2.758795755693582,0.022031823745410038,0.7886710239651417,0.0009005639669272385,0.5022038738515023,0.6754756871035941,0.05072013906133598,-33.3402422852377,0.41825823598491874,-0.32017543859649117,16.99626315656982,0.8480823511096053,0.5116972129233479,-0.13399027386741746,-0.34926324173636003,-0.3274282223579719,6.8494386535625456,0.614691328597419,0.2818190041370099,Department Stores,Consumer Cyclical,DDS
2023Q1,2023,Q1,2022-06-03,2022-04-30,251100000.0,1642800000.0,327400000.0,13.68,781400000.0,0.475651327,3658800000.0,1512300000.0,2354300000.0,1318700000.0,2146500000.0,1365000000.0,5275371000.0,5575217310.0,5318917310.0,82.4096779467059,1.7853188746492759,0.16560074341314093,0.4006480195728361,0.11757877664504171,82.4096779467059,0.16603848442769292,3.3937285792549305,5.550793817204301,3.686581571116842,0.015531660692951015,0.6310622710622711,0.0006995243024885788,0.4489996720236143,0.6772579055130052,0.06862905870777304,16.499607309854987,0.47565132700267837,-0.17788461538461542,5.459586019883842,0.928596368319728,0.525913753411532,-0.13494771382201665,-0.21834142697048936,-0.18559847567118476,3.578351468768121,0.57176545369339,0.24783496304833932,Department Stores,Consumer Cyclical,DDS
2022Q4,2022,Q4,2022-03-29,2022-01-29,321240000.0,2153388000.0,402013000.0,16.64,903298000.0,0.419477586,3245557000.0,1451218000.0,1914651000.0,966186000.0,1794339000.0,1080178000.0,5027922000.0,4844686000.0,4736655000.0,75.19264248704663,1.9816588110363842,0.1875573283722948,0.41946006733654073,0.15751460475488416,75.19264248704663,0.22135888612186452,2.2497970639754654,3.7703010210434567,3.3383585374492326,0.919891669779604,1.1573000005554641,0.06099590355288247,0.6634879621587296,0.7830127946378854,0.09897838799318576,9.187286777603944,0.4194775860179401,0.6962283384301733,8.681150669146565,0.8614806633648071,0.44919752530762375,0.26223107836945037,0.6279329042720316,0.5039205416931652,4.1795583388001605,0.4379158130323929,0.1872185313744231,Department Stores,Consumer Cyclical,DDS
2022Q3,2022,Q3,2021-12-03,2021-10-30,197330000.0,1511912000.0,267310000.0,9.81,715636000.0,0.4733317812147797,3740196000.0,1564200000.0,2376798000.0,1297398000.0,2175996000.0,1525860000.0,5002074000.0,4645914000.0,4633080000.0,77.82089552238806,1.8319729181022324,0.16226074783246652,0.3879855517197289,0.09365159962992523,77.82089552238806,0.1261539445083749,3.0728732889215773,5.885970202199362,2.9701534330648256,0.01601885166979172,0.5218539053386287,0.000680382805191831,0.40423336103241647,0.5765054362655099,0.0527592671614001,23.55474323029421,0.4733317812147797,0.11350737797956867,13.64128606899706,0.8183236233169081,0.5239620020453771,0.06142487192645746,0.06287973456284741,0.05567666619275548,35.0963465500779,0.4113689455831913,0.30716902714443206,Department Stores,Consumer Cyclical,DDS
2022Q2,2022,Q2,2021-09-03,2021-07-31,185656000.0,1601432000.0,253212000.0,8.81,674222000.0,0.4210119443098427,3383509000.0,1609579000.0,2005816000.0,894012000.0,1773930000.0,1112815000.0,4808737000.0,3866997000.0,3807377000.0,76.28336492890995,2.2436119425690038,0.1802430553605739,0.37889038065233205,0.08642815115398117,76.28336492890995,0.1153444472125941,2.414711957797771,5.207207146550609,2.4024897193613985,0.01762937906666092,0.8332112705166627,0.0008463932089939557,0.4733050806130559,0.9247370281383248,0.054870845622104154,23.360882724290626,0.4210119443098427,0.2151724137931035,24.122962699150783,0.7588279871548461,0.48797537284383136,0.15558594968514652,0.17320391539808022,0.29644212110817,85.67524638600806,0.39585151045568634,0.2573625341676936,Department Stores,Consumer Cyclical,DDS
2022Q1,2022,Q1,2021-06-09,2021-04-30,158247000.0,1357535000.0,195313000.0,7.25,583446000.0,0.4297833941666329,3507660000.0,1537697000.0,2108834000.0,1089021000.0,1969963000.0,1306508000.0,4626243000.0,2156238000.0,2154225000.0,70.53655963302752,1.936449343033789,0.17501895850795118,0.3992379512998985,0.06905274149528612,70.53655963302752,0.10291169196532217,1.5883479983941482,3.4064437240516403,1.4022515489072294,0.020853475895277637,0.5924869958699066,0.0015304432998583645,0.3870201216765593,0.6641947216812164,0.04511469184584595,7.550831165101921,0.4297833941666329,1.377049180327869,2.346819879528136,0.4447124884694122,0.38970116031189783,0.09618582210272973,1.3605919119292331,0.4743385544442348,1.5053535802687374,0.16129298578780937,0.16576462665890151,Department Stores,Consumer Cyclical,DDS
2021Q4,2021,Q4,2021-03-29,2021-01-30,67037000.0,1614314000.0,132475000.0,3.05,532251000.0,0.3297072316785954,3092515000.0,1441008000.0,1661940000.0,772877000.0,1651507000.0,1087763000.0,4471269000.0,1931820000.0,2185236000.0,65.50036363636363,2.1503292244432166,0.19846468004197232,0.42592060557609673,0.03916605141455037,65.50036363636363,0.04652090758691138,1.196681686462485,7.204305085251428,1.34060324439559,0.049330966481196954,0.994759887953534,0.0017118572123696824,0.5220068455609754,0.6669508861047747,0.02167717860705607,6.281708185516257,0.3297072316785954,1.132867132867133,0.31877728596829724,0.26141461692887497,0.3280268457803192,0.35285490610734366,1.104772370486656,6.92409379112334,-0.45076780254709087,-0.011966956630955414,0.0890172889888371,Department Stores,Consumer Cyclical,DDS
2021Q3,2021,Q3,2020-12-04,2020-10-31,31850000.0,1052112000.0,16718000.0,1.43,393428000.0,0.3739411773651474,3305989000.0,1380829000.0,1827398000.0,1060430000.0,1925160000.0,1545264000.0,4407532000.0,997478999.9999999,1558385000.0,61.92058295964126,1.7232613185217318,0.18815247116672196,0.45047576492092795,1.132580538980904,61.92058295964126,0.023065853918189726,0.9480730188421004,7.829505494505494,0.72237691995171,0.10938775510204081,0.4262598494496733,0.003492805362318405,0.31824425308130183,0.20416529143837878,0.009634030845232698,4.573955190344739,0.3739411773651474,4.864864864864864,0.1958293532970386,0.2268633313433793,0.3050941319558652,0.28850839730657374,4.718188185851039,1.9127538763922254,1.839016259653562,-0.023853908006872176,0.12501695695753515,Department Stores,Consumer Cyclical,DDS
2021Q2,2021,Q2,2020-09-04,2020-08-01,-8566000.0,945183000.0,-18316000.0,-0.37,305336000.0,0.32304432051782567,3083236000.0,1371314000.0,1546056000.0,831209000.0,1711922000.0,1283141000.0,4378988000.0,546360000.0,1304022000.0,59.10836206896552,1.8600087342653893,0.2726129300514135,0.6129376641673606,-0.0020859068867724834,59.10836206896552,-0.0062465635149936485,0.5780467909388975,-15.945598879290218,0.39842078473639153,-0.40625729628764884,0.4986568116832055,0.006369426751592356,0.3065555150497724,0.23719305252950823,-0.0027782498647524875,-2.7079564435148518,0.32304432051782567,0.946685878962536,-1.4943535202348743,0.05342634508960153,0.21672339961762763,1.2939139188772941,0.947115295570304,0.914327143458534,0.36445025438100626,-0.18174147695350512,0.08427221258571285,Department Stores,Consumer Cyclical,DDS
2021Q1,2021,Q1,2020-06-05,2020-05-02,-161975000.0,821576000.0,-213790000.0,-6.94,133107000.0,0.16201422631625073,3342345000.0,1396406000.0,1779670000.0,1071880000.0,1945939000.0,1570313000.0,4391039000.0,663624000.0,1209243000.0,59.67547008547009,1.6603257827368736,0.18418595327532017,0.44085530998864225,-0.0736137833889521,59.67547008547009,-0.11599420225922834,0.807745114268187,-1.0242691773421824,0.47523714449809007,-0.02287390029325513,0.4384278803015704,0.005582980724024448,0.24580825737618348,0.14379781318804344,-0.048461484376986816,-5.052141144227475,0.16201422631625073,-3.523636363636364,-3.6027575922164816,-0.10343412471689199,0.15594620044531918,-0.782986091297564,-3.3929647795768823,-3.451888891437484,-4.267757647150425,-0.24360565664078562,0.10496270357475798,Department Stores,Consumer Cyclical,DDS
2020Q4,2020,Q4,2020-03-31,2020-02-01,67688000.0,1962772000.0,87194000.0,2.75,613357000.0,0.3124952872773812,3430257000.0,1623259000.0,1848082000.0,930820000.0,1806998000.0,1465007000.0,4556494000.0,1493712000.0,1831595000.0,65.98613821138211,1.985434348209106,0.17927519716452733,0.3788428094346004,0.03132451499085816,65.98613821138211,0.04169882933037796,0.7610216571257385,5.516901075522988,0.9201932655232468,0.05481030611038884,0.9210979879277027,0.0024837451931831573,0.5721938618593301,0.34726048000687565,0.019732632277989666,4.824308350181835,0.3124952872773812,11.499999999999998,-0.13124651485613636,0.5082173445424784,0.3463424377665905,0.23442421363838536,11.392530208714756,4.234361868171449,0.6004099613639702,0.3311539845349103,0.27175937748185086,Department Stores,Consumer Cyclical,DDS
2020Q3,2020,Q3,2019-12-11,2019-11-02,5462000.0,1423659000.0,16658000.0,0.22,496877000.0,0.349014054629655,3800063000.0,1612383000.0,2179984000.0,1330949000.0,2187680000.0,1969980000.0,4492511000.0,1774623000.0,2410217000.0,64.75433734939759,1.6379170050843421,0.18806503997433727,0.44323153990087966,0.013187727201771254,64.75433734939759,0.0033875326147695677,1.246522516979136,81.22587879897473,1.1006212543793874,0.46558037348956427,0.4704524919034711,0.0014329804133046851,0.3746408941114924,0.09565054709083519,0.0014373445913923007,204.02655782938606,0.349014054629655,1.1383647798742138,-0.83160263221596,0.6170711780968792,0.4469099120520975,0.16410710562260006,1.1342971650561826,1.3884251270810988,-0.6728593468531553,0.3821251040300685,0.26808036486447057,Department Stores,Consumer Cyclical,DDS
2020Q2,2020,Q2,2019-09-11,2019-08-03,-40671000.0,1458845000.0,-42886000.0,-1.59,426831000.0,0.292581459990609,3512079000.0,1645844000.0,1867881000.0,1006232000.0,1866235000.0,1603031000.0,4490759000.0,1802752000.0,2422715000.0,64.29078125,1.8563124607446395,0.21015216343368132,0.4484452961520047,-0.013715903817361279,64.29078125,-0.024711333516420755,1.2357392320637217,-11.081311007843427,1.0953358884560143,-0.06478817830886872,0.6437891718875056,0.0014616541820505538,0.41537932375666947,0.16900078709482505,-0.011580320374342376,-20.90219949679409,0.292581459990609,-1.531772575250836,-2.9922875119742227,0.6272195545869887,0.3424184503635705,-0.2513943258828977,-1.5174295819444799,-1.4025871618196497,-5.536168777931805,0.3205854455289674,0.25404928440218094,Department Stores,Consumer Cyclical,DDS
2020Q1,2020,Q1,2019-06-07,2019-05-04,78602000.0,1497935000.0,106526000.0,2.99,570168000.0,0.38063600890559335,3778988000.0,1736908000.0,2094944000.0,1179346000.0,2042080000.0,1832581000.0,4533973000.0,1808388000.0000002,2288886000.0,66.04212927756654,1.776360796577086,0.16414447465829476,0.35712887498934887,0.03444999320625353,66.04212927756654,0.04525398006112011,1.2072539863211689,5.751723874710567,1.041153590172882,0.03348515304954072,0.5062624789845579,0.0014554398724167601,0.39638522271041876,0.15912632933846385,0.020799748504096865,61.05705989600919,0.38063600890559335,-0.07142857142857142,0.16942456870306025,0.5668240476913888,0.417673236090155,-0.1099358093763269,-0.07698630780431669,-0.09530522811427795,0.37794281998549123,0.3213689734040945,0.3011525393921926,Department Stores,Consumer Cyclical,DDS
2019Q4,2019,Q4,2019-03-29,2019-02-02,85158000.0,2056257000.0,117748000.0,3.22,640592000.0,0.31153304280544697,3431369000.0,1678381000.0,1770532000.0,933535000.0,1752988000.0,1528417000.0,4458006000.0,1738665000.0,2183605000.0,63.3351320754717,1.8965887727830237,0.1656624513423068,0.33868889125889773,0.04293319579352462,63.3351320754717,0.05073818161668894,0.8455484893182127,5.104232720355105,1.0359179471168942,0.031999342398835104,0.9262295564626669,0.0015672944471764258,0.5992526597984653,0.18570487448247788,0.02481749995409995,6.327779536843944,0.31153304280544697,10.925925925925926,0.1844726717514685,0.6387377082325891,0.3956512825354158,0.281112257713568,10.469090909090909,5.265857811834823,0.39078227687089245,0.3339023775335516,0.2841265453765069,Department Stores,Consumer Cyclical,DDS
2019Q3,2019,Q3,2018-12-06,2018-11-03,7425000.0,1454965000.0,18792000.0,0.27,500028000.0,0.34367012264899843,3986601000.0,1625276000.0,2287984000.0,1533054000.0,2361325000.0,2043669000.0,4375479000.0,1992626999.9999998,2674272000.0,59.53391941391941,1.4924353610505565,0.19058867441211197,0.46749044469985407,0.01223537798601283,59.53391941391941,0.004568454834748067,1.3695360369493423,67.09181818181818,1.2260237645790621,0.3718518518518519,0.4672659809391834,0.0013856080440544066,0.3649637874470006,0.1098754512235055,0.0018624888720993147,35.057390172240886,0.34367012264899843,3.6999999999999997,-0.7583273060980068,0.5985885430881035,0.4370267373231215,0.0341199098297934,3.5889121338912133,0.5165846178678073,-0.772281430531693,0.3858906814250657,0.25479065547689306,Department Stores,Consumer Cyclical,DDS
2019Q2,2019,Q2,2018-09-07,2018-08-04,-2868000.0,1500707000.0,12391000.0,-0.1,483530000.0,0.3222014690409254,3582630000.0,1674474000.0,1854182000.0,1084183000.0,1908156000.0,1603283000.0,4370780000.0,2220144000.0,2906342000.0,60.669347826086955,1.7102112835194796,0.22406583989973847,0.47940129258501474,0.0037423575704883198,60.669347826086955,-0.0017127766689718682,1.4793987100746515,-193.52719665271965,1.3258754689532355,-0.9710599721059973,0.6344338460521318,0.001254423136517271,0.4188841716839305,0.17238049296105915,-0.0008005292201539092,-18.881665561055264,0.3222014690409254,-1.0346020761245676,-1.1318454937667777,0.659742223701822,0.3969254630894314,-0.17722089780305234,-1.035606098227144,-0.8960983422356759,-1.139128983087755,0.40592801426985486,0.24885570426419304,Department Stores,Consumer Cyclical,DDS
2019Q1,2019,Q1,2018-06-08,2018-05-05,80548000.0,1490725000.0,119257000.0,2.89,587679000.0,0.3942236160257593,3781463000.0,1682086000.0,2045383000.0,1278289000.0,2099377000.0,1780783000.0,4376408000.0,2029678000.0000002,2595722000.0,60.50669064748202,1.6000943448625466,0.19308003278096333,0.4340592573744743,0.03851363698127228,60.50669064748202,0.04788577991850595,1.361537506917775,6.299591547896907,1.206643417756286,0.03522123454337786,0.5071061437581109,0.0013977586592553103,0.39421911572320023,0.16205255619034506,0.021300750529623057,125.28876543209878,0.3942236160257593,-0.4792132191182449,0.15935954589284804,0.5823318307454375,0.4365405706481456,-0.13151314525544208,-0.4887886115395112,-0.09703040765642983,0.08946066900939818,0.3693140272890074,0.1720473932639688,Department Stores,Consumer Cyclical,DDS
2018Q4,2018,Q4,2018-03-30,2018-02-03,157563000.0,2109173000.0,132072000.0,5.549296,676670000.0,0.3208224266098608,3673169000.0,1708155000.0,1729851000.0,1039701000.0,1965014000.0,1463561000.0,4365219000.0,1808512000.0,2351827000.0,60.14630281690141,1.6637966107563618,0.1988318533669428,0.42756248701083915,0.07310089159740779,60.14630281690141,0.09224162912616243,0.8574507638775957,2.869506165787653,1.0587516940792843,0.01841168294586927,0.9787791557714369,0.0016040811451624318,0.5742107155973493,0.21802229679494392,0.042895657673251625,9.293913901465125,0.3208224266098608,10.098592,0.6392117594724271,0.6445809394652904,0.4562049789314133,0.33533171647166315,9.837265286470872,3.0919568719791797,0.7516844958169588,0.40385756690747654,0.22718986369150151,Department Stores,Consumer Cyclical,DDS
2018Q3,2018,Q3,2017-11-30,2017-10-28,14539000.0,1396819000.0,32276000.0,0.5,506743000.0,0.36278358183844867,4135334000.0,1590647000.0,2170770000.0,1526837000.0,2544687000.0,1957258000.0,4210507000.0,1516383000.0,2219265000.0,55.03968858131488,1.4217431199270125,0.19774460781160602,0.5140926930990974,0.009118840764212259,55.03968858131488,0.009140305800092667,1.0855973465423938,26.074403328977233,0.9533120799272246,0.1401059220028888,0.45475660337063384,0.0013433281697302066,0.3377765858815757,0.10517560158680986,0.003515798240238878,-218.27882539225564,0.36278358183844867,1.8620689655172415,-0.5115832864140953,0.5315937014208737,0.25270696544042454,0.1094391754021841,1.8512295081967214,3.8649032487129418,-0.6137934421889216,0.36698829765404134,0.22983994932821308,Department Stores,Consumer Cyclical,DDS
2018Q2,2018,Q2,2017-08-31,2017-07-29,-17080000.0,1463810000.0,-11266000.0,-0.58,456756000.0,0.3120322992738129,3749335000.0,1602721000.0,1759873000.0,1122682000.0,2146614000.0,1527385000.0,4198855000.0,2318778000.0,3001624000.0,54.514319727891156,1.5675614287928372,0.218154686097668,0.5103414755281799,-0.002936120649204404,54.514319727891156,-0.010656876649148541,1.584070336997288,-33.939959016393445,1.4467758268594473,-0.12728337236533957,0.6593321264776072,0.0009375628024761317,0.39041856755931387,0.17331889172535053,-0.004555474504145402,-26.736826326591796,0.3120322992738129,-1.2735849056603774,-1.9045193733479469,0.5767499972368638,0.3025335647435727,-0.21625837138312493,-1.2576091218967753,-1.0953743523754698,-1.7285303740933804,0.4217209005530605,0.13828183744057196,Department Stores,Consumer Cyclical,DDS
2018Q1,2018,Q1,2017-06-06,2017-04-29,66302000.0,1452874000.0,118124000.0,2.12,582789000.0,0.40112838415444146,4114905000.0,1690412000.0,2092742000.0,1235696000.0,2424493000.0,1713881000.0,4217972000.0,1733081000.0,2251994000.0,54.0067731629393,1.6935735002783856,0.19937130990873422,0.4853219215197242,0.030353402179472168,54.0067731629393,0.039222390754443295,1.1928639372719176,6.534799101082924,1.025241775377837,0.03487074296401315,0.5076694356259274,0.0013340403593369266,0.3530759519357069,0.2758809610130647,0.01611264415581891,40.39533365965084,0.40112838415444146,0.2325581395348838,0.10170002171903705,0.44832858199656184,0.256231680721551,-0.07252223649219634,0.1650734518872566,0.10798033992421116,-0.17114863471831895,0.2769286257253284,0.15931993287046606,Department Stores,Consumer Cyclical,DDS
2017Q4,2017,Q4,2017-03-24,2017-01-28,56908000.0,1983967000.0,106612000.0,1.72,628359000.0,0.3167184736439669,3888136000.0,1717417000.0,1837921000.0,976517000.0,2170719000.0,1406403000.0,4153844000.0,1808915000.0,2282506000.0,51.88570996978852,1.8821187956789283,0.21104611567085102,0.47779659803064717,0.02823144130175338,51.88570996978852,0.033135808018669895,0.9117666775707459,7.946663913685247,1.0532765193310651,0.0416988824066915,0.9638830406362899,0.0013118361006459673,0.5102617295279794,0.40471901666842464,0.014636319305703298,5.029625860554091,0.3167184736439669,1.5671641791044773,-0.39003504545387,0.49740706962574865,0.2693170192300285,0.1909084017209029,1.496183875778577,1.1020544974170905,-0.3662896577363098,0.26585621352667815,0.14335212214139278,Department Stores,Consumer Cyclical,DDS
2017Q3,2017,Q3,2016-12-01,2016-10-29,22798000.0,1406495000.0,50718000.0,0.67,527630000.0,0.3751381981450343,4184228000.0,1736205000.0,2090467000.0,1143345000.0,2448023000.0,1901991000.0,4099256000.0,2055980000.0,2813250000.0,51.06485294117647,1.8283781360831595,0.20021662299473164,0.48251905736937745,0.012763038463571184,51.06485294117647,0.01313093787887951,1.4617755484377832,22.545618036669882,1.1841804395218307,0.10540398280550925,0.4620763189731182,0.0011687856885767372,0.3361420553564481,0.11128137176442807,0.005448555862634636,264.3667223865244,0.3751381981450343,0.9142857142857145,-0.8468929778414382,0.521488834044692,0.30803101453732495,0.06507788797131962,0.8867830836712737,0.5023104265402843,-0.4041847642572008,0.24081225011198304,0.23260083892253774,Department Stores,Consumer Cyclical,DDS
2017Q2,2017,Q2,2016-09-01,2016-07-30,12083000.0,1488750000.0,33760000.0,0.35,495391000.0,0.33275633921074727,3843008000.0,1768696000.0,1736634000.0,763860000.0,2074312000.0,1499265000.0,4078824000.0,2334960000.0,3027635000.0,51.26655072463768,2.2734977613698844,0.21361522016087398,0.46414137873325884,0.008453263640511133,51.26655072463768,0.006831586660454934,1.5684030226700252,48.31084995448151,1.3201590324171029,0.20681949846892328,0.6625639896882806,0.0010702538801521224,0.3873918555464886,0.25059696803079096,0.003144151664529452,55.17521680569011,0.33275633921074727,-0.8387096774193548,0.0826980531937276,0.5885280349101087,0.4416556899006638,-0.17464821114994886,-0.8439513889785745,-0.7503678672572262,-0.5556236816781108,0.3172144785283669,0.18042393198791978,Department Stores,Consumer Cyclical,DDS
2017Q1,2017,Q1,2016-06-02,2016-04-30,77431000.0,1538797000.0,135239000.0,2.17,600218000.0,0.39005664814787133,4025646000.0,1812012000.0,1882694000.0,899886000.0,2213634000.0,1647845000.0,4069151000.0,2515065000.0,3188207000.0,50.75663865546218,2.09214722753771,0.20455151794271031,0.4544406990682181,0.033082269287414506,50.75663865546218,0.04273205696209517,1.6344358612604521,8.12034262762976,1.3879957748624183,0.03244178688122328,0.5695796631357926,0.0009987813436233258,0.3822484639732356,0.21429603305307562,0.019234428461916423,1032.8809034907597,0.39005664814787133,-0.060606060606060656,0.6264824591234306,0.6536744819174891,0.5321347113619592,-0.09098371331558366,-0.07935318946554902,-0.025100741776659625,-0.13212969515081854,0.2719145649389635,0.20505633142462534,Department Stores,Consumer Cyclical,DDS
2016Q4,2016,Q4,2016-03-23,2016-01-30,84105000.0,2117429000.0,138721000.0,2.31,660294000.0,0.31183761061173715,3865625000.0,1795305000.0,1668883000.0,751216000.0,2070320000.0,1374505000.0,3994211000.0,2562924000.0,3185393000.0,49.32156593406594,2.221575419053907,0.21350700080840743,0.45972021467104474,0.03507274656699829,49.32156593406594,0.04684719309532363,1.2103943036578795,7.618227215980024,1.427570245724264,0.03179359134415314,1.0601161872819669,0.0010433395605956323,0.5477585125303153,0.332803081936487,0.021757154405820534,7.47042637782882,0.31183761061173715,0.9411764705882354,0.30313527333431145,0.818356169524604,0.46070041726981814,0.1792354098875939,0.8386017838405037,0.8297302644595397,-0.3173162092455589,0.288157191838085,0.1941267628789042,Department Stores,Consumer Cyclical,DDS
2016Q3,2016,Q3,2015-12-04,2015-10-31,45744000.0,1472854000.0,75815000.0,1.19,559934000.0,0.3801693854244888,4380186000.0,1817155000.0,2150871000.0,1330804000.0,2563031000.0,1933472000.0,3912626000.0,3427084000.0,4278529000.0,47.445300261096605,1.6162192178562733,0.2172407747068275,0.5236509818920235,0.01759414613517723,47.445300261096605,0.025173416687074027,2.326832123211126,18.72969132563834,1.8859612966422787,0.052137985309548794,0.47216613429105775,0.0006959269162938521,0.3362537572605364,0.11062786105241644,0.01044339212992325,-102.05729600952948,0.3801693854244888,0.5866666666666666,4.473078690460996,0.845712691815571,0.4772262071829906,0.055457641942798765,0.5273455759599333,0.2632464676086377,0.15954921789957865,0.21860289403729213,0.0798581831850225,Department Stores,Consumer Cyclical,DDS
2016Q2,2016,Q2,2015-09-03,2015-08-01,29950000.0,1550844000.0,60016000.0,0.75,530513000.0,0.3420801834356002,4002331000.0,1948056000.0,1748986000.0,815025000.0,2054275000.0,1477241000.0,3869549000.0,4085388000.0,4740477000.0,48.57995012468828,2.1459292659734364,0.20743561689425488,0.4261817935418694,0.0140612969170299,48.57995012468828,0.015374301354786516,2.634299774832285,34.10173622704507,2.097161477904126,0.08273789649415693,0.6907004341200927,0.000606551935825924,0.38748519300377704,0.27474003864912117,0.007483139200630832,-55.08140757718754,0.3420801834356002,-0.7180451127819549,6.405384459180112,0.8428183091353467,0.5116571715438973,-0.1875745598385296,-0.7266612516085461,-0.6711974535553255,0.16286631754055664,0.22475494368128907,0.16074117638857338,Department Stores,Consumer Cyclical,DDS
2016Q1,2016,Q1,2015-06-03,2015-05-02,109571000.0,1613418000.0,182529000.0,2.66,652999000.0,0.40473020630735496,4472958000.0,2126941000.0,2206941000.0,1095380000.0,2346017000.0,1640924000.0,3841990000.0,5495256000.0,5858975000.0,51.62478155339806,2.014772042578831,0.18362367811188926,0.38616068804917486,0.040348322800502066,51.62478155339806,0.05151576842046864,3.405971670081777,12.53811683748437,2.583642893714494,0.022551587555101258,0.5852915796222129,0.00044966057996206183,0.3607049294896129,0.47028793660647444,0.024496317649305002,111.89232774067438,0.40473020630735496,-0.16088328075709774,2.937444158951805,0.9096163089294129,0.6605383282782054,-0.12570576271912617,-0.16031113495286994,-0.15465698420270188,0.38318246831906266,0.22189297735846103,0.20082505025891062,Department Stores,Consumer Cyclical,DDS
2015Q4,2015,Q4,2015-03-25,2015-01-31,130490000.0,2179556000.0,215923000.0,3.17,746887000.0,0.34267850883390927,4170071000.0,2019270000.0,1888442000.0,885323000.0,2150801000.0,1374481000.0,3734891000.0,4680320000.0,5098112000.0,49.01140776699029,2.133054263811061,0.1970095952802722,0.40685198116150884,0.04946507208371145,49.01140776699029,0.06462236352741338,2.1473731347118403,8.966817380642194,2.3178277298231538,0.01938079546325389,1.042334524813366,0.0005403476685354847,0.5226664006440178,0.5198803148681329,0.03129203315722922,12.517504586763376,0.34267850883390927,1.4384615384615382,1.9436139474492,1.0845410829462785,0.571953612308383,0.29960971009272647,1.3626224402962104,1.298324605100694,0.12367202668187531,0.3216128261724278,0.19900092050946533,Department Stores,Consumer Cyclical,DDS
2015Q3,2015,Q3,2014-12-01,2014-11-01,55231000.0,1499144000.0,93948000.0,1.3,574701000.0,0.38335276664549905,4357068000.0,1897550000.0,2040709000.0,1214128000.0,2459518000.0,1832297000.0,3606871000.0,4484224000.0,5277072000.0,44.75353773584906,1.6808021888960636,0.2030606361892906,0.46625859661142,0.021788854959314662,44.75353773584906,0.029106479407657242,2.9911896388872585,20.29758650033496,2.363165133988564,0.046948271803878255,0.5045268316217294,0.0005782494362458254,0.3440717473310033,0.11000652320018976,0.01267618499412908,215.78480342620662,0.38335276664549905,0.625,11.000150147321017,0.8762703039840425,0.478451813906595,0.07096655168751013,0.6032685999593602,0.3766888426482225,-0.7025634551808753,0.3004300252939287,0.14636608150405134,Department Stores,Consumer Cyclical,DDS
2015Q2,2015,Q2,2014-09-04,2014-08-02,34449000.0,1512888000.0,68242000.0,0.8,536619000.0,0.35469843108015925,4070127000.0,2068924000.0,1733935000.0,745361000.0,2001203000.0,1429220000.0,3554170000.0,5205168000.0,5791783000.0,47.89175925925926,2.3263022884213154,0.2019460326422247,0.3972818721229006,0.01516902202525283,47.89175925925926,0.016650684123728082,3.44055078763266,37.77444918575285,2.515881685359153,0.07573514470666783,0.6830781825051426,0.0005012326211180888,0.37170535464863874,0.3416626305910827,0.008463863658308451,-70.27647940378306,0.35469843108015925,-0.6875,3.208497041114904,0.7767438386881521,0.5865217457473465,-0.17356391408202773,-0.6915466096003868,-0.6368019926340663,1.4651567985577378,0.28918497617825695,0.34675390209708445,Department Stores,Consumer Cyclical,DDS
2015Q1,2015,Q1,2014-06-05,2014-05-03,111683000.0,1588541000.0,187892000.0,2.56,649317000.0,0.40875054531170424,4293622000.0,2035759000.0,1942727000.0,990998000.0,2257863000.0,1564387000.0,3522314000.0,4315812000.0,4825870000.0,46.58487414187643,1.9603742893527536,0.19147912881012813,0.4038488838806558,0.04239400149249358,46.58487414187643,0.054860619552707365,2.716840169690301,9.660852591710466,2.1200014343544593,0.02360251784067405,0.6003782951405247,0.0006107772998453129,0.3699769099375772,0.3342680812675707,0.026011372216743812,31.03003199482331,0.40875054531170424,-0.05535055350553502,23.560894416422222,0.778412298976414,0.5196957643223723,-0.08155462577124477,-0.0622911454047791,-0.04519630461516571,0.9164979823085629,0.3946136171036441,0.4062062537609766,Department Stores,Consumer Cyclical,DDS
2014Q4,2014,Q4,2014-03-27,2014-02-01,119102000.0,2078675000.0,196786000.0,2.71,706974000.0,0.34010800149133463,4050739000.0,1992197000.0,1660156000.0,778311000.0,2058542000.0,1345321000.0,3413240000.0,3832470000.0,4417664000.0,45.3803416856492,2.133023945440833,0.20300690812219696,0.4127744394756141,0.04566958131702867,45.3803416856492,0.059784248244526016,1.8437081313817696,8.044512266796527,1.9237404734571932,0.022787190811237427,1.019608703053026,0.0007081594898329276,0.5131594506582626,0.34430195641588,0.029402536179200883,12.812183453850706,0.34010800149133463,1.3982300884955754,2.33518812798019,0.6713578659764042,0.48169023523685656,0.24135497034334297,1.3413934103955336,1.0884912548819834,0.5301133455774215,0.48010850397018745,0.34397768563732584,Department Stores,Consumer Cyclical,DDS
2014Q3,2014,Q3,2013-12-04,2013-11-02,50868000.0,1506925000.0,94224000.0,1.13,569518000.0,0.3779338719577948,4459915000.0,1872570000.0,2037544000.0,1298445000.0,2587345000.0,1829198000.0,3296788000.0,3714536000.0000005,4596076000.0,41.42853982300885,1.5692185652838588,0.22254056411389006,0.5300266478689715,0.021270119722149747,41.42853982300885,0.0271648055880421,2.4649773545465106,18.255760006290796,1.9836566857313749,0.04554926476370213,0.5124688524697709,0.0006237656600985964,0.3378819999932734,0.1098868261651437,0.011405598537191853,220.38184514980722,0.3779338719577948,0.43037974683544283,2.4743178454239407,0.5839571666192493,0.2683058830273426,0.05471374547663406,0.39398755857608725,0.3090302861906085,4.157064415745209,0.6001340878083576,0.28989224254217716,Department Stores,Consumer Cyclical,DDS
2014Q2,2014,Q2,2013-09-03,2013-08-03,36491000.0,1516796000.0,71980000.0,0.79,539974000.0,0.35599645568685573,4107463000.0,2010838000.0,1649325000.0,797533000.0,2096625000.0,1459284000.0,3248620000.0,3947075000.0,4656193000.0,43.43062634989201,2.0680335484550483,0.2003312020096103,0.40920899644824693,0.01639155098936088,43.43062634989201,0.018147160537049727,2.602245127228711,27.04142802334822,1.962900541963102,0.06385136060946535,0.6693844378476019,0.0005903105464172836,0.3692780677513102,0.17550872503081377,0.00888407272323573,-101.82583907334313,0.35599645568685573,-0.6839999999999999,2.541852682771294,0.49236184336685523,0.3253133256467461,-0.17130553287619937,-0.6886699087108609,-0.6225742345828549,6.814477231979613,0.5610073956208802,0.35142620809512154,Department Stores,Consumer Cyclical,DDS
2014Q1,2014,Q1,2013-06-05,2013-05-04,117210000.0,1589381000.0,190713000.0,2.5,651596000.0,0.40996840908504634,4261160000.0,1975415000.0,1775313000.0,989713000.0,2285745000.0,1544118000.0,3214446000.0,3955546000.0,4623029000.0,42.119722814498935,1.7937654653419728,0.19324338912408828,0.4168445617756269,0.04402504844295367,42.119722814498935,0.059334367715138336,2.4887336642378384,8.436878252708814,2.0023873464563144,0.0,0.6073272897537624,0.0,0.3729925654047255,0.18567402873358235,0.027506594448460042,30.51765613547815,0.40996840908504634,-0.25595238095238093,61.47867803837953,0.3314430338597701,0.12707536138305042,-0.15518238370721107,-0.2739852455665467,-0.135194329945993,2.7000519491951023,0.6525385811931999,0.35480310047579755,Department Stores,Consumer Cyclical,DDS
2013Q4,2013,Q4,2013-03-28,2013-02-02,161443000.0,2154056000.0,220527000.0,3.36,771286000.0,0.35806218594131256,4048744000.0,1970175000.0,1491980000.0,767116000.0,2078569000.0,1294581000.0,3099566000.0,4074057000.0,4774016000.0,41.30345911949686,1.9449209767492792,0.20352459923373767,0.4182466024591724,0.05988807239526343,41.30345911949686,0.08194348217797912,1.8913421935177173,6.308816424372688,2.0678655449389014,1.5174210092726226,1.0681216548056862,0.060130970185247774,0.5320306742041483,0.20281026598324112,0.03987483525755148,14.64919024263955,0.35806218594131256,2.3267326732673266,4.375931582075932,0.5379270889975468,0.23543476234190275,0.3609600474306627,2.3277610586634787,1.4872494727225563,2.1455868246558008,0.7794191228892093,0.32473488768983755,Department Stores,Consumer Cyclical,DDS
2013Q3,2013,Q3,2012-11-28,2012-10-27,48514000.0,1486345000.0,88663000.0,1.01,566722000.0,0.3812856369147136,4559367000.0,2069414000.0,1944586000.0,1137511000.0,2489953000.0,1722443000.0,3274629000.0,3564999000.0,4292054000.0,43.93660297239915,1.7095096223245314,0.18683492686594433,0.4116377873156362,0.020170560675741828,43.93660297239915,0.02344335159615234,2.398500348169503,18.370980541699304,1.7227094240205199,0.049078616481840295,0.5339062018307718,0.0006678823752825737,0.3259981045614446,0.13674505125664718,0.010640512158815028,85.12007545007401,0.3812856369147136,0.6031746031746031,8.076820768116585,0.46874157270095906,0.38075378593810266,0.05460195764635826,0.5638579072915995,0.34877388341243765,8.488898624264246,0.674621374064513,0.45146403273955704,Department Stores,Consumer Cyclical,DDS
2013Q2,2013,Q2,2012-08-29,2012-07-28,31022000.0,1525182000.0,65736000.0,0.63,537380000.0,0.3523382783169484,4261462000.0,2021477000.0,1602549000.0,875594000.0,2239985000.0,1362077000.0,3228474000.0,3158337000.0,3920812000.0,41.85252587991718,1.8302420985068422,0.21706353359480854,0.4575901679811346,0.01423930238216938,41.85252587991718,0.015346204779970288,2.0707935184128843,25.452396686222684,1.562390766751242,0.0801689123847592,0.7252174436540666,0.0007874397190673446,0.35790111468787006,0.22378750882258217,0.007279661299338115,208.91235613176346,0.3523382783169484,-0.6666666666666666,3.0718626820520436,0.5176654486204488,0.304271318331184,-0.14579422316678298,-0.6733941863280798,-0.5981317552697217,2.7787979151759283,0.6020509623075987,0.3864586193939958,Department Stores,Consumer Cyclical,DDS
2013Q1,2013,Q1,2012-05-30,2012-04-28,94983000.0,1583228000.0,163576000.0,1.89,629099000.0,0.3973521185830468,4516034000.0,2123760000.0,1826916000.0,1021607000.0,2392274000.0,1499604000.0,3199848000.0,3210505999.9999995,3861850999.9999995,42.99109311740891,1.7882767052300934,0.19973941737373987,0.4247325498173052,0.034471620014375474,42.99109311740891,0.04472398011074698,2.027822903586849,8.45021214322563,1.5117084793008624,0.026278386658665234,0.6362539710483568,0.0007774475425369085,0.350579291475662,0.2755335466573741,0.02103239258163247,62.996801601161614,0.3973521185830468,-0.3176895306859206,2.5606162892775934,0.4157357236158756,0.2987037448399156,-0.11288302897835437,-0.3287230734437723,-0.12212138613542567,17.47810698762284,0.5679491526532374,0.4024591311578757,Department Stores,Consumer Cyclical,DDS
2012Q4,2012,Q4,2012-03-22,2012-01-28,141496000.0,2009418000.0,186331000.0,2.77,709150000.0,0.3529131320611242,4306137000.0,2052019000.0,1591729000.0,870364000.0,2254118000.0,1304124000.0,3107344000.0,2316228000.0,2994995000.0,40.87687250996016,1.8288084065976993,0.2097097700328624,0.4400734106263149,0.04079112041255382,40.87687250996016,0.06895452722416313,1.152686001618379,4.092391304347826,1.1287556304303226,0.01744925651608526,0.9970432259509066,0.0010659572373704143,0.46664051793986117,0.2906599997242533,0.03285914962761287,7.013771802325581,0.3529131320611242,4.54,0.48214800597212426,0.34813449494438664,0.28779498876158666,0.32170700841128635,-0.3798686073164425,2.253666969337152,2.3871658023342257,0.4129082081879733,0.3346497755477049,Department Stores,Consumer Cyclical,DDS
2012Q3,2012,Q3,2011-12-06,2011-10-29,228171000.0,1416538000.0,57268000.0,0.5,536541000.0,0.3787692246872304,4717130000.0,2033957000.0,1971141000.0,1299049000.0,2683173000.0,1756526000.0,2968076000.0,2699822000.0,3639472000.0,39.039481765834935,1.5173723239077201,0.22175199750695868,0.5142847169335438,0.1068024208935047,39.039481765834935,0.11218083764799354,1.9059298091544314,2.9581125559339267,1.3273741775268602,0.012359151688864931,0.5009871758231874,0.0010445133049512153,0.3002965786399781,0.09749054885535495,0.048370725419905745,-128.06897206014895,0.3787692246872304,0.6666666666666667,24.626517117990534,0.22836268294062673,0.2782812171916306,0.04659477932484678,11.990093936806149,0.41819172383051434,6.7373007602575194,0.29175673985662703,0.19516653508622367,Department Stores,Consumer Cyclical,DDS
2012Q2,2012,Q2,2011-09-02,2011-07-30,17565000.0,1475053000.0,40381000.0,0.3,512654000.0,0.34754954567734175,4177338000.0,1930956000.0,1601154000.0,822382000.0,2246382000.0,1357845000.0,2742624000.0,3054918000.0,3833448000.0,35.56088397790055,1.946971115612939,0.22934581783901614,0.49615579018890127,0.00990594740713351,35.56088397790055,0.009096530423272202,2.071056429836758,43.480187873612294,1.5820754072076215,0.128266438941076,0.7087694103524335,0.0007374993371344174,0.3531083670988558,0.2420967384986539,0.004204830923425397,89.57390411963055,0.34754954567734175,-0.7709923664122137,0.6174033149171271,0.22163413831806042,0.15630195419344017,-0.14539150149198993,-0.7709221800539927,-0.701257675519716,1.632829085213141,0.23747304679916623,0.08516310651381287,Department Stores,Consumer Cyclical,DDS
2012Q1,2012,Q1,2011-06-03,2011-04-30,76677000.0,1498756000.0,135170000.0,1.31,599870000.0,0.40024527007731747,4336878000.0,1904863000.0,1715971000.0,988725000.0,2432015000.0,1504033000.0,2727879000.0,2761150000.0,3572907000.0,33.12805217391304,1.735539204531088,0.2211321139308046,0.5034603538417198,0.029639350472995183,33.12805217391304,0.04025328855670985,1.8422945429409456,9.002536614630202,1.4495268163642216,0.032082632340858404,0.5976504504887858,0.0008909331256903826,0.34558408145214137,0.17068446736959214,0.017680229879650754,65.39135583185316,0.40024527007731747,-0.2613309575631816,0.7318351228124909,0.10467764131636842,0.10015337365864893,-0.14688795500280877,-0.3002454894731559,-0.2532828045674763,32.337826086956525,0.02407203211427451,-0.11353140807050281,Department Stores,Consumer Cyclical,DDS
2011Q4,2011,Q4,2011-03-23,2011-01-29,109577000.0,1977047000.0,181019000.0,1.77346,703155000.0,0.3556592230736042,4374166000.0,2086720000.0,1701926000.0,831212000.0,2287446000.0,1290147000.0,2653437000.0,2484978000.0,3101666000.0,33.76569579288026,2.0475233755046847,0.2194656078438724,0.4600420756019015,0.04046057509879861,33.76569579288026,0.05251159714767674,1.2569139732135857,5.669478996504741,1.1908535884066862,0.02407439517416976,0.9874006605448836,0.0010615788147822637,0.45198261794362626,0.4442200064484151,0.02505094685478329,7.5399011460144365,0.3556592230736042,7.061181818181819,0.4262085930657113,0.06477257820701958,0.1425747751464796,0.363858539111612,6.619567484875878,3.5780076376419414,1.8163318316889616,0.08949603681480213,0.009971446616555633,Department Stores,Consumer Cyclical,DDS
2011Q3,2011,Q3,2010-12-03,2010-10-30,14381000.0,1373037000.0,39541000.0,0.22,515563000.0,0.3754909736591221,4712091000.0,2116565000.0,1993109000.0,1130320000.0,2595526000.0,1708504000.0,2546338000.0,1681109000.0,2474913000.0,32.11783004552352,1.7633139287989241,0.20392708884442173,0.45400117643445864,0.009199524605502376,32.11783004552352,0.006794499578326203,1.22437268624225,29.224480216952927,0.7942628740435566,0.18573117307558584,0.5018858603784363,0.0015888321340258127,0.29138592612069675,0.19334347795314602,0.0030519359664318876,119.30373997587112,0.3754909736591221,1.2,7.597322574670299,-0.04188255930726243,0.16020765421843988,0.05140979781953446,1.1061804335090804,0.5194051644635721,2.4993246856083298,-0.0302863825866155,0.009336462796900495,Department Stores,Consumer Cyclical,DDS
2011Q2,2011,Q2,2010-09-02,2010-07-31,6828000.0,1420790000.0,26024000.0,0.1,490354000.0,0.3451277106398553,4413680000.0,2175667000.0,1646581000.0,740784000.0,2238013000.0,1328228000.0,2534594000.0,1566578000.0,2310824000.0,32.13688330871492,2.2227545411347975,0.21726971597397182,0.4407655215618934,0.00853699171876672,32.13688330871492,0.0031383479181326924,1.102610519499715,57.35859695371998,0.720044933346877,0.4171060339777387,0.7005092499179357,0.00181797523008749,0.3219059832158199,0.37051016220652716,0.0015470083920900474,-1817.3758700696055,0.3451277106398553,-0.8529411764705883,1.672378138847858,-0.0012263479158174913,0.1368637705470626,-0.1373082336382829,-0.8601793832166114,-0.7348061794317857,1.325344260086438,0.008655195055183291,0.00149786133280746,Department Stores,Consumer Cyclical,DDS
2011Q1,2011,Q1,2010-06-04,2010-05-01,48834000.0,1482661000.0,98132000.0,0.68,568400000.0,0.3833647745506222,4647043000.0,2247748000.0,1855582000.0,877020000.0,2399295000.0,1453551000.0,2530433000.0,2030183999.9999998,2697552000.0,31.089183955739973,2.115780711956398,0.20930815574549236,0.43272822398240374,0.019541349825047512,31.089183955739973,0.021725745056830215,1.3692840103030968,10.393291559159602,0.9032080108624275,0.06047016422983986,0.6289844663173153,0.0014545479621551546,0.319054719312905,0.41108298556475337,0.010508618060990613,28.22365567480398,0.3833647745506222,-0.36790050010225134,0.4683384417974527,-0.07770984688355372,0.0892494966151798,-0.12033218138738039,-0.3858440023140579,-0.28282857811038353,0.25080682516933334,-0.09412297622680142,-0.060837101371895075,Department Stores,Consumer Cyclical,DDS
2010Q4,2010,Q4,2010-03-26,2010-01-30,79514000.0,1875447000.0,136832000.0,1.07578,646153000.0,0.3445327967145966,4606327000.0,2304103000.0,1749529000.0,769022000.0,2302224000.0,1300680000.0,2484447000.0,1223784000.0,1855594000.0,31.178660351826792,2.275005136394017,0.21134040201661758,0.42250845556817557,0.0286562310648141,31.178660351826792,0.034509741969000515,0.6525292370298921,3.84769977614005,0.5311325057950969,0.03713811404281007,0.9451164006519667,0.002413007524203618,0.4071458669781802,0.5268145774763271,0.0172619095431132,4.555615116590726,0.3445327967145966,8.77981818181818,-0.17287367795054143,-0.005823875030412593,0.11989568506241342,0.2982572110554783,8.925602296841843,7.769033581133042,-0.4342164823765706,-0.1452738185396049,-0.017739858948390794,Department Stores,Consumer Cyclical,DDS
2010Q3,2010,Q3,2009-12-03,2009-10-31,8011000.0,1390716000.0,15604000.0,0.11,497708000.0,0.35787896306650674,4852067000.0,2233966000.0,1949136000.0,1080865000.0,2618101000.0,1752076000.0,2407886000.0,1005156000.0,1705413000.0,30.270542005420054,1.803311236833462,0.1595884805382943,0.34661852508050706,-0.01832763311500087,30.270542005420054,0.0035859990707110133,0.7227615127747146,31.367994008238668,0.44994238945445003,0.3686181500436899,0.5096856529054675,0.0029378524328561935,0.2866234122488416,0.13075083382291036,0.0016510489240977094,21.036289816248797,0.35787896306650674,1.3055555555555556,1.481493735672588,-0.10999655021599401,0.13671253191895744,0.09589173811757142,1.3005214390216453,1.6816950633464396,-0.3648193886119918,-0.14863028453059013,-0.008842752784651913,Department Stores,Consumer Cyclical,DDS
2010Q2,2010,Q2,2009-08-28,2009-08-01,-26657000.0,1455169000.0,-22890000.0,-0.36,454158000.0,0.31209983170339667,4597849000.0,2228589000.0,1650027000.0,808738000.0,2369260000.0,1413993000.0,2402828000.0,783304470.0,1535830470.0,30.186639034499574,2.0402491288897022,0.1890945091933206,0.39012487273337526,-0.004661072478036466,30.186639034499574,-0.01196138004809321,0.5382910644742982,-7.346142382863787,0.3514800037153553,-0.11074014330194695,0.7079320760428093,0.00376864950100438,0.31648908000240983,0.23455680331578335,-0.005797711060106584,6.270900641256575,0.31209983170339667,-4.6,-0.16475439132701797,-0.04339181570458851,0.11809169519241404,-0.13611696026569428,-4.478663708730262,-1.728772008023178,-2.8053693093312746,-0.11359626344958032,-0.01844763679621673,Department Stores,Consumer Cyclical,DDS
2010Q1,2010,Q1,2009-06-08,2009-05-02,7663000.0,1505296000.0,31409000.0,0.1,525717000.0,0.34924493255811484,4933092000.0,2257489000.0,1931432000.0,1107379000.0,2675603000.0,1647116000.0,2432438000.0,569268120.0,1444777120.0,30.65407908315681,1.744147216084105,0.19830159259142136,0.43333101512344024,0.006204424241332778,30.65407908315681,0.003394479441538807,0.37817686355374625,18.571973117577972,0.25216872374571925,0.383400756883727,0.5947237474470529,0.0051610127052257905,0.30514249480852984,0.22349981352364456,0.0015533868008137696,15.142928736732902,0.34924493255811484,1.0492139164903447,-0.8374146230514367,-0.10191058482038756,0.12555421767601074,-0.04173084389485446,1.0513096927980288,2.386833274461321,-0.8648641021663279,-0.13372254455479637,0.01799491085957595,Department Stores,Consumer Cyclical,DDS
2009Q4,2009,Q4,2009-04-01,2009-01-31,-149348000.0,2082284000.0,-22648000.0,-2.0319455782312925,548611000.0,0.26346598254608883,4745844000.0,2251115000.0,1686755000.0,913665000.0,2294729000.0,1374394000.0,2427727000.0,319725000.0,1231946000.0,30.627414965986393,1.8461416383466587,0.21261634390005235,0.4482418712504692,-0.0045462697727422395,30.627414965986393,-0.06634401174529067,0.15354533771570064,-0.5352013418324986,0.14202961643452244,-0.019672175054235744,1.1158903487646192,0.00918914692313707,0.43875947039135715,0.2022853015054752,-0.03146921812010677,1.1375806331100098,0.26346598254608883,-1.673612602935911,-4.307430566411338,0.0264751792113916,0.14043497741343652,0.09803894097208322,-1.6635990725878367,0.6860940553576627,-2.6344219635387747,-0.05706672408078979,0.03638059119926647,Department Stores,Consumer Cyclical,DDS
2009Q3,2009,Q3,2008-12-09,2008-11-01,-56070000.0,1546056000.0,-72149000.0,-0.76,499628000.0,0.32316293847053407,5802870000.0,2399336000.0,2506563000.0,1759350000.0,3203534000.0,2242710000.0,2580013000.0,391509820.0,1584355820.0,32.664470280719904,1.4247096939210504,0.2188298204164491,0.5292468416261833,-0.01162931912319927,32.664470280719904,-0.023368965413764476,0.2532313318534387,-1.7456296593543785,0.16317423653877575,-0.052398787230247906,0.4665908655153809,0.007504281757223868,0.26642954262287455,0.08931309858754653,-0.009662460127488639,-3.1083062339229572,0.32316293847053407,-0.49019607843137253,-3.0156668895596583,-0.006305954854910229,0.24055450013053187,-0.03385569753411095,-0.4624413145539906,-0.4530057396032625,-22.076989534262534,-0.03209732606066022,0.17995419948876734,Department Stores,Consumer Cyclical,DDS
2009Q2,2009,Q2,2008-09-11,2008-08-02,-38340000.0,1646502000.0,-49655000.0,-0.51,517136000.0,0.31408161059020884,5265691000.0,2457920000.0,1919353000.0,1160014000.0,2607771000.0,1750488000.0,2639021000.0,762050800.0,1849551800.0,32.7700819945337,1.6545946859262044,0.22711739067104394,0.48656180835828666,-0.007800797153212093,32.7700819945337,-0.01559855487566723,0.46283016965664175,-4.9690323422013565,0.31003889467517254,-0.0785602503912363,0.6451720891545671,0.003952492406018077,0.3126848878903073,0.10145739620383892,-0.00728109568145947,49.00333097549997,0.31408161059020884,-13.75,0.14805679621358575,0.06999691469327586,0.24290407171803483,-0.13129602752244263,-15.236910508726327,-2.932251537084598,-2.4077728151456568,0.044715170375356245,0.1592635981392475,Department Stores,Consumer Cyclical,DDS
2009Q1,2009,Q1,2008-06-10,2008-05-03,2693000.0,1713598000.0,25698000.0,0.04,595296000.0,0.3473953634399667,5556783000.0,2515990000.0,2176141000.0,1400023000.0,3040793000.0,2018406000.0,2680373000.0,1419211000.0,2723495000.0,37.37081321945785,1.5543608926424781,0.24984365954186083,0.5518014777483218,0.003681577279934173,37.37081321945785,0.0010703540157154837,0.8282053317055692,131.75,0.5640765662820599,1.117712588191608,0.5540520589019255,0.0021208967517867324,0.30837950663180475,0.06648247921641287,0.000484632925201506,-138.78456874633287,0.3473953634399667,-0.936405984196887,-0.8620689654605939,0.17814770612327854,0.3823260305416435,-0.202962701135113,-0.9431184521797905,-0.7537963344414957,-0.9130434784437435,0.14471293350131728,0.3093344471616093,Department Stores,Consumer Cyclical,DDS
2008Q4,2008,Q4,2008-04-02,2008-02-02,47344000.0,2208110000.0,104377000.0,0.62899,746886000.0,0.3382467358963095,5338129000.0,2514111000.0,1945188000.0,1184170000.0,2624018000.0,1779279000.0,2680690000.0,1546112000.0,2637163000.0,33.432327127659576,1.6426594154555512,0.2210443022264917,0.46933607943324696,0.022852953946830405,33.432327127659576,0.018831308561952913,0.7001970010552011,8.164244677255828,0.6149736427707447,0.06349273403176749,0.8212450099169383,0.0019442317244805036,0.41364867727999827,0.08427168396429567,0.008869025083507724,11.97830735380706,0.3382467358963095,5.193266666666667,-0.2619383052344842,0.041529980425974874,0.25065060962600677,0.23759482218665182,5.17458777885548,17.06294244382887,-0.5160285019921895,0.1502860057194806,0.2008443746258436,Department Stores,Consumer Cyclical,DDS
2008Q3,2008,Q3,2007-12-05,2007-11-03,-11341000.0,1674159000.0,-6498000.0,-0.15,603498000.0,0.3604783058239988,5984555000.0,2479440000.0,2506114000.0,1754558000.0,3305115000.0,2363176000.0,2643516000.0,1681492019.9999998,2934288020.0,31.820736919108306,1.4283449164974882,0.22154262096346344,0.5347312296324976,-0.0011587121668931875,31.820736919108306,-0.004574016713451425,1.004380121601353,-37.0666612291685,0.6781741118962346,-0.2699938277047879,0.4530602037258334,0.001821001802910727,0.2797466144099269,0.04731846995083662,-0.0018950448278944718,-21.431200866683657,0.3604783058239988,0.5161290322580645,-1.41561579223213,0.013983086679422746,0.2282999061663675,0.07689809494578911,0.549352300723198,0.7345154436999509,0.3543929688597414,0.014759047950570524,0.19492509993280227,Department Stores,Consumer Cyclical,DDS
2008Q2,2008,Q2,2007-09-05,2007-08-04,-25166000.0,1689083000.0,-24476000.0,-0.31,560404000.0,0.33178002501949283,5413434000.0,2604991000.0,1947984000.0,1068224000.0,2608443000.0,1803953000.0,2657919000.0,2079848124.9,3145906124.9,32.088818707956804,1.82357258402732,0.21390932262220247,0.444525144232744,-0.0038227547413107864,32.088818707956804,-0.009660685967821003,1.2313474973698748,-20.661290281530636,0.7984089483994379,-0.12771199237065883,0.6256698483829678,0.001545305141044628,0.31201691938979953,0.09559699089329579,-0.0046488051761599015,-17.267888721086628,0.33178002501949283,-1.5849056603773586,-4.87500000769888,-0.046357340748237434,0.21426013571321553,-0.1677534999695558,-1.5862920510670022,-1.2850753569847888,-4.500602392803895e-10,0.0097976886769454,0.18854708087565178,Department Stores,Consumer Cyclical,DDS
2008Q1,2008,Q1,2007-06-12,2007-05-05,42924000.0,1799454000.0,85858000.0,0.53,673363000.0,0.37420406412167245,5636981000.0,2631327000.0,2222701000.0,1268781000.0,2805654000.0,2032711000.0,2686299000.0,2790060003.9,3739897003.9,33.103079349869894,1.7518397580039424,0.19296712193991783,0.4133853375122134,0.013981158307994242,33.103079349869894,0.01631268177615325,1.550503654941999,16.250000022714566,1.060324316932103,0.07478333799273133,0.5539848015777944,0.0011505128905876575,0.31922300252564273,0.11652680801493717,0.007614714330241666,-38.71964256432319,0.37420406412167245,-0.7213225087283893,-0.21739130409504692,-0.03359544176696407,0.2697321777743107,-0.1661511065760536,-0.7230548870579582,-0.34104410026555326,-0.15625000117941018,-0.005352119009053547,0.21547642906624512,Department Stores,Consumer Cyclical,DDS
2007Q4,2007,Q4,2007-04-04,2007-02-03,154991000.0,2419864000.0,130294000.0,1.90184,807536000.0,0.33371131600784176,5408015000.0,2586953000.0,2047846000.0,977115000.0,2621062000.0,1772150000.0,2647388000.0,2850869999.9999995,3746128999.9999995,31.741754601226994,2.095808579338154,0.20141456708237682,0.42105635471537367,0.03837656123487786,31.741754601226994,0.05991256895660648,1.1781116624735934,4.598444425805369,1.1020184750167474,0.020685072036440825,0.9098146319442485,0.0011245689912202242,0.4474588180691067,0.20929163916222757,0.028659498910413524,15.110431496430254,0.33371131600784176,10.187294117647058,0.5734425186984047,-0.01573504091208255,-0.0007842203181428736,0.25335402762688186,10.388860313028143,1.9136161363178963,2.0954766709088135,0.07579415232515405,0.18192825714853164,Department Stores,Consumer Cyclical,DDS
2007Q3,2007,Q3,2006-12-06,2006-10-28,13609000.0,1762613000.0,44719000.0,0.17,644300000.0,0.3655368478503222,5933985000.0,2432040000.0,2538668000.0,1597725000.0,3501945000.0,2392557000.0,2495603000.0,,,,,,,,,,,,,,,,,,,,,,,,,,,,,,,Department Stores,Consumer Cyclical,DDS
2007Q2,2007,Q2,2006-09-07,2006-07-29,15727000.0,1748568000.0,30064000.0,0.2,626295000.0,0.3581759474038184,5456349000.0,2418339000.0,2069357000.0,1045503000.0,2838010000.0,1870045000.0,2485180000.0,,,,,,,,,,,,,,,,,,,,,,,,,,,,,,,Department Stores,Consumer Cyclical,DDS
2007Q1,2007,Q1,2006-06-08,2006-04-29,61319000.0,1879022000.0,119994000.0,0.77,699585000.0,0.372313363015441,5763665000.0,2397988000.0,2402095000.0,1340293000.0,3165677000.0,2053047000.0,2472635000.0,,,,,,,,,,,,,,,,,,,,,,,,,,,,,,,Department Stores,Consumer Cyclical,DDS
