Quarters,Year,Quarter,FillingDate,Date,NetIncome,Revenue,OperatingIncome,EPSDiluted,GrossProfit,GrossProfitRatio,TotalAssets,CommonStockEquity,CurrentAssets,CurrentLiability,TotalLiability,Inventory,RetainedEarnings,MarketCap,EnterpriseValue,bookValuePerShare,currentRatio,debtToAssets,debtToEquity,roic,shareholdersEquityPerShare,roe,priceToSalesRatio,peRatio,pbRatio,payoutRatio,inventoryTurnover,dividendYield,assetTurnover,quickRatio,returnOnAssets,priceToFreeCashFlowsRatio,grossProfitMargin,epsdilutedGrowth,fiveYNetIncomeGrowthPerShare,fiveYRevenueGrowthPerShare,fiveYShareholdersEquityGrowthPerShare,grossProfitGrowth,netIncomeGrowth,operatingIncomeGrowth,threeYNetIncomeGrowthPerShare,threeYRevenueGrowthPerShare,threeYShareholdersEquityGrowthPerShare,Industry,Sector,Symbol
2023Q1,2023,Q1,2023-05-04,2023-03-31,42719000.0,273802000.0,76969000.0,0.27,141300000.0,0.5160663545,2051761000.0,672534000.0,408334000.0,210623000.0,1379227000.0,20607000.0,-430271000.0,1510216099.2,2293142099.2,4.275101029197133,1.9386961537913714,0.5187694863095653,1.5826575310690612,0.0396222046252258,4.275101029197133,0.06351946518689018,5.515723403043075,8.838081996301412,2.2455609667317935,0.0,6.4299509875285095,0.0,0.13344731671963742,1.8408578360387993,0.020820651138217367,43.207052304523216,0.516066354518959,4.0439684329199554,0.37345428205816267,0.08599313702896315,-0.2428797387807528,0.5320394665510138,3.9796331171095765,5.26273393002441,2.556485239699725,0.26966835154509966,-0.2846805623118606,Resorts & Casinos,Consumer Cyclical,PLYA
2022Q4,2022,Q4,2023-02-23,2022-12-31,-14337000.0,210800000.0,12290000.0,-0.0887,92230000.0,0.4375237192,2069820000.0,664862000.0,454111000.0,239494000.0,1404958000.0,20046000.0,-472990000.0,1054898592.76,1836406592.76,4.115607784290358,1.8961268340751751,0.5147563556251268,1.6025175149128692,0.004393170733330832,4.115607784290358,-0.02156387340530817,5.004262774003795,-18.39468844179396,1.5866429315557213,0.0,5.914895739798464,0.0,0.10184460484486574,1.6279656275313787,-0.006926689277328464,75.1138274537169,0.43752371916508537,-5.619402985074627,0.16177154235830982,0.13791057372509202,-0.24253020219836063,0.09208672279255918,-5.4320323014804845,-0.07336198446806906,0.3597555403840795,0.17309868147393254,-0.34271134840599304,Resorts & Casinos,Consumer Cyclical,PLYA
2022Q3,2022,Q3,2022-11-03,2022-09-30,-2229000.0,204622000.0,13263000.0,-0.0134,84453000.0,0.4127268818,2149246000.0,713730000.0,517393000.0,223673000.0,1435516000.0,19007000.0,-458653000.0,966002662.98,1707677662.98,4.300100568238291,2.3131669893102877,0.5180249259507753,1.5599218191753184,0.008234534129451068,4.300100568238291,-0.0031230297171199193,4.720913015120564,-108.34484779946165,1.3534567174982137,0.0,6.32235492187089,0.0,0.09520641192306512,2.0832152293750252,-0.001037107897374242,32.56810839081622,0.41272688176246936,-1.0744444444444443,0.7386498955203774,0.1488920989371545,-0.22309581293600347,-0.15599328416381844,-1.073022113022113,-0.6594602921919531,0.9427568785677445,0.2051188964469108,-0.322661875810926,Resorts & Casinos,Consumer Cyclical,PLYA
2022Q2,2022,Q2,2022-08-04,2022-06-30,30525000.0,221267000.0,38947000.0,0.18,100062000.0,0.45222288,2102589000.0,715842000.0,474909000.0,173194000.0,1386747000.0,19595000.0,-456424000.0,1139697255.39,1906052255.39,4.315035871800126,2.742063812834163,0.5303708903642129,1.5578186247803285,0.020367771361201187,4.315035871800126,0.04264209141123321,5.150778269647079,9.334129855773957,1.5921072742169362,0.0,6.1855065067619295,0.0,0.10523549776014238,2.4334157072415903,0.014517815892692295,21.867632207490697,0.45222288004989447,-0.30769230769230776,2.818427411537785,-0.01279766770792198,-0.26894768604582237,-0.09676662273654565,-0.2859148010386694,-0.27933312362378104,22.07487771136042,0.0605446841479089,-0.3485586811461455,Resorts & Casinos,Consumer Cyclical,PLYA
2022Q1,2022,Q1,2022-05-05,2022-03-31,42747000.0,219574000.0,54043000.0,0.26,110782000.0,0.5045315019,2095198000.0,679597000.0,456465000.0,168766000.0,1415601000.0,18801000.0,-486949000.0,1433680254.3,2275688254.3,4.100296445018842,2.7047213301257362,0.5449652013795355,1.6801280759038077,0.02852733564164736,4.100296445018842,0.06290051309820378,6.529371666499676,8.384683453224788,2.1096035654954335,0.0,5.786500718046913,0.0,0.1047986872839703,2.2183911451358687,0.02040236769985462,43.198754197300225,0.5045315019082405,215.6666666666667,-0.41906692015586033,-0.5261866851869638,-0.5907743956418495,0.436581728587175,210.61881188118812,1.5666318389057752,-0.21681203968360407,-0.11674785670972368,-0.3904044530131029,Resorts & Casinos,Consumer Cyclical,PLYA
2021Q4,2021,Q4,2022-02-24,2021-12-31,202000.0,176803000.0,21056000.0,0.0012,77115000.0,0.4361634135,2057576000.0,630834000.0,403716000.0,166100000.0,1426742000.0,18076000.0,-529696000.0,1310867274.3600001,2180098274.36,3.8402479171339134,2.4305599036724863,0.5537190363806732,1.8060519883202237,0.00041129637638656787,3.8402479171339134,0.0003202110222340584,7.414281852457256,1622.360488069307,2.0779908412672747,0.0,5.514936932949768,0.0,0.08592781019996346,1.9476881396748946,9.81737734110429e-05,34.241498167855184,0.436163413516739,1.0150000000000001,1.0054041911778264,0.0,-0.8814717467759265,0.2976424857388056,1.0163285102255275,1.8266881460598738,1.0112681617058903,-0.07476820184791759,-0.4033780719544324,Resorts & Casinos,Consumer Cyclical,PLYA
2021Q3,2021,Q3,2021-11-03,2021-09-30,-12371000.0,151287000.0,7449000.0,-0.08,59427000.0,0.3928096928354717,2020166000.0,623953000.0,355042000.0,134539000.0,1396213000.0,15466000.0,-529898000.0,1361369391.9799998,2273382391.9799995,3.7995347922997746,2.638952274061796,0.5660292273011228,1.8326268164429051,0.004717813450682397,3.7995347922997746,-0.019826813878609448,8.998588060970208,-27.511304502061268,2.181846055680476,0.0,5.939480150006466,0.0,0.07488840026017664,2.0518214049457777,-0.006123754186537146,-349.8764821331277,0.3928096928354717,-0.6,-73.80874309261908,0.0,-0.8835462107652934,0.2303726708074534,-0.5925592173017508,12.602803738317757,-0.8128607176290957,-0.15830246648536947,-0.4189111093777237,Resorts & Casinos,Consumer Cyclical,PLYA
2021Q2,2021,Q2,2021-08-04,2021-06-30,-7768000.0,128803000.0,-642000.0,-0.05,48300000.0,0.37499126573138825,2042931000.0,637372000.0,360463000.0,145615000.0,1405559000.0,14362000.0,-510213000.0,1219409318.99,2127291318.99,3.883580259926516,2.4754523915805375,0.5607614745676678,1.7973757868246487,-0.00013783347003319313,3.883580259926516,-0.012187545107096014,9.467243146432924,-39.24463565235582,1.9131830688985394,0.0,5.605277816460103,0.0,0.0630481401476604,1.9301788964049034,-0.0038023800118555154,134.44424685667033,0.37499126573138825,0.8837209302325582,-0.543793265950536,0.0,-0.8813261927469871,1.839172348930167,0.8886228403469782,0.9878462033583856,-1.3291831578650544,-0.36929201302062,-0.47011379729778857,Resorts & Casinos,Consumer Cyclical,PLYA
2021Q1,2021,Q1,2021-05-05,2021-03-31,-69745000.0,77746000.0,-52823000.0,-0.43,17012000.0,0.21881511589020658,2068883000.0,638706000.0,368909000.0,130784000.0,1430177000.0,14063000.0,-502445000.0,1174039005.3,2145322005.3,3.9713789567056046,2.820750244678248,0.5663490878894554,1.8345060168528242,-0.028279467635311195,3.9713789567056046,-0.10919734588370862,15.100957030586782,-4.208326780772816,1.8381524602868926,0.0,4.318708668136244,0.0,0.037578732098431857,1.766209933936873,-0.03371142785744771,-37.68743596879815,0.21881511589020658,0.21818181818181825,-43.12009731495627,0.0,-0.8788786789380936,0.6856916369401506,0.05433073001410131,0.022791601146979926,-3.193382658013037,-0.6983684849544969,-0.29666890850852007,Resorts & Casinos,Consumer Cyclical,PLYA
2020Q4,2020,Q4,2021-03-04,2020-12-31,-73752000.0,66243000.0,-54055000.0,-0.55,10092000.0,0.15234817263710881,2097665000.0,568136000.0,297942000.0,216498000.0,1529529000.0,13813000.0,-429292000.0,800531635.4,1911731635.4,4.222705325456523,1.3761882326857522,0.5997711741388639,2.2144680147007056,-0.028397846312221222,4.222705325456523,-0.12981398820000845,12.084773265099708,-2.713592971716021,1.409049304039878,0.0,4.065083616882647,0.0,0.031579398998410134,0.8133008157119235,-0.03515909356355758,-16.866080300859597,0.15234817263710881,0.05172413793103434,-1.4090589840241214,0.0,-0.8696672983342443,2.3549946294307196,0.061727138568011805,-0.00931735006348495,-4.17742618760376,-0.570647973247615,-0.22281910310824748,Resorts & Casinos,Consumer Cyclical,PLYA
2020Q3,2020,Q3,2020-11-04,2020-09-30,-78604000.0,28736000.0,-53556000.0,-0.58,-7448000.0,-0.2591870824053452,2167860000.0,636937000.0,304464000.0,125806000.0,1530923000.0,13319000.0,-355540000.0,563529290.1600001,1627843290.16,4.735807129461311,2.4201071491025865,0.5811399260099822,1.9779507235409468,-0.030127731851754342,4.735807129461311,-0.12340937957757203,19.61056828229399,-1.7923047496310622,0.8847488686636199,0.0,2.7167204745100983,0.0,0.013255468526565369,1.741355738200086,-0.03625879899993542,-10.498719915045832,-0.2591870824053452,0.13432835820895533,-71.04541026407794,0.0,-0.8837434657521313,0.6248992747784046,0.10123716526790003,0.37755979637851284,-10.373918828293364,-0.8008840269223279,-0.14437620013306351,Resorts & Casinos,Consumer Cyclical,PLYA
2020Q2,2020,Q2,2020-08-06,2020-06-30,-87458000.0,982000.0,-86042000.0,-0.67,-19856000.0,-20.219959266802444,2267264000.0,710558000.0,368943000.0,132311000.0,1556706000.0,14239000.0,-276936000.0,472288306.46000004,1481163306.46,5.446291862019352,2.788452963094527,0.5556904709817648,1.7731093028296072,-0.03725053047866228,5.446291862019352,-0.12308354842250738,480.9453222606925,-1.3500431820416656,0.6646724214772053,0.0,1.4634454666760306,0.0,0.0004331211539547225,2.122438799495129,-0.03857424631626489,-8.374797078767246,-20.219959266802444,-2.941176470588235,0.0,0.0,0.0,-1.2533299311048738,-2.877371874445824,-26.187939110070257,-5.624818455161306,-0.9944289743771686,-0.07729057498239043,Resorts & Casinos,Consumer Cyclical,PLYA
2020Q1,2020,Q1,2020-05-11,2020-03-31,-22556000.0,177228000.0,3416000.0,-0.17,78380000.0,0.4422551741259846,2204202000.0,772681000.0,197971000.0,183892000.0,1431521000.0,17197000.0,-189478000.0,226251739.0,1228315739.0,5.9764921851053705,1.0765612424684055,0.48247483669826996,1.3763403008486037,0.0019480916279080226,5.9764921851053705,-0.02919186572466516,1.2766139605479947,-2.507666906809718,0.29281390250310285,0.0,5.747979298714892,0.0,0.08040460901496324,0.7447741065407957,-0.010233181895307236,11.181207758833704,0.4422551741259846,-0.21428571428571425,-16.749709820136843,0.0,-0.8177256220905682,0.6651441439527522,-0.2584244588261549,1.2217749789002141,-1.3929749532123619,-0.5097235836428716,-0.40352273081068185,Resorts & Casinos,Consumer Cyclical,PLYA
2019Q4,2019,Q4,2020-02-27,2019-12-31,-17924000.0,143833000.0,-15403000.0,-0.14,47071000.0,0.32726147685162654,2196964000.0,809651000.0,158922000.0,192475000.0,1387313000.0,16649000.0,-166922000.0,1086173734.8,2114295734.8,6.2614922291895585,0.8256760618262112,0.47368004209445397,1.2853167599373063,-0.005913269480268182,6.2614922291895585,-0.02213793350468288,7.551630952563041,-15.149711766346798,1.341533246793989,0.0,5.811880593429035,0.0,0.06546898356095047,0.5069853227691908,-0.008158531500743754,-16.6000387394547,0.32726147685162654,0.3913043478260869,0.3908137540068164,0.0,-0.806740670780483,0.07011162388887626,0.4115754571419192,0.0641025641025641,0.3908137540068164,0.0,-0.806740670780483,Resorts & Casinos,Consumer Cyclical,PLYA
2019Q3,2019,Q3,2019-11-06,2019-09-30,-30461000.0,132825000.0,-16458000.0,-0.23,43987000.0,0.3311650668172407,2144195000.0,824301000.0,136741000.0,163638000.0,1319894000.0,15073000.0,-148998000.0,1016657097.12,1979919097.12,6.348528769713764,0.8356310881335631,0.458371556691439,1.1923290157357567,-0.009543484632634634,6.348528769713764,-0.03695373413352647,7.654109520948617,-8.343924174518236,1.2333566223018049,0.0,5.893849930339017,0.0,0.06194632484452207,0.4722069445972207,-0.014206263889245148,-15.054226779796544,0.3311650668172407,-24.0,-27.9198186183959,0.0,-0.8441537139998012,-0.35777901068737955,-30.289423076923075,-2.5926069285852527,-227.74180541533784,0.0,-0.8054208549959797,Resorts & Casinos,Consumer Cyclical,PLYA
2019Q2,2019,Q2,2019-08-06,2019-06-30,1040000.0,164023000.0,10334000.0,0.01,68492000.0,0.4175755839120123,2185681000.0,863891000.0,224607000.0,169276000.0,1321790000.0,15625000.0,-118537000.0,1023810305.75,1913133305.75,6.623828957291193,1.3268685460431484,0.4506686931899028,1.1402109756902201,0.18078842712911067,6.623828957291193,0.0012038555790024436,6.241870382507331,246.1082465745192,1.185115142708976,0.0,6.113984,0.0,0.0750443454465679,1.005210425577164,0.0004758242396763297,-331.9748073119326,0.4175755839120123,-0.9696969696969697,0.0,0.0,0.0,-0.32496920120238504,-0.9758072020098633,-0.7812308148273599,1.2600902789067272,0.0,-0.7975901234575299,Resorts & Casinos,Consumer Cyclical,PLYA
2019Q1,2019,Q1,2019-05-07,2019-03-31,42988000.0,195796000.0,47237000.0,0.33,101465000.0,0.5182179411223927,2179942000.0,878046000.0,239978000.0,157496000.0,1301896000.0,16343000.0,-119577000.0,994715234.34,1879874234.3400002,6.7262572131403315,1.5237085386295526,0.4528565438896998,1.1243158103333994,0.033397507195767305,6.7262572131403315,0.04895871059147243,5.080365453533269,5.784842481273843,1.1328737154317654,0.0,5.7719512941320446,0.0,0.08981706852751128,1.1869698278051506,0.019719790710028065,-231.22157934449095,0.5182179411223927,4.0,34.50321551036108,0.0,-0.7948588718580636,0.6414300736067298,4.01903223540979,2.425950101537569,34.50321551036108,0.0,-0.7948588718580636,Resorts & Casinos,Consumer Cyclical,PLYA
2018Q4,2018,Q4,2019-02-28,2018-12-31,-14239000.0,151782000.0,13788000.0,-0.11,61815000.0,0.4072617306399968,2135158000.0,839841000.0,235560000.0,165819000.0,1295317000.0,15390000.0,-162565000.0,938136237.61,1813464237.6100001,6.436652319692499,1.4205850957972246,0.463378822550837,1.1780646574768319,0.0123980502957097,6.436652319692499,-0.016954399701848324,6.180813519455535,-16.47124512974928,1.1170402940675677,0.0,5.845808966861599,0.0,0.0710870108909973,1.131070625199766,-0.006668827318634031,-43.52896425436155,0.4072617306399968,-1.7500000000000002,0.5204017018142728,0.0,-0.8013344001412219,0.2117737003058104,-1.6261527111766876,3.6206434316353886,0.5204017018142728,0.0,-0.8013344001412219,Resorts & Casinos,Consumer Cyclical,PLYA
2018Q3,2018,Q3,2018-11-06,2018-09-30,-5422000.0,142812000.0,2984000.0,-0.04,51012000.0,0.35719687421225105,2115910000.0,853156000.0,235667000.0,144779000.0,1262754000.0,15148000.0,-148326000.0,1239550433.5,2095744433.5,6.538646416438851,1.6277706020900822,0.4686229565529725,1.162230588544182,0.001736971100951846,6.538646416438851,-0.006355226945599633,8.679595786768619,-57.153745550534865,1.452900095058817,0.0,6.060205967784526,0.0,0.06749436412701863,1.2484338198219356,-0.002562490843183311,-260.1365023084995,0.35719687421225105,-1.2857142857142858,-4.122512888739013,0.0,-0.8394866280937641,-0.24293198379365102,-1.3223351762677606,-0.8405897750948235,-4.122512888739013,0.0,-0.8394866280937641,Resorts & Casinos,Consumer Cyclical,PLYA
2018Q2,2018,Q2,2018-08-06,2018-06-30,16821000.0,145572000.0,18719000.0,0.14,67381000.0,0.4628706069848597,2125167000.0,857414000.0,254688000.0,142431000.0,1267753000.0,15306000.0,-142904000.0,1263469179.6000001,2113680179.6000001,7.329083565719928,1.7881500516039346,0.4676060751931495,1.158997870340349,0.012616476538427264,7.329083565719928,0.019618294079639473,8.679342041051852,18.778152006420548,1.4735812333365215,0.0,5.108519534822945,0.0,0.06849908736583996,1.4263397715384993,0.007915142668787912,648.931268412943,0.4628706069848597,-0.3,0.0,0.0,0.0,-0.2962599350371291,-0.22899573726910208,-0.6603092222262549,0.0,0.0,0.0,Resorts & Casinos,Consumer Cyclical,PLYA
2018Q1,2018,Q1,2018-05-07,2018-03-31,21817000.0,176847000.0,55106000.0,0.2,95747000.0,0.5414115025982912,1778999000.0,623071000.0,249562000.0,151634000.0,1155928000.0,11255000.0,-159725000.0,1127734638.1000001,1884881638.1000001,5.64652836302732,1.6458182201880844,0.5043398000785835,1.439996404904096,0.025009954949247903,5.64652836302732,0.03501527113282435,6.376894366882108,12.922659372278499,1.8099616867098614,0.0,7.205686361617059,0.0,0.09940815031374385,1.34914992679742,0.012263638147070348,44.89925700123423,0.5414115025982912,2.8889986304887447,21.11509353088631,0.0,-0.8277890419929292,0.969211468059726,2.867414191560387,10.979565217391304,21.11509353088631,0.0,-0.8277890419929292,Resorts & Casinos,Consumer Cyclical,PLYA
2017Q4,2017,Q4,2018-03-01,2017-12-31,-11683000.0,126538000.0,4600000.0,-0.10587620169330329,48622000.0,0.38424821002386633,1737823000.0,599549000.0,215626000.0,143584000.0,1138274000.0,11309000.0,-181542000.0,1190631775.4499998,1972592775.4499998,5.433362222803929,1.5017411410742143,0.5174232358531334,1.499777332628359,0.001565975846383743,5.433362222803929,-0.019486313879265915,9.409282393036083,-25.47786902871694,1.985879011473624,0.0,6.889733840304182,0.0,0.0728140898123687,1.1857240361043013,-0.006722779017195652,-31.431673058342128,0.38424821002386633,-1.1175240338660657,0.534699501889163,0.0,-0.8323006880547288,0.13890190199569005,-1.061584612669843,-0.21715452688904016,0.534699501889163,0.0,-0.8323006880547288,Resorts & Casinos,Consumer Cyclical,PLYA
2017Q3,2017,Q3,2017-11-07,2017-09-30,-5667000.0,118342000.0,5876000.0,-0.05,42692000.0,0.3607510435855402,1722753000.0,610425000.0,218646000.0,137435000.0,1112328000.0,11180000.0,-169859000.0,1150285034.71,1891151034.71,5.534917483826194,1.5909047913559138,0.5100516440836266,1.4394774132776345,0.004080744747456708,5.534917483826194,-0.009283695785723061,9.720006715367326,-50.74488418519499,1.8844002698283984,0.0,6.76654740608229,0.0,0.06869353877195396,1.256608578600793,-0.003289502325638092,-21.949072351212624,0.3607510435855402,0.5454545454545454,-5.334264500363788,0.0,-0.86412657728087,-0.3026689752049917,0.4618233618233618,-0.7365731193400878,-5.334264500363788,0.0,-0.86412657728087,Resorts & Casinos,Consumer Cyclical,PLYA
2017Q2,2017,Q2,2017-08-04,2017-06-30,-10530000.0,140598000.0,22306000.0,-0.11,61222000.0,0.43544004893383975,1732986000.0,614239000.0,289154000.0,152470000.0,1118747000.0,11266000.0,-164192000.0,1243567429.0,1927743429.0,5.902499437366657,1.896464878336722,0.507519968424442,1.4318937742474835,0.03709408508787027,5.902499437366657,-0.017143164142947614,8.844844371897182,-29.524392901234567,2.0245660549069657,0.0,7.045624001420203,0.0,0.08113048807087882,1.5743818456089722,-0.006076217580522866,50.35705320915165,0.43544004893383975,-1.523809523809524,0.0,0.0,0.0,-0.3685914955497571,-1.3809833930315858,-0.6008731905452073,0.0,0.0,0.0,Resorts & Casinos,Consumer Cyclical,PLYA
2017Q1,2017,Q1,2017-05-08,2017-03-31,27639000.0,174067000.0,55887000.0,0.21,96961000.0,0.5570326368582212,1687430000.0,623780000.0,238836000.0,147416000.0,1063650000.0,11328000.0,-152783000.0,653684650.5,1348707650.5,10.019647845471324,1.6201497802138167,0.4913857167408426,1.3292811568181089,0.02578683435957519,10.019647845471324,0.04430889095514444,3.7553623058937076,5.912701712254424,1.0479410216743081,0.0,6.80667372881356,0.0,0.1031550938409297,1.2797593205622184,0.01637934610620885,28.98823283813747,0.5570326368582212,1.9228996038819568,46.16753466103214,0.0,-0.6944152152567962,0.0,10.123588829471183,17.937548642377603,46.16753466103214,0.0,-0.6944152152567962,Resorts & Casinos,Consumer Cyclical,PLYA
2016Q4,2016,Q4,2016-12-31,2016-12-31,-3029400.0,0.0,-3299592.0,-0.22754371018980304,0.0,0.0,451169249.0,431349366.0,270962.0,4069883.0,19819883.0,0.0,-3811632.0,134732478.32,134838432.32,32.39943062245305,0.06657734386959036,0.0,0.0,-0.007649465282858443,32.39943062245305,-0.00702307743741995,0.0,-11.118742846768335,0.31235116807845265,0.0,0.0,0.0,0.0,0.03539315503664356,-0.006714553367089077,-184.42810724092521,0.0,-220.84899535246674,0.0,0.0,0.0,0.0,-220.9201451905626,-14.420671863608323,0.0,0.0,0.0,Resorts & Casinos,Consumer Cyclical,PLYA
2016Q3,2016,Q3,2016-09-30,2016-09-30,13775.0,0.0,-213972.0,0.001035,0.0,0.0,450752024.0,434378766.0,123929.0,623258.0,16373258.0,0.0,-782232.0,131004702.24,130920988.24,32.62697433264285,0.1988406085441342,0.0,0.0,-0.0004925931393248629,32.62697433264285,3.171195527545654e-05,0.0,2377.580802903811,0.30159094434187883,0.0,0.0,0.0,0.0,0.1343167676949193,3.056004025841046e-05,-1893.2956938462871,0.0,1.0345,1.1275451545665414,0.0,-0.19905966285863444,0.0,1.0338496999601914,0.6924638022772155,1.1275451545665414,0.0,-0.19905966285863444,Resorts & Casinos,Consumer Cyclical,PLYA
2016Q2,2016,Q2,2016-06-30,2016-06-30,-406946.0,0.0,-695762.0,-0.03,0.0,0.0,450650941.0,434364991.0,250593.0,535950.0,16285950.0,0.0,-796007.0,130741551.89999999,130588643.89999999,32.72483077623618,0.4675678701371397,0.0,0.0,-0.0016017911535600713,32.72483077623618,-0.0009368756884921234,0.0,-80.31873510244603,0.3009946809916824,0.0,0.0,0.0,0.0,0.2853027334639425,-0.0009030181965158705,-557.5879591601735,0.0,-1.9999999999999996,0.0,0.0,0.0,0.0,-2.122331855080025,-1.876642438374968,0.0,0.0,0.0,Resorts & Casinos,Consumer Cyclical,PLYA
2016Q1,2016,Q1,2016-03-31,2016-03-31,-130334.0,0.0,-241866.0,-0.01,0.0,0.0,450684206.0,434771937.0,572674.0,162269.0,15912269.0,0.0,-389061.0,129947176.80000001,129537014.80000001,32.788438252550016,3.529164535431906,0.0,0.0,-0.0005563054544617493,32.788438252550016,-0.0002997755579610926,0.0,-249.25801556002273,0.2988858427631221,0.0,0.0,0.0,0.0,2.5276670220436435,-0.0002891914077858766,-685.7841266155463,0.0,0.0,0.0,0.0,0.0,0.0,0.0,0.0,0.0,0.0,0.0,Resorts & Casinos,Consumer Cyclical,PLYA
2015Q3,2015,Q3,2015-09-30,2015-09-30,-86630.0,0.0,-86630.0,-0.01,0.0,0.0,451728167.0,435019868.0,1728167.0,958299.0,16708299.0,0.0,-141130.0,109353431.04,107649047.04,40.73583614116841,1.8033693033176492,0.0,0.0,-0.0001991403298389121,40.73583614116841,-0.0001991403298389121,0.0,-315.5761025049059,0.2513757165684212,0.0,0.0,0.0,0.0,1.7785513707099767,-0.00019177462537995778,-1487.801782857143,0.0,0.0,0.0,0.0,0.0,0.0,0.0,0.0,0.0,0.0,0.0,Resorts & Casinos,Consumer Cyclical,PLYA
2015Q2,2015,Q2,2015-06-30,2015-06-30,,,,,,,443035.0,-29500.0,443035.0,472535.0,472535.0,0.0,-54500.0,0.0,-25000.0,0.0,0.9375707619541409,0.0,0.0,,0.0,,0.0,0.0,0.0,0.0,0.0,,,0.47615520543451806,,0.0,0.0,0.0,0.0,0.0,0.0,0.0,0.0,0.0,0.0,0.0,0.0,Resorts & Casinos,Consumer Cyclical,PLYA
