Year,Date,FillingDate,NetIncome,Revenue,OperatingIncome,EPSDiluted,GrossProfit,GrossProfitRatio,TotalAssets,CommonStockEquity,CurrentAssets,CurrentLiability,TotalLiability,Inventory,RetainedEarnings,EnterpriseValue,bookValuePerShare,currentRatio,debtToAssets,debtToEquity,roic,shareholdersEquityPerShare,roe,priceToSalesRatio,peRatio,pbRatio,payoutRatio,inventoryTurnover,dividendYield,assetTurnover,quickRatio,returnOnAssets,priceToFreeCashFlowsRatio,grossProfitMargin,epsdilutedGrowth,fiveYNetIncomeGrowthPerShare,fiveYRevenueGrowthPerShare,fiveYShareholdersEquityGrowthPerShare,grossProfitGrowth,netIncomeGrowth,operatingIncomeGrowth,threeYNetIncomeGrowthPerShare,threeYRevenueGrowthPerShare,threeYShareholdersEquityGrowthPerShare,Industry,Sector,Price,MarketCap,AvgVolume,Symbol
2023,2023-01-28,2023-03-28,90801000.0,6035967000.0,225559000.0,0.34,2427107000.0,0.4021074005,6612829000.0,2381477000.0,1015994000.0,1021258000.0,4231352000.0,652430000.0,232967000.0,6024373280.0,8.969038347104949,0.9948455728131383,0.4701536967007615,1.3055116635600512,0.02224255330295637,8.969038347104949,0.03812801887232167,0.5164422336967713,34.33032984218236,1.3089474641157566,0.0,5.5314133316984195,0.0,0.9127662306102274,0.24624629623464395,0.013731037049347564,45.85305561684539,0.4021074005209107,-0.4516129032258064,1.2443033467480198,0.5258181877526901,3.1449856424398996,0.00020481247501658693,-0.44773958897194327,-0.1522601110229976,1.9472886660317108,0.5112495861229204,3.6437749212460226,Specialty Retail,Consumer Cyclical,9.54,2547294556,2828298,WOOF
2022,2022-01-29,2022-03-24,164417000.0,5807149000.0,266071000.0,0.62,2426610000.0,0.4178659786,6497941000.0,2274014000.0,1070777000.0,1053139000.0,4242122000.0,675111000.0,142166000.0,7648558300.0,8.605181998100363,1.0167480266137707,0.4654065033831486,1.3298880305925997,0.029394598049553834,8.605181998100363,0.07230254519101466,0.832762565589414,29.41287275646679,2.126625561672004,0.0,5.007382489694288,0.0,0.893690632155632,0.25373668623040263,0.025302938269214818,40.60263045212208,0.4178659786411542,4.444444444444445,-0.7684012625474471,-0.2934247943451643,-0.52666389909737,0.1518536099112356,5.292872062663186,0.36867798353909464,1.4444807340247328,0.4749806962844934,2.976831679420952,Specialty Retail,Consumer Cyclical,9.54,2547294556,2828298,WOOF
2021,2021-01-30,2021-04-05,-38300000.0,4920200000.0,194400000.0,-0.18,2106700000.0,0.4281736515,6075702000.0,2068848000.0,777549000.0,875307000.0,4020437000.0,538675000.0,-22251000.0,8363024490.0,9.819719673632898,0.8883157566430978,0.49218147960515507,1.4454169663503553,0.027960813701769106,9.819719673632898,-0.018512718189059807,1.1146047904556726,-143.18742793733682,2.6507885016202257,-12.428198433420366,5.223000881793289,0.08679671541316689,0.8098158862959375,0.1750574369906787,-0.006303798310055364,50.28727238549356,0.4281736514775822,0.5,-1.0685128912925206,-0.10858742370995897,-0.3576129798502411,0.10499816681606634,0.6401221517500587,0.7576853526220615,0.8701300791605862,0.5675077768012909,3.5381227601876715,Specialty Retail,Consumer Cyclical,9.54,2547294556,2828298,WOOF
2020,2020-01-31,2020-01-31,-106425000.0,4434514000.0,110600000.0,-0.36,1906519000.0,0.4299273832,6155118000.0,569391000.0,711005000.0,841941000.0,5594057000.0,478968000.0,-780466000.0,13210563638.8,1.93141108240844,0.8444831644972748,0.7623023636589907,8.240490278209526,0.01237125583246383,1.93141108240844,-0.1869102251352761,1.9545067709336355,-81.44033487244539,15.222031326101044,0.0,5.278003958510798,0.0,0.7204596240072083,0.2141492099802718,-0.017290488988188368,-184.3358565430996,0.4299273832487619,0.7428571428571429,-1.1360538372050049,-0.42583641456985016,-0.8736508320859668,0.0008819643024948565,0.742102533780509,-0.3038420867113148,0.742102533780509,0.009640102974085928,-0.10741030460457526,Specialty Retail,Consumer Cyclical,9.54,2547294556,2828298,WOOF
2019,2019-01-31,2019-01-31,-412664000.0,4392173000.0,158872000.0,-1.4,1904839000.0,0.4336894289,4924379000.0,637909000.0,761608000.0,543470000.0,4286470000.0,470144000.0,-707518000.0,11712411638.8,2.1638285680105334,1.4013800209763188,0.6550618869912328,5.056791799457289,0.03700832615320215,2.1638285680105334,-0.6469010470145429,1.973348417468984,-21.003256011670512,13.587028304664143,0.0,5.290579056629459,0.0,0.8919242405996777,0.3836973521997534,-0.08380021115352819,158.04970256204524,0.43368942890000006,0.0,-1.8622192640158834,-0.3270477619313365,-0.8438267995816245,0.0,0.0,0.0,-1.5210546143484045,-0.5209596929405834,-0.880976581595842,Specialty Retail,Consumer Cyclical,9.54,2547294556,2828298,WOOF
2017,2016-12-31,2017-02-28,217403000.0,2516863000.0,377877000.0,2.66,592064000.0,0.2352388668,3373328000.0,1471223000.0,281049000.0,296496000.0,1902105000.0,57590000.0,1484391000.0,,,,,,,,,,,,,,,,,,,,,,,,,,,,,,Specialty Retail,Consumer Cyclical,9.54,2547294556,2828298,WOOF
2016,2015-12-31,2016-02-26,216098000.0,2133675000.0,367800000.0,2.62,510071000.0,0.2390574947,2507265000.0,1244962000.0,282164000.0,232307000.0,1262303000.0,51523000.0,1275207000.0,3645532400.0,18.179855670612657,0.947901489396147,0.3995214814568877,0.9160521552477089,0.08251451818990764,18.179855670612657,0.14777025644650743,0.9453134318395559,10.943843461221785,1.617174554775177,0.0,33.42245181455114,0.0,0.7461068120265802,0.5632521180724192,0.06444763153775737,8.914792513629466,0.23523886679568973,0.015267175572519097,1.3781440718931721,0.8509374810063562,0.450610303013652,0.1607482095629824,0.006038926783218725,0.027398042414355627,0.6657699352569955,0.5283525576819801,0.23236265193856548,Specialty Retail,Consumer Cyclical,9.54,2547294556,2828298,WOOF
2015,2014-12-31,2015-02-27,140683000.0,1918483000.0,240267000.0,1.6,444641000.0,0.2317669742,2332020000.0,1200646000.0,283447000.0,197218000.0,1131374000.0,56050000.0,1064158000.0,3168010200.0,15.286298392740935,1.214616864752246,0.3479783748427071,0.7008037193103083,0.10674626135961121,15.286298392740935,0.1735779887257603,1.122206615346761,11.080270062656757,1.923290992014214,0.0,31.512217844457815,0.0,0.8509970027101244,0.7555605298161484,0.08618873553453664,10.770606042885866,0.23905749469811474,0.6375,1.05467387146344,0.6764319973415911,0.35276435236143955,0.14715242184144062,0.5360633480946525,0.5307969883504601,3.5873036208257814,0.3515202144348887,0.13250066064379892,Specialty Retail,Consumer Cyclical,9.54,2547294556,2828298,WOOF
2014,2013-12-31,2014-02-28,142922000.0,1803369000.0,243892000.0,1.59,409380000.0,0.2270084492,2237781000.0,1307340000.0,309754000.0,204148000.0,930441000.0,55067000.0,928720000.0,3261071400.0,13.855312961595274,1.437226825137665,0.3408066826185024,0.6619503167461517,0.07443974866431338,13.855312961595274,0.11717275533337887,1.3279692340250082,18.109411940319724,2.121929694514453,0.0,26.29512934879572,0.0,0.8226700457114433,0.7193308927177032,0.06032666958259363,12.915241658302156,0.23176697421869258,0.0062893081761006345,0.018685914887700904,0.432875909389536,0.34709159717551297,0.08613268845571352,-0.015665887686990107,-0.014863136142226887,0.4371552503638033,0.3175878005752284,0.10554561585754221,Specialty Retail,Consumer Cyclical,9.54,2547294556,2828298,WOOF
2013,2012-12-31,2013-03-01,50716000.0,1699642000.0,94446000.0,0.57,374974000.0,0.220619401,2091580000.0,1183503000.0,243529000.0,185442000.0,908077000.0,51456000.0,791209000.0,3100073400.0,14.752033942293588,1.5173011736583264,0.2769015377286696,0.4739738706074931,0.0785204821595195,14.752033942293588,0.10932274695182584,1.4447722013631155,18.229925413862105,1.992945522970306,0.0,25.314416982948046,0.0,0.8058737651271505,0.9058575151360777,0.06386773325897396,14.22954091162303,0.22700844918594032,1.7894736842105265,-0.005778642664522874,0.3453107416041363,0.752323913023134,0.09175569506152427,1.8180850224781133,1.5823433496389472,0.2488444614912028,0.3021451242076384,0.30548450182271436,Specialty Retail,Consumer Cyclical,9.54,2547294556,2828298,WOOF
2012,2011-12-31,2012-02-29,99860000.0,1485361000.0,195653000.0,1.12,338457000.0,0.2278617791,1937813000.0,1107878000.0,237157000.0,156994000.0,870452000.0,48661000.0,745658000.0,3140029400.0,13.49782735142163,1.3132354051401516,0.30151512253894186,0.5328613446691728,0.03196859887742224,13.49782735142163,0.04285244735332314,1.5166849254137047,50.82856297815285,2.178128319066365,0.0,25.743703358208954,0.0,0.8126115185649126,0.6705438897337173,0.02424769791258283,16.066598107774578,0.22061940102680447,-0.49107142857142866,-0.6110753306356683,0.40658305048564886,0.9922679561578348,0.10789258310509163,-0.4921289805728019,-0.5172780381593944,-0.6370583429944283,0.25458827470437206,0.3123348318169173,Specialty Retail,Consumer Cyclical,9.54,2547294556,2828298,WOOF
2011,2010-12-31,2011-02-28,114158000.0,1381468000.0,207249000.0,1.28,331164000.0,0.2397189077,1717467000.0,998924000.0,246314000.0,141594000.0,750632000.0,40760000.0,0.0,3154162000.0,12.532556561085974,1.5106118705173446,0.01680812338445454,0.029399446509453208,0.09740213196997381,12.532556561085974,0.0901362785433053,1.7497160622905812,26.026036451031445,2.345890070928387,0.0,23.569264914407842,0.0,0.7665141063663006,0.7766538848618418,0.05153232019807897,-649.9024756189048,0.22786177905573124,-0.12499999999999993,-0.13482013940178886,0.42167673780060155,1.4231269466290906,0.022022321266804364,-0.1252474640410659,-0.05595201906884955,-0.3035981017241604,0.11084741321992947,0.48868275650750703,Specialty Retail,Consumer Cyclical,9.54,2547294556,2828298,WOOF
2010,2009-12-31,2010-02-26,135586000.0,1314507000.0,241528000.0,1.59,343000000.0,0.2609343275,1597579000.0,875047000.0,278210000.0,122358000.0,736066000.0,32031000.0,0.0,3028870000.0,11.300045248868779,1.7395793607073746,0.016361886429258902,0.02813126924570838,0.11981986939240813,11.300045248868779,0.11428096631976006,1.881303077595717,22.766341386499413,2.601759493214699,0.0,25.768007850834152,0.0,0.8043636355167232,1.0335889938839216,0.06646881715922344,-471.68058076225043,0.23971890771266507,-0.1949685534591195,0.5010233807619737,0.5343156383566561,2.017202957306999,-0.034507288629737606,-0.15803991562550707,-0.14192557384651056,-0.13167945103972456,0.13397109398257892,0.667877167660153,Specialty Retail,Consumer Cyclical,9.54,2547294556,2828298,WOOF
2009,2008-12-31,2009-02-27,136995000.0,1277470000.0,251676000.0,1.62,342637000.0,0.2682153006,1420213000.0,710989000.0,199068000.0,123122000.0,1449038000.0,26631000.0,0.0,2356082800.0,10.285353268215852,2.2737377204596347,0.0,0.0,0.1699811258100907,10.285353268215852,0.15494710569832248,1.9028151238449091,18.447802870502855,2.8584336612776227,0.0,30.33021135774718,0.0,0.8228118922444524,1.186526422465225,0.08486966841702351,-163.51335555991372,0.26093432747029877,-0.018518518518518535,0.9711769209323602,0.874799990890859,2.614383053804353,0.0010594302425015396,-0.01028504689952188,-0.040321683434256746,0.22058993944646202,0.30728970583762105,0.9886378759461834,Specialty Retail,Consumer Cyclical,9.54,2547294556,2828298,WOOF
2008,2007-12-31,2008-02-29,124767000.0,1156145000.0,233221000.0,1.49,321421000.0,0.2780109761,1275262000.0,568384000.0,216902000.0,116393000.0,1286711000.0,25517000.0,0.0,2394018000.0,8.41855425966491,1.616835334058901,0.0,0.0,0.21725121194635086,8.41855425966491,0.1926823059147188,1.943667561664853,18.124581189094492,3.4922860972532623,0.0,35.10318801396868,0.0,0.8994918367878622,1.0754536151134646,0.09646088298022902,-688.5682196339434,0.26821530055500326,0.08724832214765109,0.44872077938896987,0.11751625059990974,1.092121708521433,0.06600688816225449,0.09800668445983313,0.07913095304453716,0.8854400197730511,0.4850856130824989,1.247821690010771,Specialty Retail,Consumer Cyclical,9.54,2547294556,2828298,WOOF
TTM,,,,,,,,,,,,,,,,5430699556.0,9.01033829296208,0.9798524014111846,0.46137632649533794,1.262888568667955,0.019123033781638404,9.01033829296208,0.026022689658786076,0.41650472049502574,41.617832236519,1.0587837759045777,0.0,5.527412723935455,0.0,0.9305412913468061,0.19496174614527337,0.009294330193838045,49.00999626743627,0.3963310945727551,,,,,,,,,,,Specialty Retail,Consumer Cyclical,9.54,2547294556,2828298,WOOF
2007,,,,,,,,,,,,,,,,2355588200.0,6.775106385514882,1.8635313120204824,0.0,0.0,0.2516912906281863,6.775106385514882,0.21951180891791464,2.1333433090140077,19.768482050542207,4.339415254475847,0.0,32.71246619900459,0.0,0.9065940959583207,1.31894529739761,0.09783636617416656,-308.7312805107022,0.2780109761318866,0.1374045801526717,0.8099048109583129,0.1418089399146118,2.946650359212605,0.18796661787968835,0.14856069741965774,0.2113677562108172,0.8394878861853525,0.6722098884779171,1.3808447866540254,Specialty Retail,Consumer Cyclical,9.54,2547294556,2828298,WOOF
