Quarters,Year,Quarter,FillingDate,Date,NetIncome,Revenue,OperatingIncome,EPSDiluted,GrossProfit,GrossProfitRatio,TotalAssets,CommonStockEquity,CurrentAssets,CurrentLiability,TotalLiability,Inventory,RetainedEarnings,MarketCap,EnterpriseValue,bookValuePerShare,currentRatio,debtToAssets,debtToEquity,roic,shareholdersEquityPerShare,roe,priceToSalesRatio,peRatio,pbRatio,payoutRatio,inventoryTurnover,dividendYield,assetTurnover,quickRatio,returnOnAssets,priceToFreeCashFlowsRatio,grossProfitMargin,epsdilutedGrowth,fiveYNetIncomeGrowthPerShare,fiveYRevenueGrowthPerShare,fiveYShareholdersEquityGrowthPerShare,grossProfitGrowth,netIncomeGrowth,operatingIncomeGrowth,threeYNetIncomeGrowthPerShare,threeYRevenueGrowthPerShare,threeYShareholdersEquityGrowthPerShare,Industry,Sector,Symbol
2024Q1,2024,Q1,2023-06-07,2023-04-29,-5022000.0,1555908000.0,27617000.0,-0.0188,604482000.0,0.3885075467,6572394000.0,2401120000.0,976808000.0,996893000.0,4171274000.0,667938000.0,231075000.0,2654190600.0,5537595600.0,9.01033829296208,0.9798524014111846,0.46137632649533794,1.262888568667955,0.0033587577128674165,9.01033829296208,-0.0020915239554874392,1.7058788822989535,-132.1281660692951,1.1053968981142135,0.0,1.4244226260521187,0.0,0.23673382940827953,0.19496174614527337,-0.0007641051342935314,-108.7827615885897,0.3885075467187006,-1.1566666666666667,-21.96767600301082,0.19096766764121365,0.0,-0.03634268005146035,-1.1534278382011487,-0.6439272821041774,-21.96767600301082,0.19096766764121365,0.0,Specialty Retail,Consumer Cyclical,WOOF
2023Q4,2023,Q4,2023-03-28,2023-01-28,32732000.0,1577959000.0,77560000.0,0.12,627279000.0,0.3975255377,6612829000.0,2381477000.0,1015994000.0,1021258000.0,4231352000.0,652430000.0,232967000.0,3121877320.0,6029022320.0,8.95568182672854,0.9948455728131383,0.4701536967007615,1.3055116635600512,0.0073073068364965825,8.95568182672854,0.013744411556357672,1.9784273989374883,23.844229805694734,1.310899630775355,0.0,1.4571371641402142,0.0,0.23862086861765214,0.24624629623464395,0.004949772631350364,44.22298382298779,0.3975255377357713,0.7142857142857141,3.9905887507370443,0.5229788519614129,3.63685950044407,0.04952842421575533,0.6431726907630522,0.6139839766933721,3.9905887507370443,0.5229788519614129,3.63685950044407,Specialty Retail,Consumer Cyclical,WOOF
2023Q3,2023,Q3,2022-12-08,2022-10-29,19920000.0,1501220000.0,48055000.0,0.07,597677000.0,0.3981275229,6576892000.0,2327909000.0,1019033000.0,1057197000.0,4248983000.0,723424000.0,200235000.0,2821617180.0,5762736180.0,8.761781631907983,0.9639007677850013,0.4698039742784282,1.327307038204672,0.005651712420047615,8.761781631907983,0.008557035519859238,1.8795494198052252,35.411862198795184,1.212082250637804,0.0,1.2489812336886805,0.0,0.22825675106113952,0.18461743648534756,0.0030287862412823564,84.25001283927025,0.3981275229480023,0.4000000000000001,1.6557981586950195,0.4959195391226061,3.625351974424412,0.005382882769224041,0.4803804994054697,0.20489933054183487,1.6557981586950195,0.4959195391226061,3.625351974424412,Specialty Retail,Consumer Cyclical,WOOF
2023Q2,2023,Q2,2022-09-02,2022-07-30,13456000.0,1480797000.0,39883000.0,0.05,594477000.0,0.4014574584,6542432000.0,2279146000.0,1013829000.0,1035412000.0,4263286000.0,723336000.0,180315000.0,3694799520.0,6633925520.0,8.586585590982214,0.9791551575604687,0.46837521582188396,1.3445005278292834,0.0037365842566844977,8.586585590982214,0.005903965783675113,2.4951424942108877,68.64594827586207,1.6211333192344852,0.0,1.2253226716214871,0.0,0.22633739257817276,0.16413659490135327,0.0020567275288455424,-133.33331601169212,0.40145745838220903,-0.4444444444444444,-0.9415076478746535,-0.3899950499541495,-0.5658802623584868,-0.021717236544594634,-0.4550682379621755,-0.20136566611265744,1.6242577351264988,0.36039140198385067,0.0,Specialty Retail,Consumer Cyclical,WOOF
2023Q1,2023,Q1,2022-06-09,2022-04-30,24693000.0,1475991000.0,49939000.0,0.09,607674000.0,0.4117057624,6505787000.0,2306793000.0,1048885000.0,1011812000.0,4218080000.0,682040000.0,166859000.0,5104863000.0,7945741000.0,8.703237125070741,1.0366402058880504,0.46601141414559066,1.3142796080966086,0.005012506561843875,8.703237125070741,0.010704471532556237,3.458600357319252,51.6833009354878,2.212969694289865,0.0,1.273117412468477,0.0,0.2268735511937295,0.2303926025783446,0.00379554387501466,-608.3736145870575,0.41170576243351076,0.0011123470522803433,-0.8556979972832769,-0.33294429773969797,-0.5376935362068527,-0.043795023178380695,0.03339610797237916,-0.048364045200754616,102.6555129147894,0.13591210248506352,0.0,Specialty Retail,Consumer Cyclical,WOOF
2022Q4,2022,Q4,2022-03-24,2022-01-29,23895000.0,1514357000.0,52477000.0,0.0899,635506000.0,0.4196540182,6497941000.0,2274014000.0,1070777000.0,1053139000.0,4242122000.0,675111000.0,142166000.0,4838227200.0,7675861200.0,8.601178588719439,1.0167480266137707,0.4692618784935105,1.3409046734101022,0.005564159940081529,8.601178588719439,0.010507850875148526,3.1949052964393467,50.61966101694915,2.1276153972666836,0.0,1.3017874097740965,0.0,0.233051823646906,0.25373668623040263,0.003677318707572137,-965.9068077460571,0.4196540181740501,5.375886524822695,-0.8278066685639318,-0.2791988071694705,-0.5268841103825121,0.06452590936120672,-0.5470313921747043,-0.15289996610114773,3.1958554841140754,0.4700733146246212,3.4533132625468324,Specialty Retail,Consumer Cyclical,WOOF
2022Q3,2022,Q3,2021-12-01,2021-10-30,52752000.0,1414994000.0,61949000.0,0.0141,596985000.0,0.4218993155,6193399000.0,2087226000.0,875875000.0,995180000.0,4121167000.0,574683000.0,-14691000.0,6534036950.0,9362423950.0,7.899725602255739,0.880117164734018,0.4847775833593153,1.4384743195034941,0.0056100688551172125,7.899725602255739,0.025273736528770723,4.617713538007935,30.96582570329087,3.130488480883239,0.0,1.4234090794403176,0.0,0.22846808351924364,0.2131403364215519,0.008517455439250724,302.59977539017274,0.42189931547412923,-0.9496428571428571,-0.7344287393712478,-0.34085426696647436,-0.5551704738129941,-0.0040456448841360675,-0.2976794344370332,-0.47785372925499187,2.746368515847582,0.41786406585066843,3.1702718632863087,Specialty Retail,Consumer Cyclical,WOOF
2022Q2,2022,Q2,2021-08-27,2021-07-31,75111000.0,1434534000.0,118643000.0,0.28,599410000.0,0.4178430069,6315181000.0,2174632000.0,944155000.0,1009789000.0,4155799000.0,628491000.0,60420000.0,5450776080.0,8232764080.0,8.230508371938111,0.9350022628489714,0.4727326105142513,1.3728262988864324,0.013338270787379534,8.230508371938111,0.03453963705123442,3.799684134360008,18.14240284379119,2.506528037847323,0.0,1.3287763866149236,0.0,0.22715643462950627,0.24093449225531274,0.011893720860890607,156.31706567249785,0.41784300685797615,0.5555555555555558,-0.6719959688368321,-0.40633532314676923,-0.5838827788737695,0.00790470633536738,8.93531746031746,1.4847221931349348,13.715891644911645,0.32395044006110535,0.0,Specialty Retail,Consumer Cyclical,WOOF
2022Q1,2022,Q1,2021-06-10,2021-05-01,7560000.0,1443264000.0,47749000.0,0.18,594709000.0,0.4120583622,6469546000.0,2237402000.0,989874000.0,1031538000.0,4248633000.0,644389000.0,113172000.0,6241065360.0,9068339360.0,8.46769456681351,0.9596098253287809,0.47124759604460653,1.3626330896280596,0.005555407319219039,8.46769456681351,0.0033789189425950275,4.324271484634828,206.3844365079365,2.7894251278938698,0.0,1.316836569215179,0.0,0.2230858239511706,0.2587999666517375,0.001168551858198396,92.25385227121551,0.41205836215688885,4.7190082644628095,-0.9515708702710486,-0.21692676532421087,-0.4764369018774945,0.04469623110502139,1.7241379310344827,-0.2870623366927958,30.83386096305257,0.11418104919379028,0.0,Specialty Retail,Consumer Cyclical,WOOF
2021Q4,2021,Q4,2021-04-05,2021-01-30,-10440000.0,1337713000.0,66975000.0,-0.0484,569265000.0,0.4255509216,6075702000.0,2068848000.0,777549000.0,875307000.0,4020437000.0,538675000.0,-22251000.0,5614671000.0,8493617000.0,9.591321279554938,0.8883157566430978,0.49218147960515507,1.4454169663503553,0.45514531968142774,9.591321279554938,-0.005046286629080532,4.19721644328791,-134.45093390804598,2.713911800190251,0.0,1.4265521882396621,0.0,0.22017422842660817,0.1750574369906787,-0.0017183199571012536,1453.072204968944,0.4255509216102408,0.56,-1.061444126773706,-0.05364716405536445,-0.37255435991556946,0.22085990881054812,0.6902444813671967,-0.26820074081358375,-0.1759320904512499,0.5916907640054173,3.9659657474858783,Specialty Retail,Consumer Cyclical,WOOF
2021Q3,2021,Q3,2020-10-31,2020-10-31,-33704000.0,1113521000.0,91521000.0,-0.11,466282000.0,0.4187455827,6203814000.0,558449000.0,873595000.0,933297000.0,5658197000.0,541352000.0,-800790000.0,8667287638.8,13071690638.8,1.8942951110219706,0.936031081209947,0.7415172343980655,8.237520346531197,0.010668578608411663,1.8942951110219706,-0.06035287018152061,7.783676858182288,-64.28975521303109,15.520285001495212,0.0,1.1955973193042604,0.0,0.17948974614648344,0.25317342710841245,-0.005432786992002017,-144.013153642164,0.4187455827056697,-6.699481865284974,-1.152070572859509,-0.5351135916981847,-0.8933332068580139,-0.11981244089226488,-6.918173836698859,0.4069980168186081,0.0,0.0,0.0,Specialty Retail,Consumer Cyclical,WOOF
2021Q2,2021,Q2,2020-07-31,2020-07-31,5695000.0,1208971000.0,65047000.0,0.0193,529753000.0,0.438185035,,,,,,,,8667287638.8,,,0.0,0.0,0.0,0.0,,0.0,7.169144370543213,380.4779472695347,0.0,0.0,0.0,0.0,0.0,0.0,0.0,84.53416208719399,0.438185035042197,20.444444444444446,-0.9765002437697166,-0.4929096665516004,0.0,-0.0215814183710785,23.653679653679653,3.233833579449844,0.0,0.0,0.0,Specialty Retail,Consumer Cyclical,WOOF
2021Q1,2021,Q1,2020-10-31,2020-04-30,231000.0,1259997000.0,-29119000.0,0.0009,541438000.0,0.4297137215,,,,,,,,7556238677.4,,,0.0,0.0,0.0,0.0,,0.0,5.997029101974052,8177.747486363635,0.0,0.0,0.0,0.0,0.0,0.0,0.0,120.23611548094517,0.42971372154060683,1.0218446601941746,-0.9981287923017574,-0.19171535256118896,0.0,0.08744762983582983,1.0190374155266193,-1.7079230787931832,-0.9986078694836488,-0.4127576413694621,0.0,Specialty Retail,Consumer Cyclical,WOOF
2020Q4,2020,Q4,2020-01-31,2020-01-31,-12134000.0,1148656000.0,41133000.0,-0.0412,497898000.0,0.433461367,6155118000.0,569391000.0,711005000.0,841941000.0,5594057000.0,478968000.0,-780466000.0,8667287638.8,13210563638.8,1.93141108240844,0.8444831644972748,0.7623023636589907,8.240490278209526,0.0038165547014117115,1.93141108240844,-0.021310487872130048,7.545590358471117,-178.5744115460689,15.222031326101044,0.0,1.3586669673130565,0.0,0.18661803071850125,0.2141492099802718,-0.0019713675676079644,81.09439308751017,0.4334613670237216,0.0,-1.052251424442484,-0.4054417746552843,-0.8736508320859668,0.0,0.0,0.0,0.0,0.0,0.0,Specialty Retail,Consumer Cyclical,WOOF
2018Q2,2018,Q2,2017-08-08,2017-06-30,70424000.0,743132000.0,112486000.0,0.86,185093000.0,0.2490714974,3537725000.0,1607187000.0,304637000.0,300435000.0,1930538000.0,56541000.0,1603196000.0,2388926400.0,3644632400.0,19.779302451511274,1.0139863864063774,0.38859945303832266,0.8553814832997031,0.023060811947641483,19.779302451511274,0.04381817423859202,3.2146730325164303,8.480512325343632,1.486402266817738,0.0,9.869634424576855,0.0,0.2100592895151545,0.6835921247524422,0.0199065783801737,26.759786273565357,0.24907149739211876,0.34374999999999994,1.118235482784997,0.8242853293507549,0.4474045092368657,0.19826112851852812,0.342611480754199,0.3120655064619979,0.6294004291235937,0.6477531994708445,0.29363004967010364,Specialty Retail,Consumer Cyclical,WOOF
2018Q1,2018,Q1,2017-05-09,2017-03-31,52453000.0,678251000.0,85732000.0,0.64,154468000.0,0.227744596,3460678000.0,1529493000.0,270407000.0,289575000.0,1931185000.0,56833000.0,1535484000.0,2388603000.0,3685556000.0,18.825687734629824,0.9338064404731071,0.4006394122770162,0.9064990817218517,0.017707242279455138,18.825687734629824,0.03429437074899983,3.521709514619219,11.384491830781842,1.5616959345351693,0.0,9.216177220980768,0.0,0.19598789601344013,0.6048243114909782,0.01515685654660734,33.46694782267556,0.2277445960271345,0.23076923076923075,0.5461629675312122,0.7734395494646575,0.4103526127023357,0.14625368249987014,0.23488558244655805,-0.1431683940154112,0.6334626380956109,0.6406082947985606,0.2486708962459534,Specialty Retail,Consumer Cyclical,WOOF
2017Q4,2017,Q4,2017-02-28,2016-12-31,42476000.0,643081000.0,100057000.0,0.52,134759000.0,0.2095521404,3373328000.0,1471223000.0,281049000.0,296496000.0,1902105000.0,57590000.0,1484391000.0,2379224400.0,3645532400.0,18.179855670612657,0.947901489396147,0.3995214814568877,0.9160521552477089,0.02186798566494045,18.179855670612657,0.028871218027450633,3.6997274060343877,14.003345418589321,1.617174554775177,0.0,8.826567112345893,0.0,0.19063696148136203,0.5632521180724192,0.01259171951260002,35.75146733985484,0.2095521403991099,-0.29729729729729726,23.523743974178494,0.903732203634014,0.450610303013652,-0.13934358175210917,-0.3011401964494316,0.050235643585141335,0.8079489221188866,0.6172343722875612,0.23236265193856548,Specialty Retail,Consumer Cyclical,WOOF
2017Q3,2017,Q3,2016-11-07,2016-09-30,60779000.0,656854000.0,95271000.0,0.74,156577000.0,0.2383741288,3209062000.0,1435726000.0,249796000.0,250841000.0,1773336000.0,60811000.0,1443715000.0,2376843000.0,3582563000.0,17.758995608881193,0.9958340143756403,0.3984447791909287,0.8905835793180593,0.021808390179306542,17.758995608881193,0.04233328643487685,3.618525577982322,9.776579904243242,1.65549902975916,0.0,8.22675173899459,0.0,0.20468722636084938,0.6182402398332011,0.018939802347227943,34.73037976533162,0.2383741288018342,-0.08641975308641982,1.1192902731252117,0.8648974739734201,0.4217811595309597,-0.0449593773635543,-0.0850118929334899,-0.09080411505353769,0.5889957877764883,0.5509457657486934,0.20980451733138725,Specialty Retail,Consumer Cyclical,WOOF
2017Q2,2017,Q2,2016-08-05,2016-06-30,66426000.0,653489000.0,104786000.0,0.81,163948000.0,0.2508810401,3179127000.0,1376434000.0,292044000.0,241881000.0,1802693000.0,61829000.0,1385484000.0,2375696400.0,3571445400.0,17.033809370591293,1.2073871035757253,0.41062625053984947,0.9484167057773929,0.024219396474261145,17.033809370591293,0.04825948792314052,3.635403809398475,8.941139011832716,1.725979160642646,0.0,7.91765999773569,0.0,0.2055561165061981,0.7972556753114135,0.020894415353648974,37.23895542040253,0.2508810400787159,0.37288135593220356,0.8137674757592249,0.9008061586379669,0.4057355225432541,0.19862553004825267,0.3919366329994552,0.3475045973020588,0.673120254872564,0.5375385384328206,0.20224982774906372,Specialty Retail,Consumer Cyclical,WOOF
2017Q1,2017,Q1,2016-05-06,2016-03-31,47722000.0,563439000.0,77763000.0,0.59,136780000.0,0.2427591984,2663675000.0,1306407000.0,249869000.0,246448000.0,1357268000.0,54961000.0,1321434000.0,2374814400.0,3252903400.0,16.173207388333168,1.013881224436798,0.35761457385003803,0.7291517880721705,0.020727022420110267,16.173207388333168,0.03652919802174973,4.214856266605613,12.440878420854114,1.817821245599572,0.0,7.762940994523389,0.0,0.21152693177658685,0.6249594234889307,0.01791584934348222,34.870921985815606,0.2427591984225444,-0.24358974358974367,0.7125595392063198,0.7363530150117699,0.39090662908384194,0.16214654703643283,-0.2561336783365028,-0.3748201149656309,0.6411468342907939,0.40586059413237574,0.17531563849257317,Specialty Retail,Consumer Cyclical,WOOF
2016Q4,2016,Q4,2016-02-26,2015-12-31,64154000.0,533720000.0,124385000.0,0.78,117696000.0,0.2205201229,2507265000.0,1244962000.0,282164000.0,232307000.0,1262303000.0,51523000.0,1275207000.0,2394424200.0,3168010200.0,15.286298392740935,1.214616864752246,0.3479783748427071,0.7008037193103083,0.03632887589404939,15.286298392740935,0.05153089009945685,4.486292812710785,9.330767372260498,1.923290992014214,0.0,8.074529821633057,0.0,0.21286940151918524,0.7555605298161484,0.0255872434704748,65.12781721746227,0.2205201229108896,0.14705882352941171,2.1477327603896206,0.7133709330482186,0.35276435236143955,-0.14506123516336641,0.13611248848905574,0.3828084179164212,2.21118414584654,0.37400871812746217,0.13250066064379892,Specialty Retail,Consumer Cyclical,WOOF
2016Q3,2016,Q3,2015-11-06,2015-09-30,56468000.0,551717000.0,89951000.0,0.68,137666000.0,0.2495228532,2431190000.0,1183919000.0,262399000.0,239527000.0,1247271000.0,51597000.0,1211612000.0,2401980000.0,3208143000.0,14.491052631578947,1.0954881913103742,0.36243773625261705,0.7442696670971578,0.02686230546141903,14.491052631578947,0.0476958305424611,4.353645075283161,10.634253028263796,2.028838121526895,0.0,8.024710738996454,0.0,0.2269329011718541,0.6247562905225715,0.023226485795022192,26.59676008459656,0.2495228532019133,0.01492537313432837,1.1372928498154553,0.6642231756557201,0.315058548571184,-0.02258479058836894,0.009745542978738623,-0.0059564592772682065,0.6978302838433361,0.3635403917262651,0.02756892072248797,Specialty Retail,Consumer Cyclical,WOOF
2016Q2,2016,Q2,2015-08-07,2015-06-30,55923000.0,548785000.0,90490000.0,0.67,140847000.0,0.2566524231,2397110000.0,1199098000.0,274378000.0,221742000.0,1198012000.0,53789000.0,1156758000.0,2415210000.0,3194145000.0,14.596445526475959,1.2373749673043446,0.35595404466211394,0.7115857085909575,0.026767762943777623,14.596445526475959,0.046637555896181966,4.401013147225234,10.79703342095381,2.014188998730712,0.0,7.584041346743758,0.0,0.22893609387971348,0.7031550179938848,0.023329342416493194,77.56969424460432,0.2566524230800769,0.4255319148936172,0.9144754761975662,0.6199422710579368,0.3274234401095578,0.23699741792696422,0.41387505372538114,0.43694223012671896,0.6637646119420338,0.33252972797336094,0.06813479017493534,Specialty Retail,Consumer Cyclical,WOOF
2016Q1,2016,Q1,2015-05-08,2015-03-31,39553000.0,499453000.0,62974000.0,0.47,113862000.0,0.2279734029,2325002000.0,1184004000.0,248935000.0,218303000.0,1140998000.0,55142000.0,1102459000.0,2421001800.0,3154912800.0,14.378228715071588,1.1403187313046546,0.3411562656720295,0.6699208786456803,0.01961465934143062,14.378228715071588,0.03340613714142858,4.847306553369386,15.302264050767324,2.0447581258171423,0.0,6.9926915962424285,0.0,0.21481830983371197,0.6094465032546507,0.017012028376749783,37.76972807688107,0.22797340290277562,0.3823529411764704,0.25176352472445435,0.573898612834668,0.35611975339476243,0.14991213718717808,0.3224447490721856,-0.01293123716672675,0.1503055766466033,0.28845553013567937,0.07716502686013035,Specialty Retail,Consumer Cyclical,WOOF
2015Q4,2015,Q4,2015-02-27,2014-12-31,29909000.0,479927000.0,63799000.0,0.34,99018000.0,0.2063188777,2332020000.0,1200646000.0,283447000.0,197218000.0,1131374000.0,56050000.0,1064158000.0,2547686400.0,3261071400.0,13.855312961595274,1.437226825137665,0.3408066826185024,0.6619503167461517,0.020175426891610893,13.855312961595274,0.02491075637615084,5.308487332448476,21.29531579123341,2.121929694514453,0.0,6.795878679750223,0.0,0.2057988353444653,0.7193308927177032,0.012825361703587447,114.20505648197955,0.20631887766264453,0.030303030303030328,0.11858649010388683,0.49477672008903395,0.34709159717551297,-0.19989980364747045,0.03309039411419295,0.39564237744186553,15.811133588360985,0.32679796831809826,0.10554561585754221,Specialty Retail,Consumer Cyclical,WOOF
2015Q3,2015,Q3,2014-11-07,2014-09-30,28951000.0,499577000.0,45713000.0,0.33,123757000.0,0.2477235741,2272485000.0,1285115000.0,304186000.0,190258000.0,987370000.0,50325000.0,1035799000.0,2573764200.0,3107667200.0,14.679814491164342,1.5988079344889572,0.2906113791730198,0.5138917528781471,0.014408344328116007,14.679814491164342,0.022527944969905418,5.151886896314282,22.225175296190116,2.0027501040762887,0.0,7.467858917039245,0.0,0.2198373146577425,1.0097341504693627,0.01273979806247346,34.39941459502807,0.2477235741437256,-0.37735849056603776,-0.2509224708869665,0.43118746862164725,0.4771670976052348,0.027754017356641614,-0.38281316619766353,-0.3864768014602263,-0.06775040379340093,0.3098461487411856,0.1752626178087058,Specialty Retail,Consumer Cyclical,WOOF
2015Q2,2015,Q2,2014-08-08,2014-06-30,46908000.0,489472000.0,74509000.0,0.53,120415000.0,0.2460099863,2259238000.0,1348374000.0,309195000.0,208995000.0,910864000.0,42483000.0,1008347000.0,2592727200.0,3063978200.0,15.28976731528099,1.4794373071126103,0.26282578462295697,0.4403718849518012,0.02373080160667074,15.28976731528099,0.03478856756359883,5.29698777458159,13.818150422102839,1.9228546382531848,0.0,8.687168985241156,0.0,0.21665357965827417,0.9020024402497667,0.02076275275114884,53.539982653946225,0.2460099862709205,0.358974358974359,0.15686953988491595,0.3639877405354348,0.6360549065373959,0.1869276793723078,0.3434913361019619,0.32469864523699465,0.17361199874941272,0.30455236902758087,0.2618063627986459,Specialty Retail,Consumer Cyclical,WOOF
2015Q1,2015,Q1,2014-05-09,2014-03-31,34915000.0,449507000.0,56246000.0,0.39,101451000.0,0.2256939269,2249931000.0,1331835000.0,309277000.0,205444000.0,918096000.0,54227000.0,962763000.0,2597137200.0,3066280200.0,15.076580859879101,1.5054077996923736,0.26953315457229576,0.4553349326305436,0.01773851743252732,15.076580859879101,0.026215709904004625,5.777745841555304,18.596142059286837,1.9500442622396916,0.0,6.418500009220499,0.0,0.1997870156907034,0.9823017464613228,0.015518253670890351,50.22699002088652,0.22569392690213946,0.3448275862068967,0.01788875392261883,0.3642339870398561,0.7103810619500507,0.15962554008641383,0.35708177860696516,-0.05511784568347137,0.14570780045744836,0.26666672211940995,0.29659601576936306,Specialty Retail,Consumer Cyclical,WOOF
2014Q4,2014,Q4,2014-02-28,2013-12-31,25728000.0,435453000.0,59527000.0,0.29,87486000.0,0.2009080199,2237781000.0,1307340000.0,309754000.0,204148000.0,930441000.0,55067000.0,928720000.0,2605457400.0,3100073400.0,14.752033942293588,1.5173011736583264,0.2769015377286696,0.4739738706074931,0.019100466443053334,14.752033942293588,0.019679654871724264,5.98332632913311,25.317333255597013,1.992945522970306,0.12919776119402984,6.3189750667368845,0.0012757836685412705,0.19459142784749714,0.9058575151360777,0.011497103603971971,155.2808510638298,0.20090801992407906,-0.3829787234042553,-0.0774523846199152,0.36881644956663184,0.752323913023134,-0.20953766365188792,-0.386127746892224,-0.10333348396523416,0.16010489101358347,0.28468401681769445,0.30548450182271436,Specialty Retail,Consumer Cyclical,WOOF
2014Q3,2014,Q3,2013-11-08,2013-09-30,41911000.0,464055000.0,66387000.0,0.47,110677000.0,0.2384997468,2235335000.0,1300330000.0,318630000.0,215166000.0,935005000.0,51929000.0,904003000.0,2604340200.0,3083543200.0,14.679227391260174,1.4808566409191044,0.28290032590193415,0.4863203955918882,0.02127996094404516,14.679227391260174,0.03223104904139718,5.612136923425025,15.534944286702775,2.0028302046403605,0.026007492066521917,6.80502224190722,0.0004185321103594684,0.20759975574130946,0.9943206640454347,0.018749314979633926,36.50244859629697,0.23849974679725464,-0.04081632653061228,0.08050742611191473,0.33151719214801745,0.8022722883225644,-0.031646455631966684,-0.03564196962724344,-0.027481944831021198,0.4630572560141824,0.2910299822912766,0.3321353498661332,Specialty Retail,Consumer Cyclical,WOOF
2014Q2,2014,Q2,2013-08-09,2013-06-30,43460000.0,465255000.0,68263000.0,0.49,114294000.0,0.2456588323,2175499000.0,1253255000.0,292871000.0,199046000.0,922244000.0,51374000.0,863356000.0,2600577000.0,3123167000.0,14.168277655304957,1.4713734513630015,0.2918227036647684,0.5065688945984655,0.022426955342701962,14.168277655304957,0.03467769927109806,5.5895734597156395,14.959600782328577,2.075058148581095,0.05140358950759319,6.831490637287343,0.0008590401284022739,0.21386127964204993,0.9169840137455664,0.01997702596048079,68.99180240887144,0.24565883225328045,0.36111111111111116,0.9533220170146822,0.3267517279952789,0.8535483589042534,0.1792247454164646,0.36567891147911885,0.37308659358342555,0.3817651955337832,0.27547965583666895,0.28848518850143373,Specialty Retail,Consumer Cyclical,WOOF
2014Q1,2014,Q1,2013-05-10,2013-03-31,31823000.0,438606000.0,49715000.0,0.36,96923000.0,0.2209796492,2137702000.0,1216449000.0,288407000.0,210847000.0,921253000.0,54072000.0,821694000.0,2598960000.0,3115580000.0,13.760735294117646,1.3678496729856247,0.2909226823944591,0.5112470806420985,0.016856907920919595,13.760735294117646,0.02616057064455641,5.9255003351527336,20.417308236181377,2.1365137379372254,0.0,6.319037579523598,0.0,0.2051763997039812,0.8365402400792992,0.014886546394212103,45.37132083376977,0.2209796491612062,1.5625,-0.4927443060958224,0.35951288732562475,0.9399191745343791,0.18477636388084148,1.558053485313459,1.7052773443041567,-0.061834412113704225,0.28751474623548817,0.29787926756432276,Specialty Retail,Consumer Cyclical,WOOF
2013Q4,2013,Q4,2013-03-01,2012-12-31,-57025000.0,418192000.0,-70490000.0,-0.64,81807000.0,0.1956206718,2091580000.0,1183503000.0,243529000.0,185442000.0,908077000.0,51456000.0,791209000.0,2577821400.0,3140029400.0,13.49782735142163,1.3132354051401516,0.30151512253894186,0.5328613446691728,-0.02531995241268881,13.49782735142163,-0.04818323231964769,6.164205436737192,-11.301277509864095,2.178128319066365,0.0,6.537332866915423,0.0,0.19994071467503036,0.6705438897337173,-0.027264077874142992,94.55037411971831,0.19562067184451162,-2.6,-2.9226655301040823,0.40810831748399107,0.9922679561578348,-0.1751746806343957,-2.599938275068739,-2.2684901925499372,-3.1077840558979526,0.2872710627294792,0.3123348318169173,Specialty Retail,Consumer Cyclical,WOOF
2013Q3,2013,Q3,2012-11-09,2012-09-30,35642000.0,433613000.0,55570000.0,0.4,99181000.0,0.2287316109,2201285000.0,1234710000.0,268907000.0,184359000.0,966575000.0,53526000.0,849260000.0,2574087600.0,3133867600.0,14.102268314411678,1.4586052213344616,0.2904853301594296,0.5178876011371091,0.018483819139535798,14.102268314411678,0.028866697443124298,5.936370911388726,18.055156837438975,2.084770998858031,0.0,6.248028995254643,0.0,0.19698176292483707,0.7687284049056461,0.016191451811101244,41.73361435820944,0.22873161090649957,0.0,0.1234122820113214,0.35340173955088217,1.1806029291032176,-0.014173964038287594,-0.0038012186259712673,-0.004550014330753797,-0.07791554817999559,0.24205782890277527,0.4190510900657508,Specialty Retail,Consumer Cyclical,WOOF
2013Q2,2013,Q2,2012-08-09,2012-06-30,35778000.0,438372000.0,55824000.0,0.4,100607000.0,0.229501428,2151195000.0,1194940000.0,256552000.0,172899000.0,956255000.0,54282000.0,815223000.0,2570824200.0,3154912200.0,13.665359148245143,1.4838258173847159,0.3012999751301021,0.5424163556329188,0.018917821264101405,13.665359148245143,0.029941252280449228,5.864480851879226,17.963722119738385,2.151425343531893,0.0,6.222412586124314,0.0,0.20378068933778667,0.7482171672479309,0.016631686109348526,184.80513262885486,0.2295014280109131,-0.02439024390243891,-0.07156925757156679,0.39683698428282516,1.2781179934098474,0.07740498398997633,-0.01495002890889568,0.02301715291013048,-0.11010662409915535,0.2319976087875131,0.4622379414327459,Specialty Retail,Consumer Cyclical,WOOF
2013Q1,2013,Q1,2012-05-10,2012-03-31,36321000.0,409465000.0,54568000.0,0.41,93379000.0,0.2280512376,2129591000.0,1161081000.0,246294000.0,185287000.0,968510000.0,52697000.0,780903000.0,2557329600.0,3141431600.0,13.348213464545204,1.329256774625311,0.3084244815084211,0.5656952443455711,0.019593306893513122,13.348213464545204,0.03128205525712676,6.245538934951705,17.602279672916495,2.202541941518292,0.0,5.998178264417329,0.0,0.19227400942246656,0.7370457722344255,0.017055387630770417,44.40425059035977,0.22805123759051446,18.82608695652174,0.20179936806418633,0.4899789868894405,1.4284210057586824,0.3021754288104867,18.63155339805825,4.451348651348652,0.07536093166500624,0.26205237492269207,0.5143043195808435,Specialty Retail,Consumer Cyclical,WOOF
2012Q4,2012,Q4,2012-02-29,2011-12-31,-2060000.0,368998000.0,10010000.0,-0.023,71710000.0,0.1943370967,1937813000.0,1107878000.0,237157000.0,156994000.0,870452000.0,48661000.0,745658000.0,2598960000.0,3154162000.0,12.532556561085974,1.5106118705173446,0.01680812338445454,0.029399446509453208,-0.001806306112767865,12.532556561085974,-0.0018594105127098832,7.043290207535001,-315.40776699029124,2.345890070928387,0.0,6.10936889911839,0.0,0.19041981863059027,0.7766538848618418,-0.00106305407178092,-20.906246229336766,0.19433709667803079,-1.0657142857142858,-1.0863982586041407,0.4329789723297076,1.4231269466290906,-0.20443325160588882,-1.0656908702445869,-0.8031348948807205,-1.0740515861280389,0.16281954329819998,0.48868275650750703,Specialty Retail,Consumer Cyclical,WOOF
2012Q3,2012,Q3,2011-11-09,2011-09-30,31359000.0,385135000.0,50847000.0,0.35,90137000.0,0.2340400119,1943245000.0,1104175000.0,233661000.0,154431000.0,875341000.0,46876000.0,748873000.0,2598960000.0,3147115000.0,12.49066742081448,1.5130446607222643,0.01465589773806185,0.02579301288292164,0.02768627693339984,12.49066742081448,0.028400389431023163,6.748179209887442,20.719410695494116,2.3537573301333574,0.0,6.293156412663197,0.0,0.19819168452768438,0.8592057294196114,0.016137440209546404,78.44732870510111,0.23404001194386384,-0.2222222222222223,0.09263598772005721,0.4386464085526607,1.5400125726984577,-0.06914036682088566,-0.21729689254960688,-0.22490510815383913,-0.18986003450051753,0.10735897281449717,0.5335673435095453,Specialty Retail,Consumer Cyclical,WOOF
2012Q2,2012,Q2,2011-08-05,2011-06-30,40065000.0,376105000.0,65601000.0,0.45,96832000.0,0.2574600178,1793081000.0,1071175000.0,307528000.0,151838000.0,755847000.0,42682000.0,718704000.0,2598960000.0,2956081000.0,12.117364253393665,2.025369143429181,0.015489540070972812,0.025928536420286134,0.03645756081492408,12.117364253393665,0.03740285200830863,6.910197950040547,16.217147135904156,2.4262702172847574,0.0,6.543109507520735,0.0,0.20975349133697807,1.384771927975869,0.022344222040164386,68.41168728612793,0.2574600178141742,0.32352941176470584,0.2723642568386607,0.3834434819195168,1.6589821487247913,0.2137682067737973,0.31377885624344176,0.32717635396224887,0.8018531452537949,0.0731930257353568,0.5852400109983208,Specialty Retail,Consumer Cyclical,WOOF
2012Q1,2012,Q1,2011-05-10,2011-03-31,30496000.0,355123000.0,49429000.0,0.34,79778000.0,0.2246489245,1749282000.0,1027899000.0,275295000.0,146461000.0,752029000.0,43057000.0,679092000.0,2598960000.0,2988360000.0,11.627816742081448,1.8796471415598692,0.015865366476074182,0.026999734409703678,0.028888307889342317,11.627816742081448,0.02966828452990031,7.3184783863619085,21.305745015739767,2.5284196209938914,0.0,6.394895139001789,0.0,0.20301072097008943,1.2650944620069506,0.01743343840501417,52.82868525896414,0.22464892445715992,0.3600000000000001,-0.03676417267220975,0.42061125771875996,1.814264552644627,0.14646624320984106,0.3785372027845584,0.3446774939470606,-0.5138965640793828,0.10074712859773437,0.6392310566120848,Specialty Retail,Consumer Cyclical,WOOF
2011Q4,2011,Q4,2011-02-28,2010-12-31,22122000.0,338112000.0,36759000.0,0.25,69586000.0,0.2058075431,1717467000.0,998924000.0,246314000.0,141594000.0,750632000.0,40760000.0,0.0,2598960000.0,3028870000.0,11.300045248868779,1.7395793607073746,0.016361886429258902,0.02813126924570838,0.02153988461819333,11.300045248868779,0.022145828911909214,7.686683702441794,29.370762137238945,2.601759493214699,0.0,6.587978410206085,0.0,0.1968666646870071,1.0335889938839216,0.012880596832428221,-25.654804797394007,0.2058075430626538,-0.21875000000000003,0.023326710972850752,0.4532065093456013,2.017202957306999,-0.18421083482807535,-0.22615174729772275,-0.29381591839087084,-0.26019704177826863,0.1292085484657555,0.667877167660153,Specialty Retail,Consumer Cyclical,WOOF
2011Q3,2011,Q3,2010-11-08,2010-09-30,28587000.0,358703000.0,52053000.0,0.32,85299000.0,0.2377984015,1718639000.0,974108000.0,274247000.0,147498000.0,769071000.0,34580000.0,0.0,2598960000.0,2997106000.0,11.019321266968326,1.8593269061275408,0.01640949611873116,0.02895161522131016,0.02852111622152827,11.019321266968326,0.029346848604056223,7.24543703286563,22.72851296043656,2.6680409153810456,0.0,7.90641989589358,0.0,0.2087134063639892,1.2463830018034143,0.016633510585992755,209.86434108527132,0.23779840146304881,-0.11111111111111106,0.1967050419035386,0.45789412232112914,2.139870878665234,1.0546757268335332,-0.06324343808369105,2.198341013824885,-0.10757976203164521,0.10887648069382638,0.7038935649043457,Specialty Retail,Consumer Cyclical,WOOF
2011Q2,2011,Q2,2010-08-10,2010-06-30,30517000.0,353919000.0,16275000.0,0.36,-1560089000.0,-4.4080396927,1644707000.0,943727000.0,335630000.0,635382000.0,760533000.0,34088000.0,0.0,2523225600.0,2861762600.0,10.99607335943326,0.5282334091932097,0.30928730770891105,0.5390192290779007,0.006837786774674362,10.99607335943326,0.03233668211251771,7.129387232671882,20.670655700101584,2.673681689725948,1.3940754333650096,56.14902605022295,0.016860561338629412,0.21518665634669276,0.38900063269025564,0.01855467265598067,39.07434146341463,-4.408039692698047,-0.05263157894736847,1.5978998344263426,0.6424920778145636,2.4290762280831797,-19.842792439156955,-0.07333292845864205,-0.6762546995285552,-0.19315225862308683,0.14900810969883815,0.8331280067524939,Specialty Retail,Consumer Cyclical,WOOF
2011Q1,2011,Q1,2010-05-07,2010-03-31,32932000.0,330734000.0,50271000.0,0.38,82795000.0,0.2503371289,1645583000.0,909947000.0,308275000.0,129602000.0,751222000.0,32489000.0,0.0,2523225600.0,2879307600.0,10.60247716256525,2.378628416228145,0.005299641525222368,0.009584074676876785,0.033723050015822174,10.60247716256525,0.036191118823404,7.629169060332472,19.15481598445281,2.7729368853350795,0.0,7.631475268552433,0.0,0.20098287354694355,1.793745466890943,0.02001236036103922,46.29177169904783,0.25033712893140714,0.22580645161290325,0.82935691169144,0.6956032762369068,2.482012160005891,0.15302129318868635,0.25450459030132183,0.3616197183098592,0.10439111524591475,0.21975561182181513,0.9288932052996218,Specialty Retail,Consumer Cyclical,WOOF
2010Q4,2010,Q4,2010-02-26,2009-12-31,26251000.0,315219000.0,36920000.0,0.31,71807000.0,0.2278003547,1597579000.0,875047000.0,278210000.0,122358000.0,736066000.0,32031000.0,0.0,2501263800.0,2356082800.0,10.285353268215852,2.2737377204596347,0.0,0.0,0.02590836728121745,10.285353268215852,0.029999531453739056,7.935003283431519,23.820652546569654,2.8584336612776227,0.0,7.5992632137616685,0.0,0.19731043034491566,1.186526422465225,0.01643173827397581,-18.792929915249143,0.22780035467405202,-0.29545454545454547,0.5897959923104397,0.7176102284095948,2.614383053804353,-0.2121242045205179,-0.2997118924398442,-0.33903827562748395,0.14399392564525318,0.2719448754971018,0.9886378759461834,Specialty Retail,Consumer Cyclical,WOOF
2010Q3,2010,Q3,2009-11-06,2009-09-30,37486000.0,338562000.0,55858000.0,0.44,91140000.0,0.2691973701,1572669000.0,843810000.0,274727000.0,122693000.0,739441000.0,31100000.0,0.0,2496324600.0,2341323600.0,9.937815779246016,2.2391415973201405,0.0,0.0,0.04090387512499063,9.937815779246016,0.04442469276258874,7.373315965761072,16.64837939497412,2.9583965584669536,0.0,7.9556913183279745,0.0,0.2152786123462725,1.6662727294955701,0.02383591207049926,76.08889904901244,0.26919737005334327,-0.04347826086956525,1.0796654753217672,0.7767495171325448,2.718800751978321,-0.06630332336188173,-0.03803120509135701,-0.029096850448446083,0.3598184684019762,0.31667269240268037,1.0208829659800542,Specialty Retail,Consumer Cyclical,WOOF
2010Q2,2010,Q2,2009-08-07,2009-06-30,38968000.0,344876000.0,57532000.0,0.46,97612000.0,0.2830350619,1519719000.0,792060000.0,255160000.0,122532000.0,733917000.0,26322000.0,0.0,2491738200.0,2352843200.0,9.345509893455098,2.0823948029902395,0.0,0.0,0.04474495235776912,9.345509893455098,0.04919829305860667,7.225026386295364,15.98579732087867,3.145895765472313,0.0,9.393815059645924,0.0,0.22693405820418117,1.5348153951620802,0.025641582424119194,53.38028235394931,0.2830350618773124,0.1794871794871795,0.032316523033467486,-0.023353386643099334,0.9141049613062516,0.18402251306995307,0.1851221069918798,0.21442141258918393,0.2907781794948804,0.32316033210489475,1.0507383831816817,Specialty Retail,Consumer Cyclical,WOOF
2010Q1,2010,Q1,2009-05-08,2009-03-31,32881000.0,315850000.0,47374000.0,0.39,82441000.0,0.2610131391,1468011000.0,746433000.0,218057000.0,124685000.0,731784000.0,26366000.0,0.0,2489592000.0,2380508000.0,8.814749645725083,1.748863135100453,0.0,0.0,0.03901264586611517,8.814749645725083,0.04405083912420807,7.882197245527941,18.928803868495482,3.335318776099127,0.0,8.852651141621786,0.0,0.2151550635519761,1.2592773789950675,0.022398333527473568,64.98204217999583,0.2610131391483299,0.2580645161290323,0.0729525846050023,0.052724979911740986,1.024224490544527,0.11599794238683128,0.23719757685216541,0.46161915339997533,0.08419195790960585,0.3190120040367997,1.1334217780216134,Specialty Retail,Consumer Cyclical,WOOF
2009Q4,2009,Q4,2009-02-27,2008-12-31,26577000.0,303169000.0,32412000.0,0.31,73872000.0,0.243666074,1420213000.0,710989000.0,199068000.0,123122000.0,1449038000.0,26631000.0,0.0,2482977000.0,2394018000.0,8.41855425966491,1.616835334058901,0.0,0.0,0.027650708602816956,8.41855425966491,0.037380325152709816,8.190075502442532,23.35644542273394,3.4922860972532623,0.0,8.610153580413803,0.0,0.2134672756832954,1.0754536151134646,0.018713390174572405,-23.29093774330016,0.24366607403791285,-0.29545454545454547,0.1476397510069118,-0.11596796560700821,1.092121708521433,-0.1678082191780822,-0.280808572820263,-0.37747046960530106,0.2868347418743709,0.3638871568812551,1.247821690010771,Specialty Retail,Consumer Cyclical,WOOF
2009Q3,2009,Q3,2008-11-07,2008-09-30,36954000.0,332035000.0,52065000.0,0.44,88768000.0,0.26734531,1340798000.0,687376000.0,165249000.0,113295000.0,1405566000.0,24998000.0,0.0,2481183600.0,2385880600.0,8.144844420219448,1.4585727525486563,0.0,0.0,0.04668687433803841,8.144844420219448,0.053760969251181304,7.472656798229102,16.78562266601721,3.609645376038732,0.0,9.731458516681334,0.0,0.24763983836491402,1.2379275343130764,0.027561198629472896,86.90356204686351,0.2673453099823814,0.76,0.3015484703561333,0.18693716167309024,1.1557035911855484,-0.084545098281872,0.7415523822988831,-0.3430366809251618,0.6203942264107886,0.4135641913015356,1.320810800114008,Specialty Retail,Consumer Cyclical,WOOF
2009Q2,2009,Q2,2008-08-08,2008-06-30,21219000.0,334434000.0,79251000.0,0.25,96966000.0,0.2899406161,1345680000.0,644829000.0,184443000.0,125311000.0,1373758000.0,25527000.0,0.0,2480154600.0,2404230600.0,7.643867281499307,1.471881957689269,0.0,0.0,0.03880866964506974,7.643867281499307,0.032906398440516786,7.415976246434274,29.220917573872473,3.8462206259333866,0.0,9.30262075449524,0.0,0.24852416622079543,0.9955869795947682,0.015768236133404674,69.59297940400695,0.28994061608568505,-0.647887323943662,-0.3475239839907101,0.19259185993460332,1.2063480519230976,0.16782888318820682,-0.6455228867357167,2.3599440369695173,0.8377346599407712,0.5790182789442198,1.3837057764921112,Specialty Retail,Consumer Cyclical,WOOF
2009Q1,2009,Q1,2008-05-09,2008-03-31,59860000.0,307832000.0,23587000.0,0.71,83031000.0,0.2697282934,1301217000.0,598319000.0,189694000.0,128250000.0,1327575000.0,25100000.0,0.0,2479831200.0,2393587200.0,7.0934580547256605,1.4790955165692008,0.0,0.0,0.04516810721430863,7.0934580547256605,0.10004696491336561,8.05579406949245,10.356795856999666,4.144663966880543,0.0,8.95621513944223,0.0,0.2365723780122762,1.050206627680312,0.046003087878501436,63.89341440791508,0.2697282933548169,1.0882352941176467,4.342925385575653,0.22766360300430244,1.2569068495833435,0.19777556584584757,1.1093805060257946,-0.13802806607221166,2.3833818390514945,0.6058061988766813,1.3295977745893566,Specialty Retail,Consumer Cyclical,WOOF
2008Q4,2008,Q4,2008-02-29,2007-12-31,28378000.0,284158000.0,27364000.0,0.34,69321000.0,0.2439523082,1275262000.0,568384000.0,216902000.0,116393000.0,1286711000.0,25517000.0,0.0,2466454200.0,2355588200.0,6.775106385514882,1.8635313120204824,0.0,0.0,0.03203321189789232,6.775106385514882,0.049927513793491723,8.679868946149677,21.72857671435619,4.339415254475847,0.0,8.419367480503194,0.0,0.22282323161828707,1.31894529739761,0.022252682193933483,-23.465680388929588,0.24395230822289007,-0.055555555555555455,-0.11630968014040573,-0.4383587723740091,2.946650359212605,-0.19676253157516627,-0.06512930324493493,-0.3868423411311284,0.7428650965313802,0.5702129705692758,1.3808447866540254,Specialty Retail,Consumer Cyclical,WOOF
2008Q3,2008,Q3,2007-11-07,2007-09-30,30355000.0,306537000.0,44628000.0,0.36,86302000.0,0.2815386071,1257347000.0,541746000.0,186472000.0,108795000.0,1273145000.0,21332000.0,0.0,2462808600.0,2375653600.0,6.467141782759732,1.7139758260949491,0.0,0.0,0.04838222428988602,6.467141782759732,0.056031793497321625,8.03429471809276,20.283384944819634,4.5460577466192635,0.0,10.324160885055315,0.0,0.24379666074679465,1.2285307229192517,0.024142102379056854,81.64998839637967,0.2815386070849522,-0.18181818181818185,0.0771033318336608,0.10396423848796761,0.7116644648475243,-0.03978726718440553,-0.1768135593220339,-0.15593970457511394,0.7069665611522444,0.6305769257294025,1.4200500652369699,Specialty Retail,Consumer Cyclical,WOOF
2008Q2,2008,Q2,2007-08-09,2007-06-30,36875000.0,300305000.0,52873000.0,0.44,89878000.0,0.2992890561,1207367000.0,501921000.0,164194000.0,111572000.0,1221006000.0,20832000.0,218746000.0,2460015600.0,2397908600.0,5.998530009321892,1.4716416305166171,0.0,0.0,0.06412962517337452,5.998530009321892,0.07346773695462035,8.191723747523351,16.67807186440678,4.901200786577967,0.0,10.10114247311828,0.0,0.24872718899887108,0.9875058258344388,0.030541666287052734,70.65558778757503,0.2992890561262716,0.25714285714285723,0.0037432567727605794,-0.28443448176933245,2.874707612878553,0.18385142255005268,0.2646181281936966,0.2625483547447347,-0.010532941555102135,-0.13860650467821467,0.228591717550744,Specialty Retail,Consumer Cyclical,WOOF
2008Q1,2008,Q1,2007-05-10,2007-03-31,29159000.0,265145000.0,41878000.0,0.35,75920000.0,0.2863338928,988506000.0,461302000.0,138871000.0,93554000.0,1001723000.0,21491000.0,0.0,2467365600.0,2429120600.0,5.496663648062532,1.4843940398058875,0.0,0.0,0.05458311876758157,5.496663648062532,0.06321021803503996,9.305721774877897,21.154408587400116,5.3486991168475315,0.0,8.804848541249825,0.0,0.2682280127788805,0.9350001068901383,0.02949805059352194,76.76930927193528,0.2863338927756511,0.2962962962962961,0.0,0.6367658569716925,0.0,0.23214749415736172,0.29942067736185385,0.3359065969120837,-0.03993018995198178,-0.10831355829272485,0.26225719616325643,Specialty Retail,Consumer Cyclical,WOOF
2007Q4,2007,Q4,2007-03-01,2006-12-31,22440000.0,242351000.0,31348000.0,0.27,61616000.0,0.2542428131,961039000.0,430305000.0,152965000.0,94801000.0,971957000.0,21420000.0,0.0,,,,,,,,,,,,,,,,,,,,,,,,,,,,,,,Specialty Retail,Consumer Cyclical,WOOF
2007Q3,2007,Q3,2006-11-08,2006-09-30,26977000.0,251632000.0,38429000.0,0.32,70465000.0,0.2800319514,926872000.0,408610000.0,136795000.0,81936000.0,938372000.0,20483000.0,135246000.0,,,,,,,,,,,,,,,,,,,,,,,,,,,,,,,Specialty Retail,Consumer Cyclical,WOOF
2007Q2,2007,Q2,2006-08-09,2006-06-30,29553000.0,255150000.0,42840000.0,0.36,74962000.0,0.2937958064,894371000.0,378088000.0,115030000.0,80206000.0,905842000.0,18851000.0,108269000.0,,,,,,,,,,,,,,,,,,,,,,,,,,,,,,,Specialty Retail,Consumer Cyclical,WOOF
2007Q1,2007,Q1,2006-05-09,2006-03-31,29659000.0,234180000.0,31422000.0,0.36,63521000.0,0.2712486122,875716000.0,342162000.0,111251000.0,77182000.0,886918000.0,17309000.0,78716000.0,,,,,,,,,,,,,,,,,,,,,,,,,,,,,,,Specialty Retail,Consumer Cyclical,WOOF
