Year,Date,FillingDate,NetIncome,Revenue,OperatingIncome,EPSDiluted,GrossProfit,GrossProfitRatio,TotalAssets,CommonStockEquity,CurrentAssets,CurrentLiability,TotalLiability,Inventory,RetainedEarnings,EnterpriseValue,bookValuePerShare,currentRatio,debtToAssets,debtToEquity,roic,shareholdersEquityPerShare,roe,priceToSalesRatio,peRatio,pbRatio,payoutRatio,inventoryTurnover,dividendYield,assetTurnover,quickRatio,returnOnAssets,priceToFreeCashFlowsRatio,grossProfitMargin,epsdilutedGrowth,fiveYNetIncomeGrowthPerShare,fiveYRevenueGrowthPerShare,fiveYShareholdersEquityGrowthPerShare,grossProfitGrowth,netIncomeGrowth,operatingIncomeGrowth,threeYNetIncomeGrowthPerShare,threeYRevenueGrowthPerShare,threeYShareholdersEquityGrowthPerShare,Industry,Sector,Price,MarketCap,AvgVolume,Symbol
2023,2023-01-29,2023-03-30,61380000.0,756533000.0,92799000.0,0.96,478558000.0,0.6325672509,2569628000.0,755852000.0,722786000.0,396855000.0,1813593000.0,207704000.0,858240000.0,3187288200.0,11.852783440489258,1.8212848521500296,0.5215035016741723,1.7729264459179839,0.034387541907931904,11.852783440489258,0.08120637373454062,2.7529905503130725,33.9317073965461,2.7554709122949994,0.0,1.338322805530948,0.0,0.2944134326058091,1.0008819342077082,0.0238867260163728,21.168518518518518,0.6325672508667831,-0.5,0.7446991480021045,0.33250460533812537,0.1768247120359816,0.026770024952744265,-0.5115546218487395,-0.3600819214299013,1.0011786970513734,0.4357833469783047,0.16137363847395,Semiconductors,Technology,27.11,1733893247,1657840,SMTC
2022,2022-01-30,2022-03-16,125664000.0,740858000.0,145017000.0,1.92,466081000.0,0.6291097619,1130911000.0,737584000.0,502295000.0,128399000.0,393136000.0,114003000.0,796860000.0,4493520200.0,11.406761312672048,3.9119852958356374,0.1553199146528772,0.2381464348467429,0.14043984812872848,11.406761312672048,0.1703724592724354,6.205599723563759,36.58540393430099,6.233145241762294,0.0,2.4102611334789437,0.0,0.6550984118113627,2.7345072780940662,0.11111749730969103,25.982910784324808,0.6291097619246874,1.1098901098901097,1.3261685562382286,0.3772946362882835,0.2330345195463693,0.282030757889583,1.0977914294776556,0.934695021079033,1.0335778566650147,0.20533574808984578,0.10247820714612992,Semiconductors,Technology,27.11,1733893247,1657840,SMTC
2021,2021-01-31,2021-03-24,59903000.0,595117000.0,74956000.0,0.91,363549000.0,0.6108865988,1082102000.0,698743000.0,474728000.0,109573000.0,383149000.0,87494000.0,671196000.0,4761779200.0,10.715602380076064,4.332527173665045,0.16927239761131577,0.26214216099481497,0.07999330661312991,10.715602380076064,0.08572966026135503,8.152136806711958,80.98885197736341,6.943146764976538,0.0,2.6466729147141517,0.0,0.549963866622555,3.0967847918739104,0.055357997674895715,56.28422664624809,0.6108865987696537,0.9361702127659576,4.2461921878091085,0.22234097872965125,0.3323605209887949,0.07979292155255373,0.8795456684760441,0.44121209790613164,0.6651669196538461,0.025082301384560222,0.06391766529268186,Semiconductors,Technology,27.11,1733893247,1657840,SMTC
2020,2020-01-26,2020-03-20,31871000.0,547512000.0,52009000.0,0.47,336684000.0,0.6149344672,1051748000.0,676269000.0,460736000.0,98641000.0,375233000.0,73010000.0,611607000.0,3238423680.0,10.205831308573412,4.670836670350058,0.18827323655476408,0.29280656070291555,0.04221369537654386,10.205831308573412,0.047127696227388806,6.094852131094844,104.70348216246745,4.934433901302588,0.0,2.887659224763731,0.0,0.5205733692861788,3.6014537565515354,0.030302886242712133,34.92051778987024,0.6149344671897602,-0.48913043478260876,0.1549513662797927,-0.006078330564906303,0.24219278119795934,-0.10699110396740774,-0.49456039076376557,-0.47186652720939914,-0.4242896587615016,-0.006738590551005366,0.1032178160998321,Semiconductors,Technology,27.11,1733893247,1657840,SMTC
2019,2019-01-27,2019-03-21,63056000.0,627196000.0,98477000.0,0.92,377022000.0,0.6011230938972825,1062881000.0,682681000.0,485304000.0,129914000.0,380200000.0,63679000.0,574930000.0,3036438100.0,10.346473280591676,3.7355789214403377,0.19862430507272216,0.309242530552337,0.11032518500920303,10.346473280591676,0.09236524819058975,5.002334357999732,49.75647202486678,4.595768887664956,0.0,3.9286735030386786,0.0,0.590090518129499,3.0123235371091646,0.0593255500850989,18.84226327389782,0.6011230938972825,0.7037037037037037,1.3920504521201444,0.07794046156599631,0.30278252905198155,0.0711734773603507,0.731071212869928,0.4326844739292365,4.457546513347028,0.27311812130909624,0.2864636108705555,Semiconductors,Technology,27.11,1733893247,1657840,SMTC
2018,2018-01-28,2018-03-22,36426000.0,587847000.0,68736000.0,0.54,351971000.0,0.5987459321898385,1085776000.0,665013000.0,461232000.0,126208000.0,420763000.0,71067000.0,502346000.0,2338490550.0,10.071834249625153,3.6545385395537524,0.2086286674231149,0.3406309350343527,0.04723432338307535,10.071834249625153,0.05477486906271005,4.116529556160021,66.43302997858672,3.638860518516179,0.0,3.3190651075745423,0.0,0.5414072515878045,2.861197388438134,0.03354835619870029,31.83060020519836,0.5987459321898385,-0.3493975903614457,-0.1343204888454495,0.012230109415807131,-0.046067159067764075,0.08344774088689967,-0.3336016538299702,-0.18250258679130837,0.3247350255063638,0.07095778540567592,0.22588346015446356,Semiconductors,Technology,27.11,1733893247,1657840,SMTC
2017,2017-01-29,2017-03-23,54661000.0,544272000.0,84081000.0,0.83,324862000.0,0.5968743569391775,1011542000.0,605263000.0,438428000.0,122975000.0,406279000.0,65872000.0,467941000.0,2109455700.0,9.250966726275085,3.565179914616792,0.23820661920117997,0.3981013212438229,0.07433836428305793,9.250966726275085,0.09030950181987003,3.978954824058559,39.61935749437442,3.5780044377402884,0.0,3.3308537770221034,0.0,0.5380616919514958,2.834519211221793,0.05403730146647396,25.570699711897227,0.5968743569391775,3.8823529411764697,-0.3895071970592779,0.1268046555586206,-0.04436662882539531,0.10832793149329603,3.754370705401409,1.8027934264475483,1.3427374667192362,-0.05664326397187127,0.1648411493450623,Semiconductors,Technology,27.11,1733893247,1657840,SMTC
2016,2016-01-31,2016-03-31,11497000.0,490219000.0,29999000.0,0.17,293110000.0,0.5979164414271989,911517000.0,528051000.0,341221000.0,103887000.0,383466000.0,63875000.0,413280000.0,1401096480.0,8.04256971838494,3.2845399328116125,0.2827659824227085,0.48810815621975906,0.021537638022303497,8.04256971838494,0.021772518184796544,2.7643981159440982,117.8707906410368,2.56634393268832,0.0,3.0858551859099803,0.0,0.5378056580403876,2.4636576279996536,0.012613039581269466,15.217972824256035,0.5979164414271989,-0.5853658536585366,-0.8495839305915495,0.024078238023454396,-0.05154837892530726,-0.10852453830993455,-0.5886141625219165,-0.2900821165724022,-0.7252291122032524,-0.151121341633271,-0.2382647301666971,Semiconductors,Technology,27.11,1733893247,1657840,SMTC
2015,2015-01-25,2015-03-30,27947000.0,557885000.0,42257000.0,0.41,328792000.0,0.5893544368463034,929431000.0,551358000.0,396688000.0,108041000.0,378073000.0,73668000.0,401783000.0,1860382040.0,8.21598021100316,3.671643172499329,0.27252480280946084,0.4593984307836288,0.0402154500304816,8.21598021100316,0.05068757504198724,3.2935408551941707,65.74648584821269,3.3325299351782323,0.0,3.1098034424716294,0.0,0.600243589895323,2.7732897696244945,0.030068934649263905,25.0653712570766,0.5893544368463034,1.168032786885246,25.448589226468115,0.7632275807666647,0.23073354983736186,-0.019149132934181756,1.169925698928654,1.3879743290762692,-0.6956867361118773,0.12605612169615,-0.1512816877565191,Semiconductors,Technology,27.11,1733893247,1657840,SMTC
2014,2014-01-26,2014-03-27,-164466000.0,594977000.0,-108917000.0,-2.44,335211000.0,0.563401610482422,948940000.0,535843000.0,393596000.0,110890000.0,413097000.0,60267000.0,373836000.0,1590340350.0,7.941826858946807,3.54942736044729,0.30752418487997135,0.5446035499204058,-0.16845282639435713,7.941826858946807,-0.3069294550829254,2.5912133578272774,-9.374049043571317,2.877171764863962,0.0,4.310252708779266,0.0,0.6269911690939364,2.791297682387952,-0.17331548886125572,19.947887096148122,0.563401610482422,-4.935483870967742,-4.979088339007577,0.8319984048683554,0.2867809991101872,0.06547429850101077,-4.92155273134791,-7.986785553916223,-3.0938700381855107,0.20950331576928843,-0.06342887629014508,Semiconductors,Technology,27.11,1733893247,1657840,SMTC
2013,2013-01-27,2013-03-28,41939000.0,578827000.0,15589000.0,0.62,314612000.0,0.5435337328770081,1171013000.0,694826000.0,405993000.0,157682000.0,476187000.0,74878000.0,538302000.0,2087077720.0,10.558221519852907,2.574758057355944,0.2824349516188121,0.4759968682806919,2.5602093756979847,10.558221519852907,0.06035899635304379,3.4199073643765754,47.2003319106321,2.8489646616562996,0.0,3.5286065332941585,0.0,0.4942959642634198,1.8855988635354701,0.03581429070386068,25.558543078849855,0.5435337328770081,-0.5303030303030303,-0.11410063312600646,1.051463426822797,1.0111820889412677,0.1014090917047384,-0.5292354664541403,-0.8334259397773172,39.47383826469855,0.8655267092913314,0.5815955147622247,Semiconductors,Technology,27.11,1733893247,1657840,SMTC
2012,2012-01-29,2012-03-29,89087000.0,480601000.0,93586000.0,1.32,285645000.0,0.5943495748032152,726321000.0,630188000.0,427312000.0,66982000.0,96133000.0,46995000.0,496363000.0,1643272270.0,9.680455920981888,6.3795049416261085,0.0,0.0,0.1404756388286679,9.680455920981888,0.14136575117266592,3.8915738211114834,20.99402011516832,2.967835423714828,0.0,4.148441323545058,0.0,0.6616922820626142,5.371398286106715,0.12265513457548384,24.848465084763777,0.5943495748032152,0.17857142857142852,2.181701068000303,1.1157005093066448,0.45598840335196367,0.06462397411910281,0.2275671057708207,0.18827293735239595,1.2339045613547235,0.533742363505385,0.5684837963711434,Semiconductors,Technology,27.11,1733893247,1657840,SMTC
2011,2011-01-31,2011-01-31,72572000.0,454502000.0,78758000.0,1.12,268306000.0,0.5903296355131551,659943000.0,528615000.0,353698000.0,93825000.0,131328000.0,47719000.0,407276000.0,1242153065.0,8.479683665121353,3.7697628563815613,0.0,0.0,0.1362937325090582,8.479683665121353,0.13728706147195974,2.994864852079859,18.75616029598192,2.5749781315324007,0.0,3.9019258576248452,0.0,0.6886988724783807,3.004167332800426,0.10996707291387287,19.939822820227352,0.5903296355131551,55.0,0.9888468538155404,1.2364117430924275,0.4202332478791671,0.7194032528869693,74.83281086729363,1.5474011061875343,0.6183068504040315,0.7004985134835607,0.6152519508245268,Semiconductors,Technology,27.11,1733893247,1657840,SMTC
2010,2010-01-31,2010-04-01,957000.0,286560000.0,30917000.0,0.02,156046000.0,0.5445491345616974,514294000.0,405741000.0,218814000.0,75028000.0,108553000.0,33819000.0,334704000.0,865123240.0,6.675677454383916,2.916431199019033,0.0,0.0,0.0021466046073364063,6.675677454383916,0.002358647511589906,3.30025558347292,988.2144618599791,2.3308495813831978,0.0,3.859191578698365,0.0,0.5571910230335178,2.2288079117129604,0.0018608033537237455,12.67009512070952,0.5445491345616974,-0.9672131147540983,-0.9801637582737742,0.37917707157547,0.16703148534137877,-0.022188524127905156,-0.9744942832014072,-0.26196557733164644,-0.9633918532127018,0.3511571258115898,0.004054874836439403,Semiconductors,Technology,27.11,1733893247,1657840,SMTC
2009,2009-01-25,2009-03-26,37521000.0,294820000.0,41891000.0,0.61,159587000.0,0.5413031680347331,420795000.0,378020000.0,313702000.0,33815000.0,42775000.0,27986000.0,333747000.0,580584610.0,6.171855867034564,9.277007245305338,0.0,0.0,0.09004202118916602,6.171855867034564,0.09925665308713824,2.4701533478054407,19.40914714426588,1.9264869848156183,0.0,4.832166083041521,0.0,0.7006261956534655,8.099009315392577,0.08916693401775211,10.5669144490554,0.5413031680347331,-0.1408450704225352,0.388185084712527,0.8436514080330088,0.1961313878394481,0.021180340037241566,-0.21476257246300987,-0.030009030495287935,0.04656807865253821,0.47650096829098415,0.033703054222972435,Semiconductors,Technology,27.11,1733893247,1657840,SMTC
TTM,,,,,,,,,,,,,,,,2949026247.0,11.46717977598398,2.144910833042782,0.5517271034198071,1.881689376122058,-0.09067833432311054,11.46717977598398,-0.0078684479651965,2.1922402648551125,-286.01743522033337,2.364138395804799,0.0,1.578434958777681,0.0,0.3163661628848363,0.9994350391921383,-0.002423576733663357,-36.64806490953669,0.5744516217128596,,,,,,,,,,,Semiconductors,Technology,27.11,1733893247,1657840,SMTC
