Quarters,Year,Quarter,FillingDate,Date,NetIncome,Revenue,OperatingIncome,EPSDiluted,GrossProfit,GrossProfitRatio,TotalAssets,CommonStockEquity,CurrentAssets,CurrentLiability,TotalLiability,Inventory,RetainedEarnings,MarketCap,EnterpriseValue,bookValuePerShare,currentRatio,debtToAssets,debtToEquity,roic,shareholdersEquityPerShare,roe,priceToSalesRatio,peRatio,pbRatio,payoutRatio,inventoryTurnover,dividendYield,assetTurnover,quickRatio,returnOnAssets,priceToFreeCashFlowsRatio,grossProfitMargin,epsdilutedGrowth,fiveYNetIncomeGrowthPerShare,fiveYRevenueGrowthPerShare,fiveYShareholdersEquityGrowthPerShare,grossProfitGrowth,netIncomeGrowth,operatingIncomeGrowth,threeYNetIncomeGrowthPerShare,threeYRevenueGrowthPerShare,threeYShareholdersEquityGrowthPerShare,Industry,Sector,Symbol
2024Q1,2024,Q1,2023-06-07,2023-04-30,-29410000.0,236539000.0,-11284000.0,-0.46,102946000.0,0.435217871,2500024000.0,733028000.0,664399000.0,309756000.0,1766815000.0,213234000.0,828825000.0,1230537000.0,2445670000.0,11.46717977598398,2.144910833042782,0.5517271034198071,1.881689376122058,-0.004936221831281931,11.46717977598398,-0.04012125048429255,5.202258401362989,-10.460192111526691,1.6787039512815336,0.0,0.6265089057092209,0.0,0.0946146916989597,0.9994350391921383,-0.01176388706668416,-11.836183678965796,0.4352178710487488,0.425,-3.464398822576127,0.8816349002185151,0.0969133104624211,0.02932618759561257,0.4232541721412743,0.7972654916545392,-4.131917923291563,0.8289100853070545,0.1370376678856816,Semiconductors,Technology,SMTC
2023Q4,2023,Q4,2023-03-30,2023-01-29,-50993000.0,167512000.0,-55659000.0,-0.8,100013000.0,0.5970497636,2569628000.0,755852000.0,722786000.0,396855000.0,1813593000.0,207704000.0,858240000.0,2085798239.9999998,3190358240.0,11.835337592383816,1.8212848521500296,0.5215035016741723,1.7729264459179839,-0.022478738470701635,11.835337592383816,-0.0674642654911279,12.451634748555326,-10.225904732022041,2.759532606912464,0.0,0.3249768901898856,0.0,0.06518920248378364,1.0008819342077082,-0.019844506675674455,-85.2076571755382,0.5970497635990257,-3.2222222222222228,-39.82192669735447,0.2369161867378009,0.1801291640178024,-0.1346035701615485,-3.2418447199507607,-2.4894431213037547,-11.017149624498321,0.255223943767514,0.15460951547464014,Semiconductors,Technology,SMTC
2023Q3,2023,Q3,2022-11-30,2022-10-30,22746000.0,177618000.0,37369000.0,0.36,115569000.0,0.650660406,1466851000.0,792412000.0,835232000.0,140093000.0,674254000.0,111083000.0,909253000.0,1765625160.0,1602937160.0,12.427263032432093,5.961982397407437,0.3102653234718455,0.5743388540304791,0.02344306265676293,12.427263032432093,0.028704764693114188,9.94057561733608,19.405886309680824,2.2281656007228565,0.0,0.5585823213272958,0.0,0.12108796326279901,4.984831504786106,0.015506687454963046,158.76496358241167,0.6506604060399284,-0.5555555555555556,0.7703429027241508,0.22675972517791237,0.23764253424509396,-0.14909548737658207,-0.5591689600372107,-0.19072678447678448,0.34562650816136853,0.3114190060181475,0.1978852262876685,Semiconductors,Technology,SMTC
2023Q2,2023,Q2,2022-08-31,2022-07-31,51598000.0,209254000.0,46176000.0,0.81,135819000.0,0.6490628614,1199832000.0,798858000.0,577086000.0,140129000.0,400786000.0,107628000.0,886507000.0,3712845000.0,3522612000.0,12.58044094488189,4.118248185600411,0.14328422645837083,0.21520345292905624,0.03853913200280015,12.58044094488189,0.06458970179931853,17.74324505146855,17.98928737547967,4.647690828657909,0.0,0.6823038614486936,0.0,0.1744027497182939,3.0918296712315083,0.043004353942885334,53.033066704756465,0.6490628614028884,0.37288135593220356,3.2531708819348872,0.4152393190789241,0.29289927325987575,0.04273222113886053,0.3560934584351757,-0.018617699566437135,9.07289220258202,0.5983158617903719,0.21361828351161416,Semiconductors,Technology,SMTC
2023Q1,2023,Q1,2022-06-01,2022-05-01,38049000.0,202149000.0,47052000.0,0.59,130253000.0,0.64434155,1115916000.0,734983000.0,495423000.0,110416000.0,380743000.0,106901000.0,834909000.0,3913100500.0,3819713500.0,11.493088350273652,4.486876901898276,0.16291279988816362,0.24734857813037853,0.04233853084087549,11.493088350273652,0.051768544306466956,19.357506096987866,25.710928670924336,5.324069400244631,0.0,0.6725474972170513,0.0,0.18115073177550997,3.093247355455731,0.034096652436204876,93.75839802568525,0.644341550044769,0.11320754716981121,2.3138413058643392,0.4472692945372208,0.22617302346336843,0.06678187372541954,0.09364490816590497,0.1035226793001548,1.958566486930032,0.5908237113412248,0.09281097858083528,Semiconductors,Technology,SMTC
2022Q4,2022,Q4,2022-03-16,2022-01-30,34791000.0,190550000.0,42638000.0,0.53,122099000.0,0.6407714511,1130911000.0,737584000.0,502295000.0,128399000.0,393136000.0,114003000.0,796860000.0,4570947900.0,4466999900.0,11.472942494050304,3.9119852958356374,0.1553199146528772,0.2381464348467429,0.03930182058770157,11.472942494050304,0.04716886483437819,23.98818105484125,32.845763990687246,6.197189608234451,0.0,0.6004315675903266,0.0,0.1684924808406674,2.7345072780940662,0.030763694048426445,106.5836846523341,0.6407714510627132,0.0,3.4348726046199785,0.3909746440253518,0.24566657624703597,-0.012854821366491766,0.01057309669735963,0.13932235998289869,1.6581619769685536,0.2137885709918647,0.10119449189686874,Semiconductors,Technology,SMTC
2022Q3,2022,Q3,2021-12-01,2021-10-31,34427000.0,194932000.0,37424000.0,0.53,123689000.0,0.6345238339523526,1121300000.0,718194000.0,496357000.0,123909000.0,402902000.0,105159000.0,762056000.0,5647775000.0,5546732000.0,11.126855266011837,4.005818786367414,0.15656470168554357,0.24444091707811538,0.03837043672956755,11.126855266011837,0.04793551603048758,28.973052141259515,41.01268626368839,7.863857119385569,0.0,0.6774788653372512,0.0,0.17384464460893606,2.832013816591208,0.030702755729956302,92.30049518704342,0.6345238339523526,0.06000000000000005,0.1360141559533319,0.4430229825495522,0.24485485595850787,0.07153129114976783,0.04536483162785048,0.020840152755046373,1.8943682230901855,0.14874923681870883,0.06002165208454085,Semiconductors,Technology,SMTC
2022Q2,2022,Q2,2021-09-01,2021-08-01,32933000.0,185004000.0,36660000.0,0.5,115432000.0,0.6239432660915439,1100004000.0,708417000.0,484849000.0,116366000.0,391381000.0,103031000.0,727629000.0,4025646200.0,3938425200.0,10.945705412462724,4.166586459962532,0.15948669277566263,0.24764510168445986,0.037988053664932304,10.945705412462724,0.04648815598722222,21.759779248016258,30.55936446725169,5.682594008895891,0.0,0.6752530791703468,0.0,0.1681848429642074,2.885026554148119,0.029938982040065308,87.43421658485731,0.6239432660915439,0.38888888888888895,2.7009481835408273,0.3733708401922436,0.2948629266942583,0.10080964324200609,0.4014042553191489,0.31073688726804677,0.33560613757128116,0.1570303883356534,0.028179261786814066,Semiconductors,Technology,SMTC
2022Q1,2022,Q1,2021-06-02,2021-04-30,23500000.0,170372000.0,27969000.0,0.36,104861000.0,0.6154825910360857,1069617000.0,704277000.0,461362000.0,96512000.0,365132000.0,93919000.0,694696000.0,4409128860.0,4326225860.0,10.820215397378973,4.780358919098143,0.16390539791345873,0.24893046343981132,0.027977354413129776,10.820215397378973,0.033367552823675914,25.879421853356185,46.90562617021276,6.260503835848678,0.0,0.6975265920633738,0.0,0.15928318267192837,3.364731846816976,0.021970481022646423,164.36640671015843,0.6154825910360857,0.5,2.4151092530834846,0.3002094155584096,0.30541300547049843,0.04364226282893427,0.5010219724067451,0.4759366754617414,0.9339274329197188,0.3310279291217914,0.03502679153183368,Semiconductors,Technology,SMTC
2021Q4,2021,Q4,2021-03-24,2021-01-31,15656000.0,164673000.0,18950000.0,0.24,100476000.0,0.6101546701645079,1082102000.0,698743000.0,474728000.0,109573000.0,383149000.0,87494000.0,671196000.0,4838604000.0,4752883000.0,10.744107019297301,4.332527173665045,0.16927239761131577,0.26214216099481497,0.020186100994650676,10.744107019297301,0.022405948968361757,29.38310469840229,77.26437148696986,6.924726258438368,0.0,0.7337303129357442,0.0,0.15217881493611507,3.0967847918739104,0.014468137014810064,296.3378245957864,0.6101546701645079,-0.14285714285714296,11.53543390274893,0.3862123548619124,0.32119406116274934,0.06820042312967117,-0.15313463514902365,-0.1178661204729541,13.30758148791123,0.19405881255883053,0.07132001396905631,Semiconductors,Technology,SMTC
2021Q3,2021,Q3,2020-12-02,2020-10-25,18487000.0,154082000.0,21482000.0,0.28,94061000.0,0.610460663802391,1047972000.0,676391000.0,447746000.0,105873000.0,371346000.0,78367000.0,655540000.0,3643056480.0,3563860480.0,10.384288258413166,4.229085791467135,0.17469455290790212,0.2706644529569435,0.02301039373009462,10.384288258413166,0.027331824344203278,23.643621448319728,49.265111700113586,5.386021517140234,0.0,0.765896359437008,0.0,0.14702873740901473,3.0316605744618554,0.01764073849301317,171.7693658352586,0.610460663802391,0.16666666666666682,0.7266075663948289,0.3300842300801393,0.3032697661013524,0.0658349480459145,0.14648062015503877,0.1453401578161655,0.4085532457707601,0.04178694080185803,0.034180800948157015,Semiconductors,Technology,SMTC
2021Q2,2021,Q2,2020-08-26,2020-07-26,16125000.0,143660000.0,18756000.0,0.24,88251000.0,0.6143046081024641,1054031000.0,677493000.0,453871000.0,102072000.0,376298000.0,77548000.0,637053000.0,3514861420.0,3438250420.0,10.409516931964845,4.446576926091386,0.19434437886551723,0.30235736752999665,0.021381792772315895,10.409516931964845,0.023800983921605096,24.466528052345815,54.49397550387597,5.188040939168376,0.0,0.7145123020580801,0.0,0.13629580154663382,3.2636570264127283,0.015298411526795702,116.20144869082253,0.6143046081024641,0.6,53.179311945457364,0.15744959840699935,0.3436342520479157,0.09274278426468222,0.6735858847950181,0.18949771689497716,0.29681843600309155,-0.052036821686861925,0.06979214284210236,Semiconductors,Technology,SMTC
2021Q1,2021,Q1,2020-05-27,2020-04-26,9635000.0,132702000.0,15768000.0,0.15,80761000.0,0.6085891697186177,1023350000.0,661474000.0,432304000.0,91626000.0,361633000.0,76933000.0,620928000.0,2923957620.0,2862447620.0,10.085136227111253,4.718136773404929,0.20270386475790297,0.3135981157233693,0.015607187514880638,10.085136227111253,0.014565954217399323,22.034013202513904,75.8681271406331,4.420366665961172,0.0,0.675145906178103,0.0,0.12967410954218986,3.4749743522580925,0.00941515610494943,158.8157959915268,0.6085891697186177,2.7499999999999996,70.01489568308324,0.03757546290487156,0.2559425745318247,-0.041719567616312875,3.1957611668185963,9.661257606490873,-0.18181838185093613,-0.0736720706187483,0.07596162169435633,Semiconductors,Technology,SMTC
2020Q4,2020,Q4,2020-03-20,2020-01-26,-4388000.0,138001000.0,1479000.0,0.04,84277000.0,0.6106984731994696,1052433000.0,676954000.0,460736000.0,98641000.0,375233000.0,73010000.0,611607000.0,3325824760.0,3230516760.0,10.25051104616829,4.670836670350058,0.18815069462854167,0.2925102739624849,0.004629540687631622,10.25051104616829,-0.006481976618795369,24.10000478257404,-189.48409070191428,4.912925782254038,0.0,0.7358444048760444,0.0,0.1311256868608263,3.6014537565515354,-0.0041693865547735584,78.05634528726999,0.6106984731994696,-0.8461538461538461,0.712714703733121,0.0699089687719137,0.24121690258476974,-0.02285270383081347,-1.249332348428888,-0.9332731784344688,-1.5445075244790014,-0.019346633930589285,0.11294195070571848,Semiconductors,Technology,SMTC
2020Q3,2020,Q3,2019-12-04,2019-10-27,17599000.0,141011000.0,22165000.0,0.26,86248000.0,0.6116402266489849,1039139000.0,688721000.0,440031000.0,101147000.0,350167000.0,70108000.0,611189000.0,3393703440.0,3308063440.0,10.374335336737614,4.350410788258673,0.18998132107446647,0.2866429221702257,0.020915339809107633,10.374335336737614,0.025553163036991757,24.066941160618676,48.208753906471955,4.927544593529165,0.0,0.7811234095966224,0.0,0.13569984381300287,3.4059438243348787,0.016936136551510432,114.06639688088195,0.6116402266489849,2.25,0.01029621737227285,-0.04186205581335732,0.24533707101743643,0.016068988266339946,2.279724189340291,0.42558528428093645,-0.4353766361753947,0.014914347295681736,0.16066412409700356,Semiconductors,Technology,SMTC
2020Q2,2020,Q2,2019-08-28,2019-07-28,5366000.0,137146000.0,15548000.0,0.08,84884000.0,0.6189316494830327,1056314000.0,689540000.0,453257000.0,110577000.0,366774000.0,75060000.0,593590000.0,3570074730.0,3484221730.0,10.36606082472677,4.099016974596887,0.19121776290004677,0.2929286190793863,0.006400160657174339,10.36606082472677,0.007781999593932187,26.031198357954295,166.32849096161016,5.1774729964904145,0.0,0.69626965094591,0.0,0.1298344999687593,3.1334002550259097,0.0050799288847823655,112.56029038055301,0.6189316494830327,-0.6,-0.697084550156572,-0.049233917270240034,0.2520797525398741,0.04440479852353122,-0.5963592598164585,0.21307638292892253,-0.41327865793907487,-0.009420453718809403,0.22629171460374467,Semiconductors,Technology,SMTC
2020Q1,2020,Q1,2019-05-29,2019-04-28,13294000.0,131354000.0,12817000.0,0.2,81275000.0,0.618747811258127,1053410000.0,695226000.0,457047000.0,103330000.0,358184000.0,73480000.0,588224000.0,3557771100.0,3477020100.0,10.516995688677104,4.423178167037646,0.1960784499862352,0.29709907281948605,0.01709732520739264,10.516995688677104,0.019121839516934063,27.08536550086027,66.90557958477508,5.117431022430116,0.0,0.6815323897659227,0.0,0.12469408872139053,3.4236039872253943,0.0126199675340086,-417.72585417400495,0.618747811258127,0.0,0.7203914634539481,0.006544726590737208,0.3143559262557225,-0.17793601505052242,-0.0034482758620689655,-0.5212356654588921,0.9022417255826102,-0.012966990114867698,0.26883083619591275,Semiconductors,Technology,SMTC
2019Q4,2019,Q4,2019-03-21,2019-01-27,13340000.0,160006000.0,26771000.0,0.2,98867000.0,0.6178955789157906,1062881000.0,682681000.0,485304000.0,129914000.0,380200000.0,63679000.0,574930000.0,3115713750.0,3014707750.0,10.418634109118656,3.7355789214403377,0.19862430507272216,0.309242530552337,0.015334110645418871,10.418634109118656,0.019540605348618168,19.47248071947302,58.39043759370314,4.563937988606685,0.0,0.9601124389516167,0.0,0.1505399005156739,3.0123235371091646,0.012550793550736159,72.3339775734782,0.6178955789157906,0.11111111111111122,1.0652098860667578,0.30308795677303896,0.3128797631955984,-0.07221148251722002,0.09658857377722976,-0.360570377624382,9.601187191112924,0.33685329585210416,0.2811709233417053,Semiconductors,Technology,SMTC
2019Q3,2019,Q3,2018-11-28,2018-10-28,12165000.0,173550000.0,41867000.0,0.18,106562000.0,0.614013252664938,1084384000.0,692937000.0,486434000.0,120633000.0,391447000.0,61159000.0,561589000.0,2846523680.0,2749960680.0,10.496818856606174,4.0323460412988155,0.1988898766488624,0.311244745193286,0.05234303897201118,10.496818856606174,0.017555708527615066,16.40174981273408,58.49822605836415,4.10791122425271,0.0,1.0953089488055723,0.0,0.16004478118452503,3.283148060646755,0.011218350694956768,58.22183387535538,0.614013252664938,-0.5135135135135135,0.003183829288834153,0.2637693779264341,-0.05460171472654316,0.06430026766809156,-0.5166673288569271,0.2711622540684965,0.12104836081787793,0.4782125719018183,0.31739280686607957,Semiconductors,Technology,SMTC
2019Q2,2019,Q2,2018-08-29,2018-07-29,25169000.0,163211000.0,32936000.0,0.37,100124000.0,0.6134635533144213,1108770000.0,703288000.0,478296000.0,115915000.0,405482000.0,58893000.0,549404000.0,3124779900.0,3032738900.0,10.64571696713743,4.126264935513092,0.19778042335200266,0.31181109303727633,0.028758019378634918,10.64571696713743,0.03578761474673249,19.145645207737225,31.03798224005721,4.443101403692371,0.0,1.0712138963883653,0.0,0.14720005050641702,3.3620325238321183,0.02269992874987599,70.29559749842527,0.6134635533144213,1.0555555555555556,0.3478394439084167,0.012319258662475022,-0.04088882801807071,0.4009430662245169,1.0327087707963172,11.634807878592186,81.2380804188315,0.2954826380519746,0.37412235823642287,Semiconductors,Technology,SMTC
2019Q1,2019,Q1,2018-05-30,2018-04-29,12382000.0,130429000.0,-3097000.0,0.18,71469000.0,0.5479532925959718,1098805000.0,693354000.0,467392000.0,114407000.0,405451000.0,65458000.0,524238000.0,2606533200.0,2526094200.0,10.454043785055184,4.085344428225546,0.20286584061776203,0.3214952246615726,0.00823157053015218,10.454043785055184,0.017858121536761886,19.984307170951247,52.6274672912292,3.759310828234927,0.0,0.9007302392373736,0.0,0.11870077038236994,3.2246016415079497,0.011268605439545689,86.61305243570146,0.5479532925959718,9.999999999999998,-0.15409164124102726,-0.18924766053368441,-0.027398387792119935,-0.16313626304141637,10.546646106399383,-1.2210721678920693,88.70860738279262,0.008501823681885482,0.30188411638654117,Semiconductors,Technology,SMTC
2018Q4,2018,Q4,2018-03-22,2018-01-28,-1297000.0,140614000.0,14009000.0,-0.02,85401000.0,0.6073435077588292,1085776000.0,665013000.0,461232000.0,126208000.0,420763000.0,71067000.0,502346000.0,2430261500.0,2348862500.0,10.028849343990348,3.6545385395537524,0.2086286674231149,0.3406309350343527,-0.0018109520707947184,10.028849343990348,-0.00195033781294501,17.283211486765186,-468.4389938319198,3.6544571309132303,0.0,0.7769147424261612,0.0,0.12950553336968215,2.861197388438134,-0.0011945373631393585,81.03032475326754,0.6073435077588292,-1.0999999999999999,-1.0989627335180554,-0.06546779378157035,-0.04202669472647334,-0.044934521745937664,-1.0972409656620183,-0.20308322430172365,0.9154290189252349,0.08574483029123522,0.21437626506340265,Semiconductors,Technology,SMTC
2018Q3,2018,Q3,2017-11-29,2017-10-29,13338000.0,150304000.0,17579000.0,0.2,89419000.0,0.5949209601873536,1070957000.0,664659000.0,449845000.0,118421000.0,406298000.0,71249000.0,503642000.0,2634521200.0,2573532200.0,10.041076230474062,3.798692799419022,0.2148881794507156,0.34624672200331297,0.015822765214591406,10.041076230474062,0.02006743307470447,17.527951351926763,49.37998950367371,3.963718538378326,0.0,0.8545383093096044,0.0,0.14034550406785706,3.0195742309218803,0.01245428154445043,138.74663998314725,0.5949209601873536,0.05263157894736847,-0.1984265658710129,-0.06852142913560737,-0.028236396755122753,-0.03054122034780346,0.06160458452722063,-0.0695003175947491,-0.23208019807950142,0.024259506246253542,0.2053325882420945,Semiconductors,Technology,SMTC
2018Q2,2018,Q2,2017-08-30,2017-07-30,12564000.0,153127000.0,18892000.0,0.19,92236000.0,0.6023496835959694,1061382000.0,639901000.0,438830000.0,128393000.0,421481000.0,74975000.0,490304000.0,2604214800.0,2560105800.0,9.73041071727263,3.417865459954982,0.22022702476582418,0.3652830672244613,0.01630877884832831,9.73041071727263,0.01963428717879797,17.00689493035193,51.81898280802292,4.069715159063668,0.0,0.8121507169056352,0.0,0.1442713368042797,2.6409072145677723,0.0118373969032827,119.13150960658737,0.6023496835959694,0.05555555555555561,0.2502868944924424,0.013358568730439495,-0.02902561867834335,0.08621562739209798,0.06285424244987733,0.034837861524978087,-0.2825976765407087,0.07375797887546319,0.1753018286302773,Semiconductors,Technology,SMTC
2018Q1,2018,Q1,2017-05-31,2017-04-30,11821000.0,143802000.0,18256000.0,0.18,84915000.0,0.5904994367254975,1007252000.0,617118000.0,435663000.0,105301000.0,390134000.0,76750000.0,477740000.0,2291197200.0,2246999200.0,9.373137502088428,4.1373111366463755,0.2356431161218841,0.3846136395308515,0.016212549886602017,9.373137502088428,0.019155169675815646,15.93299954103559,48.456078165975796,3.7127375963754092,0.0,0.767257328990228,0.0,0.1427666562091711,3.204736897085498,0.011735891316175098,441.97476851851854,0.5904994367254975,0.5,4.306018094223304,0.22241928791223475,-0.04531883844557921,0.016970466358475652,0.4741239556054371,0.1942173088244914,0.5359493887555917,0.10638374187163721,0.17140285953937937,Semiconductors,Technology,SMTC
2017Q4,2017,Q4,2017-03-23,2017-01-29,8019000.0,140031000.0,15287000.0,0.12,83498000.0,0.5962822517871043,1011542000.0,605263000.0,438428000.0,122975000.0,406279000.0,65872000.0,467941000.0,2175199600.0,2119021600.0,9.210283644774485,3.565179914616792,0.23820661920117997,0.3981013212438229,0.01317661856391433,9.210283644774485,0.013248786064900712,15.533700394912556,67.81392941763313,3.5938089722979925,0.0,0.8582250425066796,0.0,0.1384332039598949,2.834519211221793,0.00792750078592881,158.17332751599767,0.5962822517871043,-0.7391304347826088,-0.3611512404538051,0.3284226795263172,-0.052120706732762284,0.03001295256892617,-0.7394398232388875,-0.6090181334560987,1.0390853255817392,0.13709712518629366,0.16061231096815215,Semiconductors,Technology,SMTC
2017Q3,2017,Q3,2016-11-30,2016-10-30,30776000.0,137185000.0,39099000.0,0.46,81065000.0,0.5909173743485074,1001049000.0,585895000.0,438710000.0,117782000.0,415154000.0,62679000.0,459922000.0,1586285800.0,1536235800.0,8.938275183450548,3.7247626971863275,0.24762923693045993,0.4230945817936661,0.03951894932200868,8.938275183450548,0.05252818337756765,11.563114043080512,12.885737262802182,2.7074574795825193,0.0,0.8953557012715583,0.0,0.13704124373532164,3.0321441306821075,0.03074374980645303,51.467694104668894,0.5909173743485074,2.2857142857142856,0.13884218325316794,0.10498997983514677,-0.06470148260108376,-0.008682360134515439,2.427934952105146,1.3801667985633408,1.5559394503978448,0.00605057990335477,-0.1949722913987138,Semiconductors,Technology,SMTC
2017Q2,2017,Q2,2016-08-31,2016-07-31,8978000.0,135911000.0,16427000.0,0.14,81775000.0,0.6016805115112095,948670000.0,551984000.0,380443000.0,111423000.0,396686000.0,62483000.0,429146000.0,1663818520.0,1672660520.0,8.45317692460834,3.4144027714206224,0.261132954557433,0.44879742891098295,0.01293799407307401,8.45317692460834,0.016264964201860924,12.241970995725143,46.33043328135442,3.014251355111743,0.0,0.8664116639726005,0.0,0.1432647812200238,2.6551071143300753,0.009463775601631759,57.31178808859495,0.6016805115112095,0.2727272727272728,-0.6679159232892053,0.047393387674834024,-0.1036198024734193,0.0414013549997453,0.3036155074778568,0.23818497022687873,-0.5135888036069595,-0.14714648753868356,-0.23842269598571025,Semiconductors,Technology,SMTC
2017Q1,2017,Q1,2016-06-01,2016-05-01,6887000.0,131145000.0,13267000.0,0.11,78524000.0,0.5987571009188303,924748000.0,539961000.0,349967000.0,101643000.0,384787000.0,62534000.0,420167000.0,1417533440.0,1453756440.0,8.288729583691515,3.4430998691498678,0.27277917876005137,0.4671670731775073,0.01021386181380991,8.288729583691515,0.012754624871055503,10.80890190247436,51.45685494409758,2.625251527425129,0.0,0.8414782358397032,0.0,0.1418170139324443,2.6092008303572305,0.007447434328054778,127.84392496392496,0.5987571009188303,4.5,-0.6977940848820557,0.061960856421812864,-0.06924617936082861,0.1290294751976995,4.522854851643945,3.213083518577326,-0.5209742179512986,-0.17003061620882448,-0.22885039301459528,Semiconductors,Technology,SMTC
2016Q4,2016,Q4,2016-03-31,2016-01-31,1247000.0,118609000.0,3149000.0,0.02,69550000.0,0.5863804601674409,911517000.0,528051000.0,341221000.0,103887000.0,383466000.0,63875000.0,413280000.0,1340237760.0,1386173760.0,8.132118766747775,3.2845399328116125,0.2827659824227085,0.48810815621975906,0.013185285491852427,8.132118766747775,0.002361514323427093,11.299629539073763,268.6924137931034,2.538083935074453,0.0,0.7680469667318982,0.0,0.13012264170607898,2.4636576279996536,0.0013680490874004544,41.70129002146924,0.5863804601674409,-0.8750000000000001,-0.9538467578582014,-0.018231284820885554,-0.03861884719433115,-0.0004886180731202575,-0.8835014947683109,-0.8333686104349667,-0.9028360791904607,-0.19501048122867054,-0.22320573112143677,Semiconductors,Technology,SMTC
2016Q3,2016,Q3,2015-12-04,2015-10-25,10704000.0,115810000.0,18898000.0,0.16,69584000.0,0.6008462136257663,901042000.0,518844000.0,339788000.0,95905000.0,382198000.0,71550000.0,412033000.0,1122617080.0,1192640080.0,7.967873212832287,3.542964391846098,0.2911984125046335,0.5057049903246448,0.016025977603666697,7.967873212832287,0.020630478525337094,9.693610914428806,26.219569319880417,2.163689047189521,0.0,0.6460656883298392,0.0,0.12852896979275105,2.5782597361972788,0.011879579420271198,68.41471631421781,0.6008462136257663,34.69839932603202,-0.3621444173634832,-0.09731379042908243,0.014910288572091474,-0.07928442891923362,35.198083067092654,5.159713168187745,-0.34608252370659787,-0.27042048253979045,-0.2288785578580673,Semiconductors,Technology,SMTC
2016Q2,2016,Q2,2015-09-04,2015-07-26,-313000.0,125712000.0,3068000.0,-0.004748,75576000.0,0.6011836578846889,949905000.0,510701000.0,376950000.0,125173000.0,439204000.0,80291000.0,401329000.0,1174694400.0,1241111400.0,7.7472845873786405,3.0114321778658337,0.2937335838847043,0.546345121705264,-0.00094628820814391,7.7472845873786405,-0.0006128830763989105,9.344329896907217,-938.2543130990416,2.300160759426749,0.0,0.6244286408190208,0.0,0.1323416552181534,2.189857237583185,-0.00032950663487401374,38.3310839913855,0.6011836578846889,-1.2301550023485204,-1.014956210349321,0.04311371108524058,0.05248830042318071,-0.03602040816326531,-1.204225352112676,-0.37182637182637185,-1.031073523866426,-0.1700488635473435,-0.22691702562980148,Semiconductors,Technology,SMTC
2016Q1,2016,Q1,2015-06-05,2015-04-26,-142000.0,130088000.0,4884000.0,-0.002129,78400000.0,0.6026689625484287,986680000.0,535701000.0,399098000.0,132895000.0,450979000.0,75033000.0,401640000.0,1563752720.0,1635906720.0,8.029934195733965,3.003107716618383,0.2874873312522804,0.5295080651333487,-0.0003310236653258604,8.029934195733965,-0.0002650732404830306,12.020729967406679,-2753.085774647888,2.9190774704546008,0.0,0.6888702304319433,0.0,0.13184416426805043,2.2374731931223897,-0.00014391697409494466,158.65997564935066,0.6026689625484287,0.9907434782608696,-1.0121027346834535,0.17556769187935006,0.14924515507859754,0.07160919068902831,0.9908037044232887,1.354967657533251,-1.0629036156222715,0.09135303242156884,-0.18212797972068595,Semiconductors,Technology,SMTC
2015Q4,2015,Q4,2015-03-30,2015-01-25,-15441000.0,130394000.0,-13759000.0,-0.23,73161000.0,0.5610764298970812,929431000.0,551358000.0,396688000.0,108041000.0,378073000.0,73668000.0,401783000.0,1827970940.0,1850935940.0,8.258436559171997,3.671643172499329,0.27252480280946084,0.4593984307836288,-0.017989431707303875,8.258436559171997,-0.028005397581970334,14.018827093271163,-29.59605822161777,3.3153975094221897,0.0,0.776904490416463,0.0,0.14029443821004464,2.7732897696244945,-0.01661339034312391,349.18260553963705,0.5610764298970812,-1.8846153846153846,-2.4881992356487914,0.40131447178764573,0.24159163138428652,-0.18096634798378972,-1.8761845315780514,-1.603200350723367,-2.2108449722182444,0.21760094574751354,-0.1500803546217017,Semiconductors,Technology,SMTC
2015Q3,2015,Q3,2014-12-05,2014-10-26,17623000.0,148890000.0,22810000.0,0.26,89326000.0,0.5999462690576935,941857000.0,559496000.0,394585000.0,110486000.0,382361000.0,60459000.0,417224000.0,1621290680.0,1641732680.0,8.330544057651649,3.571357457053382,0.26854182747487143,0.4520640004575547,0.022945263996526084,8.330544057651649,0.031497991049087036,10.889184498623145,22.99964081030472,2.897769921500779,0.0,0.9851965795001572,0.0,0.1580813223238772,2.813107543037127,0.018710908343835635,78.72253848021364,0.5999462690576935,0.0,1.7666965765281277,0.8004191847110601,0.3059573233149504,0.012525362442048946,-0.01536484523410437,0.034138822142630455,-0.3635362645955319,0.1704683975381703,-0.12829429097526665,Semiconductors,Technology,SMTC
2015Q2,2015,Q2,2014-09-05,2014-07-27,17898000.0,145742000.0,22057000.0,0.26,88221000.0,0.6053231052133222,934356000.0,556420000.0,387823000.0,104231000.0,377936000.0,54479000.0,399601000.0,1542423600.0,1561317600.0,8.279073919771456,3.7208028321708513,0.27565617387805075,0.4628895438697387,0.02410029566641673,8.279073919771456,0.03216634916070594,10.583247107903007,21.544636272209186,2.772049171489163,0.0,1.0558380293324032,0.0,0.15598123199294486,2.9466761328203703,0.019155439682519298,49.6195464050185,0.6053231052133222,1.1666666666666667,1.1711246070051342,0.978080694622895,0.24808054941782023,0.12982173044413708,1.2750730901232998,0.9783837115436362,-0.3567815201716167,0.09125313322283977,-0.12208179460460702,Semiconductors,Technology,SMTC
2015Q1,2015,Q1,2014-06-06,2014-04-27,7867000.0,132859000.0,11149000.0,0.12,78084000.0,0.5877208168057866,935256000.0,538510000.0,380141000.0,97510000.0,396746000.0,55296000.0,381703000.0,1631352000.0,1677390000.0,8.001634472511144,3.898482206953133,0.3070731436098779,0.5333085736569423,0.011200313626822257,8.001634472511144,0.014608828062617221,12.278821908941058,51.84161688064065,3.029381069989415,0.0,0.9905779803240741,0.0,0.14205629260865474,3.1061019382627424,0.00841160067404005,99.5333740085418,0.5877208168057866,1.0384615384615385,0.4265007624812911,0.9821485999851453,0.24931173874284904,0.4512405910231391,1.037318318090395,1.0668738041111585,-0.665850061647543,0.04137490645302519,-0.10148451804951211,Semiconductors,Technology,SMTC
2014Q4,2014,Q4,2014-03-27,2014-01-26,-210808000.0,126534000.0,-166717000.0,-3.12,53805000.0,0.4252216795485798,948940000.0,535843000.0,393596000.0,110890000.0,413097000.0,60267000.0,373836000.0,1542900550.0,1591528550.0,7.9357107948402765,3.54942736044729,0.30752418487997135,0.5446035499204058,-0.2519246967871009,7.9357107948402765,-0.39341374245814537,12.193564970679818,-1.8297462027057798,2.8793892054202446,0.0,1.2067798297575787,0.0,0.13334246633085337,2.791297682387952,-0.22215103167745062,66.4012975555173,0.4252216795485798,-18.333333333333336,-31.169713216637724,0.8113201781636296,0.2721656900886745,-0.3549411948064404,-17.92829037179796,-13.568186958160572,-8.503143908595009,0.007208098140900772,-0.0618382476812929,Semiconductors,Technology,SMTC
2014Q3,2014,Q3,2013-12-06,2013-10-27,12453000.0,141026000.0,13265000.0,0.18,83411000.0,0.5914583126515678,1175691000.0,752699000.0,419553000.0,101156000.0,422992000.0,72356000.0,584644000.0,2075791040.0,2134849040.0,11.103065258437574,4.147583929771837,0.252150437487401,0.39385066274832303,0.014073146211573866,11.103065258437574,0.016544461996096712,14.7192080892885,41.672509435477394,2.7577969945489498,0.0,0.7962712145502792,0.0,0.11995158591840883,3.079787654711535,0.010592068834413123,95.42111979406086,0.5914583126515678,-0.3571428571428572,-0.022749828678185036,0.5978409270569252,0.8371348219673093,-0.17175398180879373,-0.3484198409376308,-0.457619495440978,-0.2872024702988714,0.05585886695523731,0.4142563347177135,Semiconductors,Technology,SMTC
2014Q2,2014,Q2,2013-09-06,2013-07-28,19112000.0,165010000.0,24457000.0,0.28,100708000.0,0.6103145263923399,1189650000.0,750486000.0,429490000.0,114298000.0,439164000.0,78214000.0,572191000.0,2056817880.0,2120299880.0,11.099565178809122,3.757633554392903,0.25263060564031437,0.40046316653475217,0.03252128514150669,11.099565178809122,0.025466164592011044,12.464807466214168,26.904796462955215,2.7406479001606963,0.0,0.822129030608331,0.0,0.13870466103475812,2.7791824878825526,0.016065229269112764,71.55642499304203,0.6103145263923399,0.2727272727272728,0.49859560460668706,0.9358168356084866,0.8398267651261484,0.03516399930103714,0.2933613047303242,0.21809941229206095,-0.10964350079420862,0.3348908367211571,0.5079041383755195,Semiconductors,Technology,SMTC
2014Q1,2014,Q1,2013-06-07,2013-04-28,14777000.0,162407000.0,20078000.0,0.22,97287000.0,0.5990320614259238,1185114000.0,719679000.0,420547000.0,140293000.0,465435000.0,76563000.0,553079000.0,2122505200.0,2217364200.0,10.748536352231316,2.997633524124511,0.2744773920483599,0.4519890117677465,0.018665808109193393,10.748536352231316,0.02053276530230839,13.06904997937281,35.90893280097448,2.9492387578350905,0.0,0.8505413842195316,0.0,0.13703913716317587,2.2142373461256084,0.012468842659862258,597.3839572192513,0.5990320614259238,0.15789473684210525,0.6763913625636064,0.9990067827567,0.8070033876496712,0.10607455915958934,0.1264674493062967,0.6146361077603538,0.2548806187072933,0.46229878522735496,0.5383318251288534,Semiconductors,Technology,SMTC
2013Q4,2013,Q4,2013-03-28,2013-01-27,13118000.0,150603000.0,12435000.0,0.19,87957000.0,0.5840321905938128,1171013000.0,694826000.0,405993000.0,157682000.0,476187000.0,74878000.0,538302000.0,1996439680.0,2103982680.0,10.468819213210589,2.574758057355944,0.2824349516188121,0.4759968682806919,0.019884570839808047,10.468819213210589,0.018879546821794234,13.256307510474558,38.04771459063881,2.8732944363049167,0.0,0.8366409359224338,0.0,0.1286091614695994,1.8855988635354701,0.0112022667553648,68.75502565692048,0.5840321905938128,-0.24,-0.1554134105619796,0.8327192763605396,0.9063692467634206,-0.09128759311107208,-0.20928270042194091,-0.3649456105408304,0.27177640430244854,0.6280551202321152,0.5739054520145754,Semiconductors,Technology,SMTC
2013Q3,2013,Q3,2012-12-07,2012-10-28,16590000.0,160878000.0,19581000.0,0.25,96793000.0,0.6016546699983839,1204673000.0,681926000.0,420482000.0,153395000.0,522747000.0,73825000.0,525184000.0,1645280280.0,1776494280.0,10.332838353839627,2.7411714853808795,0.27905331986356463,0.49296844525652345,0.022253831706417513,10.332838353839627,0.024328152908086802,10.226881736471114,24.793253164556962,2.4126962163049948,0.0,0.8680663731798172,0.0,0.13354495369282784,1.8434433977639428,0.013771371982272367,34.814852088535275,0.6016546699983839,0.6666666666666667,0.003091419024162079,0.977499318329523,0.6636864421455418,0.2987990607178799,0.6553582119337458,6.212154696132597,1.7345072305450957,0.9797518942997796,0.6198516958123427,Semiconductors,Technology,SMTC
2013Q2,2013,Q2,2012-09-07,2012-07-29,10022000.0,150704000.0,2715000.0,0.15,74525000.0,0.4945124217008175,1169298000.0,657266000.0,380032000.0,110107000.0,512032000.0,75951000.0,508594000.0,1574743870.0,1750508870.0,10.021284705810602,3.4514790158663846,0.2921607665453973,0.5197636877611196,-0.020683366463877133,10.021284705810602,0.015248012220318715,10.449250650281346,39.28217596288167,2.3959003964909185,0.0,1.0030019354583877,0.0,0.12888416810770223,2.208233808931312,0.008570954538535087,89.88264098173516,0.4945124217008175,4.0,0.13450101156124106,1.2955791086520922,0.8449121051816213,0.34674810705314707,3.5368945224083297,1.1418347090168217,0.2457699464389123,1.0959806274415052,0.5107209625984065,Semiconductors,Technology,SMTC
2013Q1,2013,Q1,2012-06-08,2012-04-29,2209000.0,116642000.0,-19142000.0,0.03,55337000.0,0.47441744826048937,1172464000.0,640944000.0,352882000.0,111911000.0,531520000.0,95960000.0,498571000.0,1779587320.0,1987762320.0,9.818081553873963,3.1532378407841946,0.2960227350264059,0.5415075263985621,0.002060439590827504,9.818081553873963,0.0034464789435582517,15.25683133005264,201.401914893617,2.7765098354926483,0.0,0.6388599416423509,0.0,0.09948450442828095,1.8937816657879922,0.0018840663764516437,-108.75014177462722,0.47441744826048937,-0.8421052631578947,-0.6911931727283971,1.1352326066537979,0.43761743694764693,-0.07252279431482972,-0.8216822731675816,-2.605737773676705,-0.5870664337579405,0.7939973679101853,0.5329173782340993,Semiconductors,Technology,SMTC
2012Q4,2012,Q4,2012-03-29,2012-01-29,12388000.0,104032000.0,11921000.0,0.19,59664000.0,0.5735158412796063,726321000.0,630188000.0,427312000.0,66982000.0,96133000.0,46995000.0,496363000.0,1863312880.0,1636290880.0,9.716726285925743,6.3795049416261085,0.0,0.0,0.018987081452525513,9.716726285925743,0.019657625978279497,17.910958935712088,37.603182111721026,2.956757158181368,0.0,0.9441004362166188,0.0,0.14323143623824727,5.371398286106715,0.017055819672018295,82.05896331527723,0.5735158412796063,-0.525,2.08854785416974,1.056149773992797,0.5003767044922445,-0.18721647799256202,-0.5408280514474221,-0.4869378093393587,0.845809428537703,0.5504455013642252,0.5576784639095815,Semiconductors,Technology,SMTC
2012Q3,2012,Q3,2011-12-09,2011-10-30,26979000.0,123944000.0,23235000.0,0.4,73407000.0,0.5922594074743432,740712000.0,625384000.0,426371000.0,70711000.0,115328000.0,47152000.0,483975000.0,1598044800.0,1414904800.0,9.556601466992666,6.029769059976524,0.0,0.0,0.04182755202834826,9.556601466992666,0.04313989484860502,12.89328083650681,14.80822862226176,2.5553017026339018,0.0,1.0717891075670174,0.0,0.16733089243862662,4.97461498211028,0.03642306321485274,58.67829918484247,0.5922594074743432,0.0,3.6968725221670926,1.1492853521511928,0.46071008310828787,-0.06749237804878049,-0.005858943179305771,-0.27181271154569386,1.1932733986498398,0.45477227901990336,0.5812539083595991,Semiconductors,Technology,SMTC
2012Q2,2012,Q2,2011-09-09,2011-07-31,27138000.0,130254000.0,31908000.0,0.4,78720000.0,0.6043576396886085,729889000.0,618131000.0,406928000.0,70427000.0,111758000.0,49203000.0,456996000.0,1505286855.0,1364697855.0,9.430347689444215,5.778011274085223,0.0,0.0,0.044064891786978706,9.430347689444215,0.04390331499310017,11.556549933207425,13.866965647800132,2.4352230433354745,0.0,1.0473751600512164,0.0,0.1784572722701671,4.740071279480881,0.037180996014462474,56.89990001890002,0.6043576396886085,0.1764705882352941,2.5504359019338327,1.2127751278725956,0.4775873787715369,0.06588674953286214,0.20175360906917014,0.2030766910489405,1.1950275007642241,0.5762637106154769,0.5631428622635928,Semiconductors,Technology,SMTC
2012Q1,2012,Q1,2011-06-10,2011-05-01,22582000.0,122371000.0,26522000.0,0.34,73854000.0,0.603525345057244,684945000.0,574861000.0,390302000.0,70039000.0,110084000.0,50084000.0,429858000.0,1790026960.0,1655421960.0,8.90539410087991,5.572638101629092,0.0,0.0,0.039945231017936206,8.90539410087991,0.039282539605226305,14.627869021255036,19.816966610574795,3.113843102941407,0.0,0.9687125628943375,0.0,0.17865814043463343,4.49502420080241,0.032969070509310965,-1586.9033333333334,0.603525345057244,-0.18287812944660226,1.1594503683901056,1.0863499228323477,0.4513165116596819,0.054966717138530984,-0.131561742875822,0.03812431501487396,1.6572434333666604,0.5623122242652182,0.497141264755066,Semiconductors,Technology,SMTC
2011Q4,2011,Q4,2011-01-31,2011-01-31,26003000.0,116270000.0,25548000.0,0.4160946025954907,70006000.0,0.6020985636879677,659943000.0,528615000.0,353698000.0,93825000.0,131328000.0,47719000.0,407276000.0,1364534655.0,1245515655.0,8.45878738418703,3.7697628563815613,0.0,0.0,0.04906405920666466,8.45878738418703,0.049190809946747634,11.735913434247871,13.119011796715764,2.5813392639255412,0.0,0.9695090006077244,0.0,0.17618188237468993,3.004167332800426,0.03940188773878956,62.95721394297315,0.6020985636879677,0.6643784103819628,1.3693447843698279,1.1821582773251464,0.4565522603165193,-0.051679061513661424,0.6145917416951258,0.45871873929427887,0.778062400054755,0.5027162563957355,0.5403429752398164,Semiconductors,Technology,SMTC
2011Q3,2011,Q3,2010-10-31,2010-10-31,16105000.0,123125000.0,17514000.0,0.25,73821000.0,0.599561421319797,631659000.0,490621000.0,310742000.0,100906000.0,141038000.0,43203000.0,381273000.0,1339849920.0,1197640920.0,7.850815291312627,3.0795195528511683,0.0,0.0,0.03282012352147551,7.850815291312627,0.032825745330917346,10.8820298071066,20.798663769015835,2.7309265604203654,0.0,1.141217045112608,0.0,0.19492321014978017,2.4161695042911226,0.025496351670759063,61.16918918918919,0.599561421319797,-0.1935483870967742,0.6386820147610657,1.370576495203244,0.3335850456687467,0.09474730098469569,-0.18090733394364764,-0.22872996300863133,0.02835034618429555,0.5982774336727038,0.26405683633792787,Semiconductors,Technology,SMTC
2011Q2,2011,Q2,2010-07-31,2010-07-31,19662000.0,113227000.0,22708000.0,0.31,67432000.0,0.5955469985074231,575547000.0,455884000.0,267581000.0,82216000.0,119663000.0,36809000.0,365166000.0,1076395540.0,970477540.0,7.3609222869875515,3.254609808309818,0.0,0.0,0.04255223524334882,7.3609222869875515,0.04312939256477525,9.506527065099315,13.686241735327027,2.3611171701573204,0.0,1.2441250781058981,0.0,0.19672937223198106,2.5731244526612826,0.034162283879509404,51.32536429525081,0.5955469985074231,0.8235294117647057,2.184038185725247,1.3271949787319657,0.25842768761353935,0.18204287692604343,0.8202184780596186,0.748383122882661,1.357077323456674,0.8264724831012126,0.35514108532315536,Semiconductors,Technology,SMTC
2011Q1,2011,Q1,2010-04-30,2010-04-30,10802000.0,101880000.0,12988000.0,0.17,57047000.0,0.5599430702787593,533883000.0,429150000.0,232827000.0,67295000.0,104733000.0,33203000.0,345506000.0,1116001400.0,1033634400.0,6.987137740149788,3.4597964187532506,0.0,0.0,0.02479460545227664,6.987137740149788,0.02517068624024234,10.954077345897133,25.828582669875953,2.6004926016544334,0.0,1.350269553955968,0.0,0.19082832755491372,2.6650568392896945,0.020232897470044933,300.4850296176629,0.5599430702787593,0.0938818565400845,0.197197439002602,1.1805440733139994,0.2021584076881845,0.2458124959053089,0.13945147679324896,1.3923374470436545,0.605014608044202,0.982270009880634,0.023095091895104492,Semiconductors,Technology,SMTC
2010Q4,2010,Q4,2010-04-01,2010-01-31,9480000.0,85019000.0,5429000.0,0.15540983606557376,45791000.0,0.5385972547312954,514294000.0,405741000.0,218814000.0,75028000.0,108553000.0,33819000.0,334704000.0,949160000.0,868562000.0,6.651491803278689,2.916431199019033,0.0,0.0,0.021964802125545066,6.651491803278689,0.023364658735498756,11.164092732212799,25.03059071729958,2.3393248402305904,0.0,1.1599396788787368,0.0,0.1653120588612739,2.2288079117129604,0.018433036356636477,36.59623689080814,0.5385972547312954,1.4570877531340403,-0.00021255020991023401,0.8582751854843664,0.22100076696863058,0.10683812332310072,1.4538708287451525,-0.5505794701986755,1.5129381544444245,0.7865867796386785,0.02706848562932986,Semiconductors,Technology,SMTC
2010Q3,2010,Q3,2009-12-04,2009-10-25,-20887000.0,75147000.0,12080000.0,-0.34,41371000.0,0.5505342861325137,458510000.0,389303000.0,329623000.0,60349000.0,69207000.0,25428000.0,325223000.0,977700600.0,874647600.0,6.378879239718171,5.461946345424116,0.0,0.0,-0.049040537394517435,6.378879239718171,-0.05365229654022702,13.01050740548525,-11.702262172643271,2.5114129611125526,0.0,1.3282995123485921,0.0,0.1638939172537131,4.90636133158793,-0.04555407733746265,50.27255244755245,0.5505342861325137,-3.8333333333333335,-2.735243064180242,0.4020823045613419,0.14083923342383123,0.1443626908608099,-3.8149595687331534,0.4181732801127025,-4.899050969699226,0.39726937112614447,-0.02499928907063497,Semiconductors,Technology,SMTC
2010Q2,2010,Q2,2009-09-03,2009-07-26,7420000.0,66317000.0,8518000.0,0.12,36152000.0,0.5451392553945443,453215000.0,401277000.0,333086000.0,40799000.0,51938000.0,26644000.0,346109000.0,1100972600.0,991854600.0,6.633445192005687,8.164072648839433,0.014986264797060998,0.016925963860375752,0.01760051051972271,6.633445192005687,0.018490967585981753,16.601664731516806,37.0947641509434,2.743672326098929,0.0,1.1321498273532502,0.0,0.14632569531017287,7.1844653055221945,0.01637192061163024,64.06217851739788,0.5451392553945443,0.4999999999999999,-0.47573371210853027,0.19493318395744688,0.2205491939223971,0.1044849077355493,0.5011126846044912,0.7422785845776232,0.0518539452786896,0.22072764673985268,0.03935668294092306,Semiconductors,Technology,SMTC
2010Q1,2010,Q1,2009-06-04,2009-04-26,4943000.0,60077000.0,4889000.0,0.08,32732000.0,0.544834129533765,428785000.0,386346000.0,311051000.0,32780000.0,42439000.0,26149000.0,338690000.0,872844870.0,710303870.0,6.404834137365096,9.489048200122026,0.0,0.0,0.010123158397729443,6.404834137365096,0.012794231077842142,14.528769246134129,44.145502225369206,2.259231026075073,0.0,1.0457378867260698,0.0,0.1401098452604452,8.328340451494814,0.01152792191891041,72.30325298210735,0.544834129533765,-0.23047325894574833,-0.5880498324818973,0.19441219389182093,0.2022092151841395,-0.01853073463268366,-0.2117684579811832,-0.31927039821776665,-0.49416065770787965,0.09611986494559237,0.04379900908384394,Semiconductors,Technology,SMTC
2009Q4,2009,Q4,2009-03-26,2009-01-25,6271000.0,62695000.0,7182000.0,0.10396,33350000.0,0.5319403461201053,420795000.0,378020000.0,313702000.0,33815000.0,42775000.0,27986000.0,333747000.0,720534000.0,572868000.0,6.237953795379538,9.277007245305338,0.0,0.0,0.015707672531792043,6.237953795379538,0.01658906936140945,11.492686817130553,28.724844522404723,1.9060737527114968,0.0,1.0485599942828556,0.0,0.1489917893511092,8.099009315392577,0.014902743616250193,49.14295457645615,0.5319403461201053,-0.45284210526315793,-0.34998631557624593,0.47019256285427025,0.29324033533460575,-0.21807226090830226,-0.45516941789748044,-0.4429535406809897,-0.4107489601060566,0.213417437095726,0.07413808714419166,Semiconductors,Technology,SMTC
2009Q3,2009,Q3,2008-12-05,2008-10-26,11510000.0,79721000.0,12893000.0,0.19,42651000.0,0.5350033240927735,421658000.0,370073000.0,316593000.0,42641000.0,51585000.0,32401000.0,327476000.0,636823200.0,489569200.0,6.043685594369049,7.424614807345043,0.0,0.0,0.02906412423505479,6.043685594369049,0.03110197177313665,7.988148668481329,13.831954821894007,1.720804273751395,0.0,1.144100490725595,0.0,0.18906554601122236,6.434464482540278,0.027297003732883046,26.59524744205471,0.5350033240927735,0.0,0.49645502148392134,0.9944577818415532,0.23066412595903465,-0.0033648790746582543,-0.013203017832647462,-0.02036319428614847,0.19523999725420343,0.5664852300825076,0.026615508110703665,Semiconductors,Technology,SMTC
2009Q2,2009,Q2,2008-09-04,2008-07-27,11664000.0,77960000.0,13161000.0,0.19,42795000.0,0.5489353514622883,426060000.0,373071000.0,323108000.0,42249000.0,52989000.0,35258000.0,315966000.0,898520670.0,697383670.0,6.032940377431718,7.647707638050605,0.0,0.0,0.028570780342380045,6.032940377431718,0.03126482626631392,11.525406233966136,19.258416280864196,2.408444156742282,0.0,0.9973623007544387,0.0,0.18297892315636297,6.484697862671306,0.02737642585551331,49.083397246804324,0.5489353514622883,0.4615384615384615,4.7407533718396815,1.0765271924180846,0.2575327911399969,0.049128484224461276,0.44410053237588215,0.5206239168110919,0.8917238804553479,0.6047754081012031,0.03139510413018838,Semiconductors,Technology,SMTC
2009Q1,2009,Q1,2008-06-06,2008-04-27,8077000.0,74444000.0,8655000.0,0.13,40791000.0,0.547942077266133,412136000.0,364938000.0,308470000.0,36164000.0,47198000.0,32654000.0,304308000.0,992061840.0000001,802109840.0000001,5.94826574520798,8.52975334586882,0.0,0.0,0.018427803550207903,5.94826574520798,0.022132526620960272,13.326283380796305,30.70638355825183,2.718439406145702,0.0,1.0305934954370062,0.0,0.1806296950521187,7.202632452162371,0.019597899722421725,82.63738775510205,0.547942077266133,-0.445983379501385,0.16626713221938244,1.0188551126803143,0.24159125273199034,-0.05517337224654298,-0.4564602960969044,-0.5055698371893744,-0.10382509924595862,0.5950956130046592,0.02341730515421345,Semiconductors,Technology,SMTC
2008Q4,2008,Q4,2008-03-27,2008-01-27,14860000.0,78620000.0,17505000.0,0.23465,43173000.0,0.5491350801322818,396046000.0,348710000.0,292218000.0,36656000.0,47336000.0,28902000.0,296226000.0,798195000.0,625306000.0,5.491496062992126,7.971900916630292,0.0,0.0,0.03672336372579094,5.491496062992126,0.042614206647357405,10.152569320783515,13.428583445491252,2.2889937197097874,0.0,1.2264549166147671,0.0,0.19851229402645149,6.796704495853339,0.03752089403756129,71.4652162234757,0.5491350801322818,-0.02229166666666664,286.61290322580646,1.1186139992364865,0.2255506091846297,0.007279344858962694,-0.06950532247964934,0.32623683612394877,0.5054774772197163,0.6507571397055264,0.008062717812187172,Semiconductors,Technology,SMTC
2008Q3,2008,Q3,2007-12-07,2007-10-28,15970000.0,78556000.0,13199000.0,0.24,42861000.0,0.5456107744793524,447211000.0,395790000.0,324308000.0,35951000.0,51421000.0,24219000.0,281366000.0,1112018700.0,891110700.0,6.210808775068261,9.020833912825792,0.0,0.0,0.032765807273018935,6.210808775068261,0.04034968038606332,14.155744946280361,17.40793206011271,2.8096179792314104,0.0,1.4738428506544448,0.0,0.17565757550686364,8.022141247809518,0.035710212852546115,51.46805054151625,0.5456107744793524,0.846153846153846,0.4103978444717982,0.9179894343174865,0.3324827673515652,0.15871857258718572,0.7701174905785857,0.6777678911910512,0.2706205568317347,0.40367942112077765,0.11078044521876376,Semiconductors,Technology,SMTC
2008Q2,2008,Q2,2007-09-07,2007-07-29,9022000.0,67048000.0,7867000.0,0.13,36990000.0,0.5516943085550651,405991000.0,363847000.0,270762000.0,31893000.0,42144000.0,21741000.0,265397000.0,1104566160.0,924830160.0,5.431849396870895,8.48969993415483,0.0,0.0,0.017098011087954678,5.431849396870895,0.02479613683773674,16.474259634888437,30.60757481711372,3.0357984537456675,0.0,1.3825491007773332,0.0,0.16514651802626168,7.363716175963377,0.022222167486471375,74.48187188132165,0.5516943085550651,0.18181818181818185,-0.10894200070189569,0.4099610243097899,0.19932356881904395,0.11238083781914414,0.13756146765855504,0.7042894280762565,-0.4243150259623827,0.09103484834047788,-0.0005435771371719049,Semiconductors,Technology,SMTC
2008Q1,2008,Q1,2007-06-08,2007-04-29,7931000.0,60566000.0,4616000.0,0.11,33253000.0,0.5490374137304759,535274000.0,494306000.0,350563000.0,30549000.0,40968000.0,20198000.0,256372000.0,1043705180.0,835833180.0,6.8294118459774245,11.475432911060919,0.0,0.0,0.007168949257526769,6.8294118459774245,0.016044717239928303,17.232526169798238,32.89954545454545,2.1114556165614013,0.0,1.3522626002574512,0.0,0.11314952715805363,10.32220367278798,0.014816710693962344,104.59015733039382,0.5490374137304759,0.7767727346147634,-0.2029531678783943,0.23645422628125187,0.5797851125954335,0.13969907804092263,0.726006528835691,10.866323907455012,-0.4491441355418937,0.0035311025901643787,0.28190389937240096,Semiconductors,Technology,SMTC
2007Q4,2007,Q4,2007-04-13,2007-01-28,4595000.0,57963000.0,389000.0,0.06191,29177000.0,0.5033728412953091,521654000.0,481181000.0,355315000.0,30484000.0,40473000.0,20493000.0,250517000.0,1000821000.0,837939000.0,6.476191117092867,11.655786642172943,0.0,0.0,0.0008553361299775724,6.476191117092867,0.00954942111180616,17.2665493504477,54.451632208922746,2.0799262647527645,0.0,1.4046747669936075,0.0,0.11111388008143329,10.384890434326204,0.008808520590276314,66.44675341920063,0.5033728412953091,-0.31211111111111106,-0.44254204497832744,0.32471813570699654,0.7079111781356021,-0.15485328621498712,-0.2759218405294674,-0.9160733549083063,-0.6115322008794241,0.10860282361149119,0.3426312291963032,Semiconductors,Technology,SMTC
2007Q3,2007,Q3,2007-03-29,2006-10-29,6346000.0,63711000.0,4635000.0,0.09,34523000.0,0.5418687510790915,514726000.0,473005000.0,332981000.0,31949000.0,41721000.0,25252000.0,245923000.0,,,,,,,,,,,,,,,,,,,,,,,,,,,,,,,Semiconductors,Technology,SMTC
2007Q2,2007,Q2,2007-03-29,2006-07-30,8430000.0,64921000.0,7281000.0,0.11,35363000.0,0.5447081837926094,501331000.0,461380000.0,337981000.0,30718000.0,39951000.0,25441000.0,239577000.0,,,,,,,,,,,,,,,,,,,,,,,,,,,,,,,Semiconductors,Technology,SMTC
2007Q1,2007,Q1,2007-03-29,2006-04-30,11757000.0,65943000.0,11560000.0,0.16,37911000.0,0.5749056002911606,479896000.0,445326000.0,299876000.0,25886000.0,34570000.0,25309000.0,231216000.0,,,,,,,,,,,,,,,,,,,,,,,,,,,,,,,Semiconductors,Technology,SMTC
