Quarters,Year,Quarter,FillingDate,Date,NetIncome,Revenue,OperatingIncome,EPSDiluted,GrossProfit,GrossProfitRatio,TotalAssets,CommonStockEquity,CurrentAssets,CurrentLiability,TotalLiability,Inventory,RetainedEarnings,MarketCap,EnterpriseValue,bookValuePerShare,currentRatio,debtToAssets,debtToEquity,roic,shareholdersEquityPerShare,roe,priceToSalesRatio,peRatio,pbRatio,payoutRatio,inventoryTurnover,dividendYield,assetTurnover,quickRatio,returnOnAssets,priceToFreeCashFlowsRatio,grossProfitMargin,epsdilutedGrowth,fiveYNetIncomeGrowthPerShare,fiveYRevenueGrowthPerShare,fiveYShareholdersEquityGrowthPerShare,grossProfitGrowth,netIncomeGrowth,operatingIncomeGrowth,threeYNetIncomeGrowthPerShare,threeYRevenueGrowthPerShare,threeYShareholdersEquityGrowthPerShare,Industry,Sector,Symbol
2023Q1,2023,Q1,2023-05-04,2023-03-31,-348431000.0,447801000.0,-371258000.0,-3.34,366012000.0,0.8173541372,5956775000.0,4157306000.0,4704318000.0,1254551000.0,1799469000.0,296995000.0,-7428773000.0,22451010055.6,19457560055.6,39.910193793552864,3.7498021204399024,0.09152502822416492,0.1311411765215262,-0.08066255321377344,39.910193793552864,-0.08381172807582603,50.13613202203657,-16.10864852409803,5.400374679083041,0.0,0.2753884745534437,0.0,0.07517507376054997,3.3198004704471957,-0.05849322829886978,-32.567809156292334,0.8173541372172014,0.2214452214452215,-0.6494374681504921,5.813155050721427,0.5311712668680155,3.624682681964862,0.21759798803148192,0.20776660079979173,0.2888250964109888,5.3860742742533745,0.09750966615760923,Biotechnology,Healthcare,BGNE
2022Q4,2022,Q4,2023-02-27,2022-12-31,-445335000.0,380095000.0,-468622000.0,-4.29,-139450000.0,-0.3668819637,6379290000.0,4383355000.0,4713456000.0,1018020000.0,1995935000.0,282346000.0,-7080342000.0,22821585393.32,19843148393.32,42.244001986916736,4.630022985795957,0.13969062387820588,0.2032979304665034,-0.090801424053785,42.244001986916736,-0.10159683621335712,60.041793218326994,-12.811470799128745,5.2064196017251625,0.0,1.8401004441359183,0.0,0.05958264947980104,4.624646863519381,-0.06980949290595034,-46.74504498707534,-0.3668819637195964,0.20408163265306117,-0.9680078155760546,8.179762637328926,1.8724037488182237,-0.20968441506618782,0.20127305598002712,-0.06904189963887881,0.32884407922877684,2.907307138457658,1.6642540274506596,Biotechnology,Healthcare,BGNE
2022Q3,2022,Q3,2022-11-09,2022-09-30,-557556000.0,387628000.0,-438357000.0,-5.39,-115278000.0,-0.2973933772,6726013000.0,4655171000.0,5749168000.0,1411311000.0,2070842000.0,290911000.0,-6635007000.0,13951834757.279999,10465279757.279999,44.98405873768796,4.073636498262963,0.10564609375569152,0.15264251302476323,-0.08169925759138606,44.98405873768796,-0.11977132526388397,35.992845607850825,-6.255799757010955,2.9970617099307417,0.0,1.7287280302223016,0.0,0.05763117020439895,3.7353744142857246,-0.08289546868256127,-20.20362394818126,-0.297393377155417,0.030575539568345314,-2.9331830205350387,-0.28357130986937684,1.5257717231278858,-0.06928984861976847,0.024311880850259603,0.0023714209636344187,-0.05376619909875337,3.4907722257294966,1.1151504221421331,Biotechnology,Healthcare,BGNE
2022Q2,2022,Q2,2022-08-08,2022-06-30,-571449000.0,341572000.0,-439399000.0,-5.56,-107808000.0,-0.3156230604,7378207000.0,5302544000.0,6345876000.0,1398409000.0,2075663000.0,262210000.0,-5971826000.0,16638964648.8,12740472648.8,51.578734886121325,4.537925599735128,0.08574508684833591,0.11930971247008983,-0.075030328658274,51.578734886121325,-0.10776883699597778,48.712905767451666,-7.279286799346924,3.1379210901031653,0.0,1.7138171694443385,0.0,0.0462947163179347,4.216198551353717,-0.07745093082912963,-38.672872333927565,-0.3156230604382092,-0.31132075471698095,-2.655863601611238,0.0,7.030717239923924,0.2741472873436301,-0.315872007073875,0.008770841463882316,-2.8851203446913107,-0.18340525346402112,0.9852544280745642,Biotechnology,Healthcare,BGNE
2022Q1,2022,Q1,2022-05-09,2022-03-31,-434274000.0,306626000.0,-443287000.0,-4.24,-148526000.0,-0.4843881471,8021388000.0,5885500000.0,6948139000.0,1376306000.0,2135888000.0,245628000.0,-5400377000.0,19324496527.6,15649209527.599998,57.44032184303726,5.0483969407965965,0.08376044145975733,0.11415767564353071,-0.0690295474831666,57.44032184303726,-0.07378710389941381,63.023019990476996,-11.124599059349627,3.2834077865262086,0.0,1.8530135000895664,0.0,0.03822605264824492,4.694663105443121,-0.054139508025294374,-54.176679528110924,-0.48438814712385775,0.3116883116883117,-2.326013730574859,0.0,6.398661242438308,0.43963237263771876,0.25847899694870513,0.2445739974505968,-0.5067390692434337,1.2913797996133771,1.1278526362288979,Biotechnology,Healthcare,BGNE
2021Q4,2021,Q4,2022-02-28,2021-12-31,-585653000.0,213979000.0,-586804000.0,-6.16,-265051000.0,-1.2386776272,8645949000.0,6242987000.0,7613880000.0,1599555000.0,2402962000.0,242626000.0,-4966103000.0,25745569471.71,22064535471.71,65.69722490576775,4.759998874687023,0.08034329140734002,0.11126789147566701,-0.08363368618813849,65.69722490576775,-0.09380974203534302,120.31820632730314,-10.990112520430186,4.123918481923797,0.0,1.9743555925580936,0.0,0.024749047212746688,4.44987199564879,-0.06773727210280792,-50.69632200699434,-1.238677627243795,-0.30508474576271194,-5.50423915920276,0.0,6.386743706489843,-0.3739619511689389,-0.4151164055043433,-0.26924566052019683,-0.3643037781734804,1.2791536296276016,1.2431635507512977,Biotechnology,Healthcare,BGNE
2021Q3,2021,Q3,2021-11-04,2021-09-30,-413855000.0,206440000.0,-462325000.0,-4.72,-192910000.0,-0.9344603758961442,5286334000.0,3357073000.0,4432835000.0,1304435000.0,1929261000.0,150979000.0,-4380450000.0,33674428986.0,32990653986.0,36.18821567862769,3.3982797149723827,0.13232894478479792,0.20837646366343537,-0.10741996531666996,36.18821567862769,-0.12327852268925936,163.1196908835497,-20.341924699472038,10.030889702428276,0.0,2.645069844150511,0.0,0.03905163767556118,3.1281666008655087,-0.07828771318649182,-59.83841840158079,-0.9344603758961442,0.09751434034416838,-3.1394208047156464,0.0,5.345086088768236,0.20404188775468102,0.13841416826795963,0.026352145363260734,-0.7626386614164901,1.3364129225960293,0.0451227674298006,Biotechnology,Healthcare,BGNE
2021Q2,2021,Q2,2021-08-05,2021-06-30,-480341000.0,149992000.0,-474838000.0,-5.23,-242362000.0,-1.615832844418369,5524116000.0,3606775000.0,4799039000.0,1242314000.0,1917341000.0,117587000.0,-3966595000.0,31522568449.88,30426500449.88,39.267393905990936,3.862983915499624,0.1231654078227177,0.1886394355067893,-0.10941083479280833,39.267393905990936,-0.13317742304413221,210.16166495466425,-16.406349057169802,8.73982115598561,0.0,3.3367123916759507,0.0,0.0271522176579927,3.6225591919595206,-0.0869534600649226,-68.70700647536928,-1.615832844418369,-9.046153846153848,-6.132744883162339,135.7199523989075,4.8716471810722535,-1.9599977818356102,-8.223716068877359,-7.767255262445309,-0.7910308552904609,0.661657997303687,0.7391141611078638,Biotechnology,Healthcare,BGNE
2021Q1,2021,Q1,2021-05-06,2021-03-31,66495000.0,605872000.0,70167000.0,0.65,252461000.0,0.41669032402883777,5821004000.0,4003587000.0,5140979000.0,1112542000.0,1817417000.0,72974000.0,-3486254000.0,31834425656.8,30571226656.8,43.77552081459734,4.620930266003441,0.10970959648885313,0.1595119576519756,0.016105511342160657,43.77552081459734,0.01660885600837449,52.5431537631711,119.68729098729227,7.95147592816142,0.0,4.842971469290433,0.0,0.10408376286977299,4.418906432296488,0.011423287116792911,429.0006961269978,0.41669032402883777,1.125,1.747472938147064,220.33042511735403,3.0730055568010544,1.9130101441151475,1.1406572253540492,1.1447004817368924,1.3585240267124703,9.499153919459348,0.6794661536903371,Biotechnology,Healthcare,BGNE
2020Q4,2020,Q4,2021-02-25,2020-12-31,-472745000.0,100100000.0,-484912000.0,-5.2,-276515000.0,-2.7623876123876125,5600757000.0,3869243000.0,4960690000.0,1075199000.0,1731514000.0,89293000.0,-3552749000.0,23473840571.28,22624437571.28,42.59097252254549,4.613741270220675,0.09508482514060153,0.13763596651851537,-0.10697801394514432,42.59097252254549,-0.12218023008635022,234.503901810989,-12.413584792689505,6.066778584668887,0.0,4.2177438321033005,0.0,0.017872584009625842,4.399509300138858,-0.08440733993636931,-60.3366180298575,-2.7623876123876125,-0.08108108108108121,-5.018648721573147,6.425150596859536,17.061952967529262,0.009308058026677368,-0.1117552160743514,-0.10172968871056058,-1.3861628284086331,1.7612549934806632,1.8959961979327316,Biotechnology,Healthcare,BGNE
2020Q3,2020,Q3,2020-11-05,2020-09-30,-425224000.0,91080000.0,-440137000.0,-4.81,-279113000.0,-3.064481774264383,5566390000.0,4287494000.0,4965736000.0,645721000.0,1269876000.0,35525000.0,-3080004000.0,25316295903.36,24066878903.36,48.51064255403194,7.690219150376091,0.03863419559175696,0.05015820430302643,-0.09497518866745203,48.51064255403194,-0.09917774812046384,277.9566963478261,-14.884093973623314,5.904683692469307,0.0,10.420633356790992,0.0,0.016362489872251137,7.443504237898411,-0.07639134160560075,-60.07350328971909,-3.064481774264383,-0.12121212121212112,-17.466372718976977,39.12405135113558,25.045343483046192,-0.18953716331401296,-0.2685604501166461,-0.22642855351554989,-2.7262860051448303,-0.8028978535402107,1.7237828838037768,Biotechnology,Healthcare,BGNE
2020Q2,2020,Q2,2020-08-06,2020-06-30,-335202000.0,65635000.0,-358877000.0,-4.29,-234640000.0,-3.5749219166603186,3903290000.0,2536298000.0,3392404000.0,551195000.0,1356798000.0,33234000.0,-2654780000.0,14640570782.4,13626160782.4,32.63797226911592,6.154634929562133,0.08469880536675471,0.13034903627255157,-0.12274663642589394,32.63797226911592,-0.1321619147276858,223.060421762779,-10.919214967691126,5.772417429813059,0.0,9.03517482096648,0.0,0.016815301963215647,5.869879080906031,-0.08587678599335433,-49.53719977668526,-3.5749219166603186,0.08723404255319152,-40.08664990157449,31.885665360296688,14.95517042338555,0.11919276855160815,0.07844447193698709,0.03980939436423763,-1.8369755528417975,0.0,4.081674204620228,Biotechnology,Healthcare,BGNE
2020Q1,2020,Q1,2020-05-11,2020-03-31,-363735000.0,52059000.0,-373756000.0,-4.7,-266392000.0,-5.117117117117117,4067212000.0,2812214000.0,3595187000.0,451797000.0,1240156000.0,28775000.0,-2319578000.0,9520641554.19,7828626554.190001,36.36432099343489,7.9575273850866655,0.06517634192660722,0.09426238543723912,-0.12011861992272815,36.36432099343489,-0.12934115255809123,182.88176019881288,-6.54366609907625,3.3854612608393246,0.0,11.066933101650738,0.0,0.012799677026916718,7.640982565178609,-0.08943104023099853,-23.422337682550307,-5.117117117117117,0.2621664050235479,-23.74735243644071,25.229258435174653,0.0,-0.09020220911721254,0.06268602101216046,0.03680319144823818,-2.690956421373556,0.0,3.6839447222617805,Biotechnology,Healthcare,BGNE
2019Q4,2019,Q4,2020-03-02,2019-12-31,-388061000.0,56892000.0,-388037000.0,-6.37,-244351000.0,-4.294997539197075,1612289000.0,962205000.0,1172696000.0,310312000.0,633934000.0,28553000.0,-1955843000.0,10059072168.32,9692570168.32,15.855846158685809,3.7790868545206115,0.15599498601057254,0.26138816572352047,-0.3165094999216148,15.855846158685809,-0.4033038697574841,176.80995866413554,-6.480342116522917,10.45418821178439,0.0,10.550309949917697,0.0,0.03528647779647445,3.401573255304339,-0.24068947936753274,-33.23719925430785,-4.294997539197075,-0.2564102564102564,-88.77583699765326,34.74901262832473,31.40361220321317,-0.18082181189080523,-0.26257414016924946,-0.2426488954929451,-5.748750110174056,0.0,0.7827704593571192,Biotechnology,Healthcare,BGNE
2019Q3,2019,Q3,2019-11-12,2019-09-30,-307357000.0,50141000.0,-312266000.0,-5.07,-206933000.0,-4.12702179852815,1881070000.0,1278478000.0,1435550000.0,265734000.0,586833000.0,37512000.0,-1567782000.0,7361564726.099999,6771775726.099999,21.267545923343857,5.402206717996192,0.14160132265146963,0.20834304540242382,-0.19629905490303867,21.267545923343857,-0.240408517002248,146.81726982110447,-5.987796541237063,5.7580691463599685,0.0,6.853113670292173,0.0,0.02665557368944271,4.8528039317513,-0.1633947699979267,-24.879817246903357,-4.12702179852815,-2.545454545454546,0.0,0.0,0.0,-62.61297264063941,-2.591877994624284,-2.6380646138431607,-3.744082309758314,0.0,2.7289600288346127,Biotechnology,Healthcare,BGNE
2019Q2,2019,Q2,2019-08-08,2019-06-30,-85570000.0,243346000.0,-85833000.0,-1.43,-3253000.0,-0.013367797292743665,2150318000.0,1553877000.0,1755680000.0,271679000.0,579054000.0,49048000.0,-1260425000.0,7598058119.68,6935827119.68,25.980919199432748,6.462332384910133,0.11938559785110853,0.16521063121469717,-0.04787418319234831,25.980919199432748,-0.05506870878454344,31.22327106128722,-22.198370105410774,4.889742315305523,0.0,5.027707551786006,0.0,0.11316744779144294,5.8864652770365025,-0.03979411417288048,-86.78734088362955,-0.013367797292743665,0.5,-12.627953599476099,157.42012056340653,11.700850106898743,0.9719033676227986,0.48956096397041277,0.5060113378032287,-0.9514319468758877,339.65350352943926,2.8849227260722525,Biotechnology,Healthcare,BGNE
2019Q1,2019,Q1,2019-05-09,2019-03-31,-167640000.0,77833000.0,-173755000.0,-2.86,-115779000.0,-1.4875309958500893,2172232000.0,1608769000.0,1796730000.0,238809000.0,549553000.0,13140000.0,-1174855000.0,8234999185.14,7721552185.14,26.99450181138309,7.523711417911385,0.11557006802220021,0.15604788505994335,-0.09227673535259918,26.99450181138309,-0.10420389751418631,105.80344050903858,-12.280779028185396,5.1188201569895995,0.0,14.734550989345509,0.0,0.035830887308537944,7.040475861462507,-0.07717407717039432,-36.960899023532,-1.4875309958500893,0.37142857142857144,-13.800480463062822,49.88719027021099,0.0,0.4433354007702405,0.37507222605356844,0.38123201618187513,-1.8919029356986834,42.63385484681758,1.5116492924551577,Biotechnology,Healthcare,BGNE
2018Q4,2018,Q4,2019-02-28,2018-12-31,-268255000.0,58670000.0,-280808000.0,-4.55,-207987000.0,-3.5450315322993013,2249684000.0,1739202000.0,1943842000.0,246452000.0,496037000.0,16242000.0,-1007215000.0,8329094224.219999,7814557224.219999,29.287755181187716,7.887304627270219,0.08819016359630953,0.11407530580116629,-0.14042698216796437,29.287755181187716,-0.1542402780125598,141.96513080313616,-7.762291685355352,4.789032110255163,0.0,16.417744120182242,0.0,0.026079218236872377,7.442463441156899,-0.11924119120729845,-30.01691734258325,-3.5450315322993013,-0.8421052631578945,-62.41931330046091,36.67412578723613,58.853573987533764,-1.0372108057280545,-0.8624809936749728,-0.858400285899591,-4.2247364206451055,5.657815950478061,11.420332884559082,Biotechnology,Healthcare,BGNE
2018Q3,2018,Q3,2018-11-08,2018-09-30,-144031000.0,54202000.0,-151102000.0,-2.47,-102094000.0,-1.88358363160031,2408627000.0,1970446000.0,2180195000.0,188424000.0,425196000.0,19699000.0,-738960000.0,9967237755.050001,9519721755.050001,34.625803595899946,11.570686324459729,0.0813612900627619,0.09945413373419013,-0.06952038957904136,34.625803595899946,-0.07309563418637202,183.89058992380356,-17.30050779875513,5.0583663571851245,0.0,7.934209858368445,0.0,0.022503276763068753,11.032575468093237,-0.059797967887929515,-62.63739272683283,-1.88358363160031,0.13636363636363627,0.0,0.0,0.0,0.13261344230818245,0.08194432935807301,0.07327813554124502,-8.714526254578802,36.08505174840819,17.590579315193054,Biotechnology,Healthcare,BGNE
2018Q2,2018,Q2,2018-08-09,2018-06-30,-156887000.0,52804000.0,-163050000.0,-2.86,-117703000.0,-2.229054617074464,1653856000.0,1213197000.0,1516707000.0,186435000.0,427188000.0,6322000.0,-594929000.0,8260112595.2699995,8031443595.2699995,22.578962775495153,8.135312575428433,0.12682543099278293,0.17289112980002425,-0.11219023676774585,22.578962775495153,-0.12931700292697723,156.42967569256115,-13.162519194181161,6.808550132641277,0.0,26.970420752926287,0.0,0.03192780991815491,7.6020704266902674,-0.09486134222084631,-64.65841561855186,-2.229054617074464,-0.3749999999999999,-26.811912781421736,37.26376811594203,10.037793527608198,-0.44056740019092844,-0.49993307583464,-0.4714508749289318,-26.811912781421736,37.26376811594203,10.037793527608198,Biotechnology,Healthcare,BGNE
2018Q1,2018,Q1,2018-05-09,2018-03-31,-104596000.0,32544000.0,-110809000.0,-2.08,-81706000.0,-2.5106317600786627,1708927000.0,1344381000.0,1585702000.0,141896000.0,350205000.0,7498000.0,-438042000.0,8665060152.0,8348107152.0,26.065140234239426,11.175100073293116,0.1016316086058679,0.12919031137750384,-0.07069888310809423,26.065140234239426,-0.07780234918523841,266.2567647492625,-20.71078280240162,6.445390221968326,0.0,15.23739663910376,0.0,0.019043528483077395,10.66968061115183,-0.061205657117009676,-69.76867518539095,-2.5106317600786627,0.04587155963302756,-9.670120160907633,23.585084484151853,0.0,-0.07231350727072287,-0.05308941534186442,-0.06754465403957687,-9.670120160907633,23.585084484151853,0.0,Biotechnology,Healthcare,BGNE
2017Q4,2017,Q4,2018-02-28,2017-12-31,-99323000.0,18174000.0,-103798000.0,-2.18,-76196000.0,-4.192582810608561,1046479000.0,669809000.0,913497000.0,149988000.0,362248000.0,10930000.0,-330517000.0,4450562123.0,4375675123.0,14.706846836659693,6.0904672373789905,0.15739924069188202,0.2459133872492009,-0.13085821103112436,14.706846836659693,-0.14828555603164484,244.88621783867063,-11.202244502783845,6.644524219590958,0.0,8.634034766697164,0.0,0.017366808125151102,5.78008907379257,-0.0949116035773293,59.486769180389224,-4.192582810608561,-1.8384615384615386,-29.61653722423375,14.216338129207896,29.05547334767227,-1.5833901185982588,-1.8461230470413847,-1.9033375397067143,-29.61653722423375,14.216338129207896,29.05547334767227,Biotechnology,Healthcare,BGNE
2017Q3,2017,Q3,2017-11-13,2017-09-30,117386000.0,220213000.0,114905000.0,2.6,130609000.0,0.5931030411465263,1049059000.0,750140000.0,962330000.0,103161000.0,284570000.0,5712000.0,-231194000.0,4357629050.04,4307466050.04,17.8100254768789,9.328428378941654,0.15094193939521036,0.21108992987975578,0.12986897616229515,17.8100254768789,0.15648545604820432,19.788246152770274,9.280555283509106,5.809087703681979,0.0,15.686974789915967,0.0,0.20991479030254734,9.101365826232781,0.11189647102784496,-357.4757219064807,0.5931030411465263,2.6666666666666665,0.0,0.0,0.0,3.7645041803365435,2.9388223635312576,2.9803695150115472,0.0,0.0,0.0,Biotechnology,Healthcare,BGNE
2017Q2,2017,Q2,2017-08-09,2017-06-30,-60545000.0,0.0,-58022000.0,-1.56,-47245000.0,0.0,473975000.0,255753000.0,418691000.0,49952000.0,203803000.0,0.0,-348580000.0,1791912915.0,1830058915.0,6.422680981681523,8.381866591928251,0.32222796561000056,0.5971699256704711,-0.14251540277267272,6.422680981681523,-0.236732315945463,0.0,-7.399095362953175,7.006419924692965,0.0,0.0,0.0,0.0,8.156430172966047,-0.12773880478928212,-27.35577850207621,0.0,-0.2,-13.482553386975084,-1.0,2.139746819833354,-0.10455193696958362,-0.1959978665823835,-0.12572271157502618,-13.482553386975084,-1.0,2.139746819833354,Biotechnology,Healthcare,BGNE
2017Q1,2017,Q1,2017-05-10,2017-03-31,-50623000.0,0.0,-51542000.0,-1.3,-42773000.0,0.0,376729000.0,308417000.0,336178000.0,49985000.0,68312000.0,0.0,-288035000.0,1454368017.97,1376522017.97,7.763610193904104,6.7255776733019905,0.052833734594363586,0.06453600158227335,-0.1575467961359288,7.763610193904104,-0.16413816359020417,0.0,-7.182348033354404,4.7155896658420255,0.0,0.0,0.0,0.0,6.55148544563369,-0.13437510783613685,-33.745603461181496,0.0,-0.36842105263157904,-5.704861724493407,-1.0,0.0,-0.4783465247295476,-0.3464280014894409,-0.382935336731956,-5.704861724493407,-1.0,0.0,Biotechnology,Healthcare,BGNE
2016Q4,2016,Q4,2017-03-22,2016-12-31,-37598000.0,0.0,-37270000.0,-0.95,-28933000.0,0.0,405813000.0,352907000.0,374399000.0,35058000.0,52906000.0,0.0,-237412000.0,1204669862.8799999,1415099862.8799999,8.893935882471123,10.679416966170347,0.042591045629390874,0.04897607585001148,-0.10000745982151019,8.893935882471123,-0.10653798309469634,0.0,-8.010199098888238,3.4135618247300283,0.0,0.0,0.0,0.0,10.501854070397627,-0.09264858444653079,-35.22220521840828,0.0,0.0865384615384616,-12.302587224605041,-1.0,17.17598672512117,0.03896233308974955,-0.059277624387220375,-0.07011599862179856,-12.302587224605041,-1.0,17.17598672512117,Biotechnology,Healthcare,BGNE
2016Q3,2016,Q3,2016-11-10,2016-09-30,-35494000.0,0.0,-34828000.0,-1.04,-30106000.0,0.0,235425000.0,187832000.0,209953000.0,29316000.0,47593000.0,0.0,-199814000.0,1014685910.55,1065269910.55,5.703345103967355,7.161720562150362,0.07658489964956992,0.09599003364708888,-0.16978881238475702,5.703345103967355,-0.18896673623237786,0.0,-7.146883350354989,5.4020928838004165,0.0,0.0,0.0,0.0,6.945626961386274,-0.1507656366146331,-32.7762100442535,0.0,-0.3333333333333333,0.0,0.0,0.0,-0.4527118316927234,-0.47131487315536397,-0.4141627415949326,0.0,0.0,0.0,Biotechnology,Healthcare,BGNE
2016Q2,2016,Q2,2016-08-10,2016-06-30,-24124000.0,393000.0,-24628000.0,-0.78,-20724000.0,-52.732824427480914,251230000.0,220047000.0,232754000.0,20465000.0,31183000.0,0.0,-164320000.0,980527071.4,1101531071.4,6.687628308555847,11.373271439042266,0.04200533375791108,0.04795793625907192,-0.10740067659660578,6.687628308555847,-0.10963112425981722,2494.9798254452926,-10.16132348905654,4.455989272291829,0.0,0.0,0.0,0.0015643036261592962,11.073491326655265,-0.09602356406480118,-39.679781125814415,-52.732824427480914,0.14285714285714285,-5.983565899540357,-0.5349523227500995,2.269267113515949,-0.20488372093023255,-0.09649561383573474,-0.21117340415068359,-5.983565899540357,-0.5349523227500995,2.269267113515949,Biotechnology,Healthcare,BGNE
2016Q1,2016,Q1,2016-05-12,2016-03-31,-22001000.0,677000.0,-20334000.0,-0.91,-17200000.0,-25.406203840472674,265228000.0,243099000.0,251782000.0,15826000.0,22129000.0,0.0,-140195000.0,662952895.29,499380895.28999996,10.747719393974682,15.909389612030836,0.023428898909617385,0.02556160247471195,-0.08172356693441837,10.747719393974682,-0.09050222337401635,979.2509531610044,-7.533213209513204,2.727090178445818,0.0,0.0,0.0,0.0025525208499856725,15.621508909389613,-0.08295127211304991,-28.644698206446595,-25.406203840472674,-0.058139534883720985,-4.117903606085945,0.1662318273014661,0.0,0.2657730726543157,0.19262385321100917,0.22907188353048225,-4.117903606085945,0.1662318273014661,0.0,Biotechnology,Healthcare,BGNE
2015Q4,2015,Q4,2015-12-31,2015-12-31,-27250000.0,4677000.0,-26376000.0,-0.86,-23426000.0,-5.008766303185803,116764000.0,74319000.0,106269000.0,35172000.0,42445000.0,0.0,-118195000.0,892565829.6,895482829.6,2.358049132290018,3.021409075400887,0.17801719708129218,0.2796862175217643,-0.2773355764681142,2.358049132290018,-0.3666626300138592,190.8415286722258,-8.188677335779817,12.009927873087635,0.0,0.0,0.0,0.04005515398581755,2.856988513590356,-0.23337672570312767,-44.221454102259216,-5.008766303185803,-2.3076923076923075,-11.138279942671335,4.658631309045267,3.8189991801220993,-0.9568958315930165,-0.9465676119722838,-0.8850771869639794,-11.138279942671335,4.658631309045267,3.8189991801220993,Biotechnology,Healthcare,BGNE
2015Q3,2015,Q3,2015-09-30,2015-09-30,-13999000.0,1380000.0,-13992000.0,-0.26,-11971000.0,-8.674637681159421,135608000.0,100077000.0,128211000.0,28317000.0,35531000.0,0.0,-90945000.0,1521670387.68,1514849387.68,1.862545701714749,4.527704205954021,0.15212229366998997,0.20613127891523528,-0.11591801567444866,1.862545701714749,-0.1398822906362101,1102.6597012173913,-27.174626539038503,15.20499602985701,0.0,0.0,0.0,0.0101763907734057,4.285199703358407,-0.10323137278036694,-141.6429663669366,-8.674637681159421,-1.5999999999999999,0.0,0.0,0.0,-1.2346462572335262,-1.4816521893281334,-1.1313023610053312,0.0,0.0,0.0,Biotechnology,Healthcare,BGNE
2015Q2,2015,Q2,2015-06-30,2015-06-30,-5641000.0,1380000.0,-6565000.0,-0.1,-5357000.0,-3.8818840579710145,136965000.0,109913000.0,130200000.0,26114000.0,27052000.0,0.0,-76946000.0,1521670387.68,1510563387.68,2.0456047414747967,4.985831354828828,0.1025736502026065,0.12781927524496647,-0.05295977799648279,2.0456047414747967,-0.051322409542092384,1102.6597012173913,-67.4379714447793,13.844316756707578,0.0,0.0,0.0,0.010075566750629723,4.850463352990733,-0.041185704377030626,-208.81986931247428,-3.8818840579710145,0.47368421052631576,0.0,0.0,0.0,0.38283410138248847,0.44761065413239326,0.3309213208316347,0.0,0.0,0.0,Biotechnology,Healthcare,BGNE
2015Q1,2015,Q1,2015-03-31,2015-03-31,-10212000.0,1379000.0,-9812000.0,-0.19,-8680000.0,-6.2944162436548226,,,,,,,,1521670387.68,,,0.0,0.0,0.0,0.0,,0.0,1103.4593094126178,-37.25201693301997,0.0,0.0,0.0,0.0,0.0,0.0,0.0,-219.1661223793749,-6.2944162436548226,-1.6685393258426966,0.0,0.0,0.0,-0.7982183550859747,-1.722474006931485,-0.5205330853866419,0.0,0.0,0.0,Biotechnology,Healthcare,BGNE
2014Q4,2014,Q4,2014-12-31,2014-12-31,-3751000.0,1381000.0,-6453000.0,-0.0712,-4827000.0,-3.495293265749457,53621000.0,25768000.0,47188000.0,13371000.0,27853000.0,0.0,-61093000.0,1491344453.76,1491284453.76,0.48932341429248216,3.5291302071647594,0.25807053206766006,0.5370226637690159,-0.16292985911225571,0.48932341429248216,-0.14556814653834213,1079.9018492107168,-99.39645786190349,57.87583257373487,0.0,0.0,0.0,0.0257548348594767,3.320245307007703,-0.06995393595792693,-136.43257284420454,-3.495293265749457,0.0,0.0,0.0,0.0,-1.5166840458811262,0.6156368480377088,-0.12814685314685315,0.0,0.0,0.0,Biotechnology,Healthcare,BGNE
2014Q3,2014,Q3,2014-09-30,2014-09-30,-9759000.0,6496000.0,-5720000.0,0.0,-1918000.0,-0.2952586206896552,,,,,,,,0.0,,0.0,0.0,0.0,0.0,0.0,0.0,0.0,0.0,0.0,0.0,0.0,0.0,,0.0,0.0,0.0,0.0,-0.2952586206896552,0.0,0.0,0.0,0.0,0.0,0.0,0.0,0.0,0.0,0.0,Biotechnology,Healthcare,BGNE
