Quarters,Year,Quarter,FillingDate,Date,NetIncome,Revenue,OperatingIncome,EPSDiluted,GrossProfit,GrossProfitRatio,TotalAssets,CommonStockEquity,CurrentAssets,CurrentLiability,TotalLiability,Inventory,RetainedEarnings,MarketCap,EnterpriseValue,bookValuePerShare,currentRatio,debtToAssets,debtToEquity,roic,shareholdersEquityPerShare,roe,priceToSalesRatio,peRatio,pbRatio,payoutRatio,inventoryTurnover,dividendYield,assetTurnover,quickRatio,returnOnAssets,priceToFreeCashFlowsRatio,grossProfitMargin,epsdilutedGrowth,fiveYNetIncomeGrowthPerShare,fiveYRevenueGrowthPerShare,fiveYShareholdersEquityGrowthPerShare,grossProfitGrowth,netIncomeGrowth,operatingIncomeGrowth,threeYNetIncomeGrowthPerShare,threeYRevenueGrowthPerShare,threeYShareholdersEquityGrowthPerShare,Industry,Sector,Symbol
2023Q1,2023,Q1,2023-05-05,2023-03-31,183000000.0,2144000000.0,373000000.0,0.38,1030000000.0,0.4804104478,30203000000.0,8920000000.0,1383000000.0,3259000000.0,18193000000.0,0.0,0.0,9152730000.0,21622730000.0,27.2782874617737,0.42436330162626573,0.42710988974605174,1.446188340807175,0.013013044760687476,27.2782874617737,0.020515695067264573,4.268997201492537,12.503729508196722,1.0260908071748878,0.09289617486338798,0.0,0.001857369331336115,0.07098632586166936,0.35225529303467323,0.006059000761513757,80.2871052631579,0.480410447761194,1.1544715447154472,-0.044237673394495435,0.6287367536947457,-0.14870927380857585,-0.5970266040688575,-0.7638709677419355,-0.4465875370919881,-0.17103107253708316,0.06474572086027969,-0.19525299287485964,Broadcasting,Communication Services,LSXMK
2022Q4,2022,Q4,2023-03-01,2022-12-31,775000000.0,5444000000.0,674000000.0,-2.46,2556000000.0,0.4695077149,30479000000.0,8759000000.0,1554000000.0,4344000000.0,18582000000.0,0.0,545000000.0,13108550000.0,25889550000.0,26.14626865671642,0.35773480662983426,0.4312149348731914,1.500513757278228,0.043062341992031974,26.14626865671642,0.08848042013928531,2.4078894195444525,4.228564516129033,1.4965806598926819,0.02064516129032258,0.0,0.0012205774094007345,0.17861478394960464,0.23733885819521178,0.025427343416778766,16.677544529262086,0.4695077149155033,-4.0,-0.8366596412748936,-0.43284432538163886,-0.8820396681540278,1.2168256721595836,1.540983606557377,0.11960132890365449,-0.06361051883439955,-0.5980659264299261,-0.8751208370956605,Broadcasting,Communication Services,LSXMK
2022Q3,2022,Q3,2022-11-04,2022-09-30,305000000.0,2280000000.0,602000000.0,0.82,1153000000.0,0.5057017544,30429000000.0,8457000000.0,1247000000.0,3146000000.0,18865000000.0,0.0,407000000.0,12331170000.0,25581170000.0,25.862385321100916,0.39637635092180545,0.4441158105754379,1.5979661818611801,0.01970959451274412,25.862385321100916,0.03606479839186473,5.408407894736842,10.107516393442623,1.4581021638879037,0.05245901639344262,0.0,0.0012975248901766824,0.07492852213349108,0.2930705657978385,0.010023333004699464,36.919670658682634,0.5057017543859649,-0.33870967741935487,0.7409149847094803,0.727028063149071,-0.14043487249072265,0.033154121863799284,-0.31767337807606266,0.2754237288135593,1.1469434349060728,0.11730456982011776,-0.22364012673113326,Broadcasting,Communication Services,LSXMK
2022Q2,2022,Q2,2022-08-05,2022-06-30,447000000.0,2254000000.0,472000000.0,1.24,1116000000.0,0.495119787,31152000000.0,8411000000.0,1502000000.0,3264000000.0,19585000000.0,0.0,0.0,11860450000.0,25269450000.0,25.565349544072948,0.46017156862745096,0.4462955829481253,1.6529544643918679,0.01581683861866707,25.565349544072948,0.05314469147544882,5.261956521739131,6.633361297539149,1.4101117584116039,0.035794183445190156,0.0,0.0013490213271840446,0.07235490498202363,0.35355392156862747,0.01434899845916795,26.182008830022074,0.4951197870452529,0.2653061224489796,2.7617385684631923,0.7308132757749858,-0.14669175004252583,0.008130081300813009,0.29941860465116277,-0.024793388429752067,1.6382936135631474,0.12377487123193318,-0.2353365987696166,Broadcasting,Communication Services,LSXMK
2022Q1,2022,Q1,2022-05-06,2022-03-31,344000000.0,2186000000.0,484000000.0,0.98,1107000000.0,0.5064043916,31636000000.0,8092000000.0,2149000000.0,4459000000.0,20279000000.0,0.0,0.0,15182359999.999998,29153360000.0,24.373493975903614,0.48194662480376765,0.46405993172335314,1.814260998517054,0.016429469749560516,24.373493975903614,0.042511122095897184,6.94526989935956,11.033691860465115,1.876218487394958,0.5843023255813954,0.0,0.013239048474677191,0.06909849538500443,0.30500112132765195,0.010873688203312682,63.79142857142856,0.5064043915827996,41.49586776859504,1.8456453264671593,0.732845702826763,-0.18149920833120473,-0.0398959236773634,44.0,483.0,4.577381287774047,0.23966803992345526,-0.2682556299661478,Broadcasting,Communication Services,LSXMK
2021Q4,2021,Q4,2022-02-25,2021-12-31,-8000000.0,2281000000.0,1000000.0,-0.0242,1153000000.0,0.5054800526,31674000000.0,8036000000.0,2113000000.0,5178000000.0,20073000000.0,0.0,0.0,16837131492.45,30501131492.45,24.269609118586235,0.40807261490923136,0.45027467323356696,1.7747635639621702,5.979609531497592e-06,24.269609118586235,-0.0009955201592832255,7.381469308395441,-526.1603591390625,2.0952129781545548,-2.125,0.0,0.0010096731742947444,0.07201490181221191,0.2549246813441483,-0.00025257308833743765,37.2502909125,0.505480052608505,-1.0234296790133974,-1.0099485997616668,-0.7409403328178162,-0.8820812249072162,0.020353982300884955,-1.023391812865497,-0.9983443708609272,-1.009779405888169,-0.7651520781504739,-0.8832201089680255,Broadcasting,Communication Services,LSXMK
2021Q3,2021,Q3,2021-11-04,2021-09-30,342000000.0,2198000000.0,604000000.0,1.032878,1130000000.0,0.5141037306642402,31497000000.0,8130000000.0,1813000000.0,4725000000.0,19408000000.0,0.0,0.0,15717967196.59,28942967196.59,24.553499518928085,0.3837037037037037,0.436676508873861,1.6917589175891758,0.021878752774619342,24.553499518928085,0.04206642066420664,7.151031481615105,11.489742102770467,1.9333292984735548,0.038011695906432746,0.0,0.0008270789624004521,0.06978442391338857,0.24994708994708995,0.010858176969235165,45.824977249533525,0.5141037306642402,0.03287799999999996,2.664036765519247,0.7716664600145862,-0.16599665001042269,0.03955841766329347,0.01483679525222552,-0.0473186119873817,0.8729598181791003,0.5169655394341818,-0.23441622530293535,Broadcasting,Communication Services,LSXMK
2021Q2,2021,Q2,2021-08-06,2021-06-30,337000000.0,2159000000.0,634000000.0,1.0,1087000000.0,0.5034738304770727,32540000000.0,8062000000.0,2547000000.0,4438000000.0,20381000000.0,0.0,0.0,15540650000.0,28668650000.0,24.065671641791045,0.5739071653898152,0.4508297480024585,1.8196477300917886,0.021631177555283942,24.065671641791045,0.04180104192508063,7.198077813802686,11.528672106824926,1.9276420243115853,0.04154302670623145,0.0,0.0009008632200068852,0.06634910878918254,0.4950428120775124,0.010356484326982177,30.001254826254826,0.5034738304770727,31.581039755351682,2.4258409000000003,0.7771454493927127,-0.1787988637274549,0.05227492739593417,31.636363636363637,1.7685589519650655,1.0638715869742197,0.5235136158384058,-0.2501234848712989,Broadcasting,Communication Services,LSXMK
2021Q1,2021,Q1,2021-05-07,2021-03-31,-11000000.0,2058000000.0,229000000.0,-0.0327,1033000000.0,0.5019436345966958,31774000000.0,7934000000.0,1876000000.0,3737000000.0,19618000000.0,0.0,0.0,14838221742.74,27491221742.739998,23.585625425178165,0.502006957452502,0.430635110467678,1.7246029745399547,-0.005834109359716219,23.585625425178165,-0.0013864381144441643,7.210020283158406,-337.232312335,1.8702069249735316,-1.2727272727272727,0.0,0.0009435092858650584,0.06476993768489961,0.4391222906074391,-0.0003461950022030591,76.88197794165804,0.5019436345966958,0.987326440677966,-1.109617543162564,0.7261275217184994,-0.1772636950655647,-0.07437275985663082,0.9875706214689266,1.4345351043643264,-1.0558463066709085,0.5197580050079952,-0.2639485076174462,Broadcasting,Communication Services,LSXMK
2020Q4,2020,Q4,2021-02-26,2020-12-31,-885000000.0,2189000000.0,-527000000.0,-2.5801749271137027,1116000000.0,0.5098218364550022,32081000000.0,8250000000.0,1893000000.0,3996000000.0,19326000000.0,0.0,0.0,14923930000.0,26927930000.0,24.05247813411079,0.47372372372372373,0.4052242760512453,1.5757575757575757,-0.02522554814108675,24.05247813411079,-0.10727272727272727,6.817693010507081,-4.215799435028249,1.808961212121212,-0.01694915254237288,0.0,0.0010050971828466095,0.06823353386739815,0.4174174174174174,-0.02758642186964247,35.115129411764705,0.5098218364550022,-87.00583090379008,-20.820434667373444,0.7856708435502866,-0.2564037675542444,0.09411764705882353,-74.75,-2.1685144124168514,-1.1821737340469327,-0.7772690272690272,-0.8914859194759756,Broadcasting,Communication Services,LSXMK
2020Q3,2020,Q3,2020-11-05,2020-09-30,12000000.0,2025000000.0,451000000.0,0.03,1020000000.0,0.5037037037037037,31610000000.0,9354000000.0,933000000.0,3271000000.0,17074000000.0,0.0,0.0,11346440000.0,22294440000.0,27.271137026239067,0.28523387343320084,0.3506801645049035,1.1850545221295703,0.01730639905064232,27.271137026239067,0.0012828736369467607,5.60318024691358,236.38416666666666,1.2130040624331835,1.3333333333333333,0.0,0.0014101339274697614,0.0640620056944005,0.21981045551819015,0.00037962670041126223,34.2792749244713,0.5037037037037037,1.1171042461999674,1.5438642989663398,0.5725048363804801,-0.15165282308770586,0.0625,1.1363636363636365,0.17754569190600522,-0.934700086985614,0.46232265320921706,-0.09361344345308428,Broadcasting,Communication Services,LSXMK
2020Q2,2020,Q2,2020-08-10,2020-06-30,-88000000.0,1874000000.0,383000000.0,-0.256182,960000000.0,0.512273212379936,33499000000.0,9630000000.0,2648000000.0,4755000000.0,18394000000.0,0.0,13339000000.0,11833777152.6,22377777152.6,28.034455586068766,0.5568874868559411,0.3721902146332726,1.2947040498442368,0.012234271933046909,28.034455586068766,-0.009138110072689512,6.314715663073639,-33.61868509261364,1.2288449795015577,-0.18181818181818182,0.0,0.0013520619658182963,0.05594196841696767,0.5091482649842272,-0.00262694408788322,24.860876371008406,0.512273212379936,-1.379475481228568,-2.436298751031315,0.5268287403789781,-0.1342858861909238,-0.04287138584247258,-1.411214953271028,-0.1334841628959276,-1.7092927103361195,0.3782488224802419,-0.06427908629143146,Broadcasting,Communication Services,LSXMK
2020Q1,2020,Q1,2020-05-07,2020-03-31,214000000.0,1952000000.0,442000000.0,0.675095,1003000000.0,0.5138319672131147,31108000000.0,10745000000.0,1229000000.0,3087000000.0,14831000000.0,0.0,0.0,10023295956.84,18708295956.84,33.89672433728213,0.398121153223194,0.2915970168445416,0.844206607724523,0.017698697582980816,33.89672433728213,0.01991624011167985,5.134885223790984,11.709457893504673,0.9328334999385761,0.0794392523364486,0.0,0.001696048891821759,0.06274913205606275,0.3206997084548105,0.006879259354506879,29.307882914736844,0.5138319672131147,1.0528636649550707,13.151715416213195,0.9481910197226302,0.02517507281132719,-0.027158098933074686,0.6984126984126984,0.1945945945945946,0.854067306953875,0.6206116060956084,0.13830605215950598,Broadcasting,Communication Services,LSXMK
2019Q4,2019,Q4,2020-02-26,2019-12-31,126000000.0,2062000000.0,370000000.0,-12.770491803278688,1031000000.0,0.5,31421000000.0,10678000000.0,1390000000.0,3274000000.0,15115000000.0,0.0,0.0,2455140000.0,11207140000.0,209.37254901960785,0.42455711667684787,0.2942299735845454,0.8657988387338453,0.016819471948132384,209.37254901960785,0.011799962539801461,1.190659553831232,4.871309523809524,0.22992507960292188,0.12698412698412698,0.0,0.006516939970836693,0.06562490054422201,0.355222968845449,0.004010056968269628,6.410287206266318,0.5,-30.504772804159362,10.574536663980663,11.62788074133763,5.282278624732925,0.000970873786407767,-0.1,-0.18502202643171806,0.01730103806228386,0.5204430198787112,0.017278621909844697,Broadcasting,Communication Services,LSXMK
2019Q3,2019,Q3,2019-11-12,2019-09-30,140000000.0,2011000000.0,454000000.0,0.432828,1030000000.0,0.5121829935355544,31004000000.0,10735000000.0,990000000.0,3256000000.0,14603000000.0,0.0,0.0,13521722872.4,22245722872.4,33.31236738473773,0.30405405405405406,0.2856728164107857,0.8250582207731718,0.017785706644326552,33.31236738473773,0.01304145319049837,6.723880095673794,24.145933700714288,1.2595922563949697,0.11428571428571428,0.0,0.0011832811654984114,0.06486259837440331,0.23495085995085996,0.004515546381112115,30.11519570690423,0.5121829935355544,-0.15384615384615383,3.5023955918229603,0.8025608027277216,-0.1874452859581838,0.039354187689202826,-0.16167664670658682,0.09927360774818401,0.5411409043112512,0.6655088357742552,0.13151389982260628,Broadcasting,Communication Services,LSXMK
2019Q2,2019,Q2,2019-08-08,2019-06-30,167000000.0,1977000000.0,413000000.0,0.511524,991000000.0,0.5012645422357107,31162000000.0,10842000000.0,1103000000.0,3265000000.0,14430000000.0,0.0,0.0,12488247313.3,20955247313.3,33.43346824620737,0.3378254211332312,0.2792824594056864,0.8027116768123962,0.01614706265656902,33.43346824620737,0.015403062165652093,6.3167664710672735,18.694981007934132,1.1518398186035785,0.10179640718562874,0.0,0.0013612798956900043,0.06344265451511456,0.264624808575804,0.005359091200821514,27.326580554266958,0.5012645422357107,1.7368421052631575,2.522448082298262,0.7974085945446168,-0.18186561675708934,0.11599099099099099,1.7377049180327868,0.34527687296416937,0.7537617554858934,0.681101113043037,0.14086166062532599,Broadcasting,Communication Services,LSXMK
2019Q1,2019,Q1,2019-05-09,2019-03-31,61000000.0,1744000000.0,307000000.0,0.186903,888000000.0,0.5091743119266054,31373000000.0,10937000000.0,943000000.0,3209000000.0,13943000000.0,0.0,0.0,12874686233.1,21137686233.1,33.30875504348061,0.2938610158928015,0.26650304401874225,0.7644692328792173,0.0071393724611927434,33.30875504348061,0.005577397823900521,7.3822742162270645,52.76510751270492,1.17716798327695,0.3114754098360656,0.0,0.0014757641200724726,0.05558920090523699,0.21502025553131818,0.0019443470500111562,44.091391209246574,0.5091743119266054,1.0103458103448277,1.8879751291158973,0.7967250369528425,-0.19442795948869476,0.10173697270471464,-0.5158730158730159,-0.2958715596330275,-0.37723786100739043,0.49857669686768075,0.161907795634911,Broadcasting,Communication Services,LSXMK
2018Q4,2018,Q4,2019-02-28,2018-12-31,126000000.0,1496000000.0,436000000.0,-18.065573770491802,806000000.0,0.5387700534759359,28292000000.0,10599000000.0,515000000.0,2800000000.0,12585000000.0,0.0,0.0,1885979999.9999998,9652980000.0,207.8235294117647,0.18392857142857144,0.27774635939488196,0.7413906972355883,0.017220963766824228,207.8235294117647,0.011887913954146618,1.260681818181818,3.742023809523809,0.17793942824794792,0.11904761904761904,0.0,0.007953424744695067,0.05287713841368585,0.11571428571428571,0.0044535557754842355,5.002599469496021,0.5387700534759359,-34.39076727104864,-0.47186700767263423,2.376910569105691,0.741579182628239,0.01639344262295082,-0.31891891891891894,-0.041758241758241756,17.978609625668447,7.207505518763797,5.424984262432678,Broadcasting,Communication Services,LSXMK
2018Q3,2018,Q3,2018-11-08,2018-09-30,185000000.0,1468000000.0,455000000.0,0.541035,793000000.0,0.5401907356948229,28476000000.0,10759000000.0,574000000.0,2835000000.0,12215000000.0,0.0,0.0,14405000214.0,21790000214.0,32.07160382760686,0.20246913580246914,0.2637659783677483,0.6981132075471698,0.02251722913835947,32.07160382760686,0.01719490658983177,9.812670445504088,19.466216505405402,1.3388790978715492,0.08108108108108109,0.0,0.0010413050869254226,0.05155218429554713,0.1312169312169312,0.006496698974575081,52.76556854945055,0.5401907356948229,0.12244897959183677,1.4816070440080595,0.3482733610221143,-0.23930310638452418,0.17307692307692307,0.12121212121212122,0.3663663663663664,9.572824333846025,0.1655634195751922,-0.0023204921737724014,Broadcasting,Communication Services,LSXMK
2018Q2,2018,Q2,2018-08-08,2018-06-30,165000000.0,1432000000.0,333000000.0,0.482013,676000000.0,0.4720670391061452,28514000000.0,10864000000.0,591000000.0,2940000000.0,12080000000.0,0.0,0.0,15355167861.6,22473167861.6,32.09284616369224,0.2010204081632653,0.25573402539103596,0.6712076583210603,0.0148162181829142,32.09284616369224,0.015187776141384389,10.722882584916201,23.26540585090909,1.4133991036082474,0.08484848484848485,0.0,0.0009117451613805547,0.05022094409763625,0.1431972789115646,0.005786631128568423,32.810187738461536,0.4720670391061452,-0.16949152542372875,0.736430056663784,0.3420504455483425,-0.23652244101399925,-0.0584958217270195,-0.175,-0.1590909090909091,1.7327423842577583,0.18390374820058367,-0.008961319369503529,Broadcasting,Communication Services,LSXMK
2018Q1,2018,Q1,2018-05-09,2018-03-31,200000000.0,1375000000.0,396000000.0,0.580383,718000000.0,0.5221818181818182,28958000000.0,10945000000.0,1080000000.0,2768000000.0,12523000000.0,0.0,0.0,13953033192.0,21251033192.0,32.0434448802392,0.3901734104046243,0.27474273085157813,0.7269072635906807,0.016276195102712217,32.0434448802392,0.01827318410232983,10.147660503272727,17.44129149,1.2748317215166742,0.075,0.0,0.0010750350689769936,0.047482560950341875,0.32622832369942195,0.006906554320049727,44.86505849517685,0.5221818181818182,-0.9692339649595687,-0.9751608493539125,0.7449188510744161,-0.2324117007045033,0.018439716312056736,-0.7118155619596542,0.056,11.539643816250445,0.2735809190543147,-0.03087565006704937,Broadcasting,Communication Services,LSXMK
2017Q4,2017,Q4,2018-03-01,2017-12-31,694000000.0,1404000000.0,375000000.0,18.864406779661017,705000000.0,0.5021367521367521,28530000000.0,10861000000.0,1064000000.0,3583000000.0,12054000000.0,0.0,0.0,1943339999.9999998,8824340000.0,221.6530612244898,0.29695785654479484,0.2627409744128987,0.6901758585765583,0.0978809689964209,221.6530612244898,0.06389835190129822,1.384145299145299,0.700050432276657,0.1789282754810791,0.021613832853025938,0.0,0.007718669918799593,0.04921135646687697,0.23918504046888084,0.024325271643883633,4.243100436681222,0.5021367521367521,34.512947676122685,14.900269541778975,1.0356503198294245,3.095763087843833,-0.048582995951417005,2.7923497267759565,-0.08088235294117647,65.35392787251887,7.949175286552978,5.650758636495482,Broadcasting,Communication Services,LSXMK
2017Q3,2017,Q3,2017-11-09,2017-09-30,183000000.0,1379000000.0,408000000.0,0.531198,741000000.0,0.5373459028281363,28117000000.0,10277000000.0,657000000.0,2687000000.0,12242000000.0,0.0,0.0,14301432062.4,21049432062.4,30.087755416557172,0.24451060662448829,0.24831952199736815,0.6793811423567189,0.01660850303297722,30.087755416557172,0.01780675294346599,10.370871691370558,19.537475495081967,1.391595997119782,0.08196721311475409,0.0,0.0010488460130812082,0.04904506170644094,0.1708224786006699,0.006508517978447203,32.726389158810065,0.5373459028281363,0.49999999999999983,-0.17089725002029885,7.965883364596685,0.0,0.046610169491525424,0.4878048780487805,0.04081632653061224,4.5524759922883025,0.1661706403276094,-0.2660999677296517,Broadcasting,Communication Services,LSXMK
2017Q2,2017,Q2,2017-08-09,2017-06-30,123000000.0,1348000000.0,392000000.0,0.354132,708000000.0,0.5252225519287834,27643000000.0,10203000000.0,626000000.0,2647000000.0,11819000000.0,0.0,0.0,14200974615.000002,20744974615.0,29.960274666683503,0.2364941443143181,0.24299099229461346,0.6583357835930609,0.014528989862563608,29.960274666683503,0.012055277859453102,10.534847637240357,28.863769542682927,1.3918430476330492,0.12195121951219512,0.0,0.001056265531533027,0.04876460586766993,0.15375897242160938,0.004449589407806678,34.13695820913462,0.5252225519287834,-0.027027027027026987,-0.8681714332321003,9.027672315503255,0.0,0.056716417910447764,-0.008064516129032258,0.053763440860215055,1.4704673412304388,0.16701358844218925,-0.2668564728101204,Broadcasting,Communication Services,LSXMK
2017Q1,2017,Q1,2017-05-09,2017-03-31,124000000.0,1294000000.0,372000000.0,0.363969,670000000.0,0.517774343122102,27101000000.0,10141000000.0,775000000.0,2578000000.0,11179000000.0,0.0,0.0,13206565841.0,19123565841.0,29.77821673966847,0.30062063615205586,0.23050809933212796,0.6160141997830588,0.014445159429294162,29.77821673966847,0.012227590967360221,10.206001422720247,26.626140808467746,1.3022942353811262,0.12096774193548387,0.0,0.001135798676248768,0.04774731559721043,0.2187742435996897,0.0045754769196708605,52.826263364,0.517774343122102,-0.819544781512605,-0.16981585281145156,36.12874261965375,0.0,0.08064516129032258,0.04201680672268908,0.21568627450980393,4.6603464581037395,0.2853669551808913,-0.27981400714471283,Broadcasting,Communication Services,LSXMK
2016Q4,2016,Q4,2017-02-28,2016-12-31,119000000.0,1303000000.0,306000000.0,2.016949152542373,620000000.0,0.4758250191864927,27051000000.0,10085000000.0,716000000.0,2674000000.0,11021000000.0,0.0,11727000000.0,1662080000.0,7482080000.0,205.81632653061226,0.2677636499626028,0.22575875198698755,0.605552801189886,0.017663664170655652,205.81632653061226,0.011799702528507684,1.2755794320798157,3.4917647058823533,0.16480713931581556,0.0,0.0,0.0,0.04816827474030535,0.1907255048616305,0.0043990980000739345,3.8385219399538104,0.4758250191864927,6.32275066637031,1.7264150943396224,0.8892110874200427,2.8031277728482697,-0.06906906906906907,0.23958333333333334,-0.16621253405994552,-0.4808488612836439,2.0613041314086606,0.724758648576965,Broadcasting,Communication Services,LSXMK
2016Q3,2016,Q3,2016-11-08,2016-09-30,96000000.0,1276000000.0,367000000.0,0.275436,666000000.0,0.5219435736677116,27432000000.0,10026000000.0,1080000000.0,3149000000.0,11133000000.0,0.0,0.0,11377807239.499998,17128807239.499998,29.44052864923736,0.3429660209590346,0.23191892680081658,0.6345501695591462,0.01212695033523693,29.44052864923736,0.009575104727707959,8.916776833463949,29.62970635286458,1.1348301655196489,0.0,0.0,0.0,0.04651501895596384,0.2680215941568752,0.003499562554680665,32.60116687535816,0.5219435736677116,0.16666666666666677,-0.5637625266561416,7.320970138871396,0.0,0.07419354838709677,-0.04,0.06997084548104957,0.26853265274990434,0.15444090214972517,-0.30170880102370634,Broadcasting,Communication Services,LSXMK
2016Q2,2016,Q2,2016-08-05,2016-06-30,100000000.0,1235000000.0,343000000.0,0.236088,620000000.0,0.5020242914979757,27336000000.0,9980000000.0,983000000.0,2791000000.0,10966000000.0,0.0,0.0,10512807826.5,16349807826.5,29.305453413064917,0.3522035112862773,0.23276997366110624,0.6375751503006012,0.012965299632374222,29.305453413064917,0.01002004008016032,8.512395001214575,26.28201956625,1.0533875577655312,0.0,0.0,0.0,0.04517851916886158,0.26907918308849876,0.0036581796897863623,26.955917503846155,0.5020242914979757,-0.2085816767791895,-0.8928223034407321,8.1870736718446,0.0,0.03161397670549085,-0.009900990099009901,0.020833333333333332,0.046098975792021775,0.15051479192859085,-0.302833537335267,Broadcasting,Communication Services,LSXMK
2016Q1,2016,Q1,2016-05-09,2016-03-31,101000000.0,1200000000.0,336000000.0,0.29831,601000000.0,0.5008333333333334,26983000000.0,9706000000.0,562000000.0,2867000000.0,10582000000.0,0.0,0.0,10167375988.77,16040375988.77,28.667296293747153,0.19602371817230554,0.22143571878590224,0.615598598804863,0.013279978700822944,28.667296293747153,0.010405934473521533,8.472813323975,25.166772249430693,1.0475351317504635,0.0,0.0,0.0,0.04447244561390505,0.11510289501220788,0.0037430975058370085,31.188269904202457,0.5008333333333334,1.3051227272727273,-0.31985318457406814,33.6326525535128,0.0,0.008389261744966443,1.2954545454545454,0.5483870967741935,-0.9873453209732213,0.5363027114993002,-0.31328603120672927,Broadcasting,Communication Services,LSXMK
2015Q4,2015,Q4,2016-02-26,2015-12-31,44000000.0,1208000000.0,217000000.0,0.12941176470588237,596000000.0,0.49337748344370863,29798000000.0,10933000000.0,691000000.0,2813000000.0,11667000000.0,0.0,10981000000.0,10150140000.0,16830140000.0,32.34615384615385,0.2456452186277995,0.23092153835827908,0.6293789444800146,0.007276156375010078,32.34615384615385,0.004024512942467758,8.402433774834437,57.67125,0.9283947681331748,0.0,0.0,0.0,0.040539633532451845,0.1645929612513331,0.0014766091684005637,46.5602752293578,0.49337748344370863,3.0117798856760363,-0.8538573182985375,-0.7460884924489977,-0.40229933110367894,-0.16875871687587168,3.0,-0.32398753894080995,-0.8538573182985375,-0.7460884924489977,-0.40229933110367894,Broadcasting,Communication Services,LSXMK
2015Q3,2015,Q3,2015-11-05,2015-09-30,-22000000.0,1284000000.0,321000000.0,-0.064327,717000000.0,0.5584112149532711,30680000000.0,10994000000.0,2110000000.0,2761000000.0,12238000000.0,0.0,11037000000.0,10270260000.0,16484260000.0,32.146198830409354,0.7642158638174574,0.22170795306388527,0.618701109696198,0.010564974472594161,32.146198830409354,-0.0020010915044569766,7.998644859813084,-116.70750000000001,0.9341695470256505,0.0,0.0,0.0,0.041851368970013035,0.32053603766751176,-0.0007170795306388527,65.835,0.5584112149532711,-1.3785811812895783,-1.099547511312217,7.337662337662339,0.0,0.26902654867256637,-1.360655737704918,0.8771929824561403,-1.099547511312217,7.337662337662339,0.0,Broadcasting,Communication Services,LSXMK
2015Q2,2015,Q2,2015-08-05,2015-06-30,61000000.0,1222000000.0,171000000.0,0.169916,565000000.0,0.4623567921440262,31111000000.0,11075000000.0,2478000000.0,2970000000.0,12152000000.0,0.0,11112000000.0,10270260000.0,16037260000.0,32.38304093567251,0.8343434343434344,0.21076146700523932,0.5920541760722348,0.007165144107050952,32.38304093567251,0.005507900677200903,8.404468085106384,42.091229508196726,0.9273372460496615,0.0,0.0,0.0,0.03927871170968468,0.39494949494949494,0.001960721288290315,35.17212328767123,0.4623567921440262,4.058463532291742,-0.934898612593383,8.05185185185185,0.0,0.0071301247771836,4.2105263157894735,-0.3020408163265306,-0.934898612593383,8.05185185185185,0.0,Broadcasting,Communication Services,LSXMK
2015Q1,2015,Q1,2015-05-08,2015-03-31,-19000000.0,1081000000.0,245000000.0,-0.055556,561000000.0,0.5189639222941721,31430000000.0,11308000000.0,2737000000.0,2684000000.0,11790000000.0,0.0,11333000000.0,10270260000.0,15569260000.0,33.06432748538012,1.0197466467958272,0.20588609608654151,0.5722497347010965,0.002493578566473555,33.06432748538012,-0.0016802263883975946,9.500703052728955,-135.13500000000002,0.9082295719844358,0.0,0.0,0.0,0.03439389118676424,0.5488077496274217,-0.0006045179764556156,40.91737051792828,0.5189639222941721,-1.2625591780821919,-1.1266666666666667,29.88571428571429,0.0,0.008992805755395683,-1.2602739726027397,0.18932038834951456,-1.1266666666666667,29.88571428571429,0.0,Broadcasting,Communication Services,LSXMK
2014Q4,2014,Q4,2015-02-26,2014-12-31,73000000.0,1095000000.0,206000000.0,0.21159420289855072,556000000.0,0.5077625570776255,31207000000.0,11398000000.0,2344000000.0,2650000000.0,11031000000.0,0.0,11416000000.0,10270260000.0,15441260000.0,33.32748538011696,0.8845283018867924,0.18752203031371167,0.5134234076153711,0.0094088713219148,33.32748538011696,0.006404632391647657,9.37923287671233,35.17212328767123,0.9010580803649763,0.0,0.0,0.0,0.035088281475310026,0.4207547169811321,0.0023392187650206685,36.29067137809187,0.5077625570776255,1.3018885892229357,-0.7603718415535695,-0.7725320764598061,-0.38416603101957786,-0.1664167916041979,1.2121212121212122,-0.17269076305220885,-0.7603718415535695,-0.7725320764598061,-0.38416603101957786,Broadcasting,Communication Services,LSXMK
2014Q3,2014,Q3,2014-11-05,2014-09-30,33000000.0,1184000000.0,249000000.0,0.091922,667000000.0,0.5633445945945946,33845000000.0,14021000000.0,2171000000.0,3231000000.0,11251000000.0,0.0,11964000000.0,10270260000.0,15967260000.0,40.99707602339181,0.6719281956050758,0.17946520904121732,0.43320733185935384,0.007186862403582983,40.99707602339181,0.0023536124384851294,8.674206081081081,77.805,0.732491263105342,0.0,0.0,0.0,0.03498301078445856,0.283503559269576,0.0009750332397695376,52.668,0.5633445945945946,-0.34000114879807003,-0.8506787330316743,6.688311688311688,0.0,0.02773497688751926,-0.34,0.07792207792207792,-0.8506787330316743,6.688311688311688,0.0,Broadcasting,Communication Services,LSXMK
2014Q2,2014,Q2,2014-08-05,2014-06-30,50000000.0,1160000000.0,231000000.0,0.139276,649000000.0,0.5594827586206896,34075000000.0,13976000000.0,2274000000.0,3321000000.0,11138000000.0,0.0,11931000000.0,10270260000.0,15643260000.0,40.865497076023395,0.6847335140018067,0.17429200293470287,0.4249427590154551,0.006792958471293052,40.865497076023395,0.003577561534058386,8.853672413793104,51.3513,0.7348497424155696,0.0,0.0,0.0,0.03404255319148936,0.314965371875941,0.001467351430667645,45.6456,0.5594827586206896,1.2727435909988416,-0.9466382070437566,7.592592592592593,0.0,0.2851485148514851,1.2727272727272727,0.49032258064516127,-0.9466382070437566,7.592592592592593,0.0,Broadcasting,Communication Services,LSXMK
2014Q1,2014,Q1,2014-05-08,2014-03-31,22000000.0,1011000000.0,155000000.0,0.061281,505000000.0,0.49950544015825915,33693000000.0,14141000000.0,1801000000.0,3291000000.0,9816000000.0,0.0,11881000000.0,10270260000.0,14561260000.0,41.34795321637427,0.5472500759647524,0.13854509838838927,0.33010395304433915,-0.016952370825516656,41.34795321637427,0.0015557598472526696,10.158516320474778,116.70750000000001,0.7262753694929637,0.0,0.0,0.0,0.030006232748642152,0.17654208447280462,0.000652954619653934,45.045,0.49950544015825915,-0.9866780434782608,-0.8533333333333334,27.88571428571429,0.0,-0.015594541910331383,-0.9601449275362319,-0.17989417989417988,-0.8533333333333334,27.88571428571429,0.0,Broadcasting,Communication Services,LSXMK
2013Q4,2013,Q4,2014-02-28,2013-12-31,552000000.0,1025000000.0,189000000.0,4.6,513000000.0,0.5004878048780488,34542000000.0,14081000000.0,2494000000.0,3172000000.0,10660000000.0,0.0,11859000000.0,3543540000.0,8010540000.0,119.33050847457628,0.7862547288776797,0.1608187134502924,0.39450323130459486,0.00911006931660814,119.33050847457628,0.0392017612385484,3.457112195121951,1.6048641304347826,0.25165400184645975,0.0,0.0,0.0,0.029674020033582306,0.40794451450189156,0.01598054542296335,13.027720588235294,0.5004878048780488,20.728964236959076,4.251678925487687,-0.3828737667594232,1.2050202652910833,-0.19592476489028213,6.2631578947368425,-0.23790322580645162,4.251678925487687,-0.3828737667594232,1.2050202652910833,Broadcasting,Communication Services,LSXMK
2013Q3,2013,Q3,2013-11-05,2013-09-30,76000000.0,1110000000.0,248000000.0,0.211699,638000000.0,0.5747747747747748,33943000000.0,14419000000.0,2481000000.0,2760000000.0,9964000000.0,0.0,11307000000.0,10270260000.0,13980260000.0,42.16081871345029,0.8989130434782608,0.14379989983207142,0.33851168596990083,0.0070979521342215655,42.16081871345029,0.00527082321936334,9.252486486486486,33.783750000000005,0.712272695748665,0.0,0.0,0.0,0.03270188256783431,0.5057971014492754,0.0022390478154553223,47.99186915887851,0.5747747747747748,-0.20833255425210073,-0.6561085972850679,6.207792207792208,0.0,0.03403565640194489,-0.20833333333333334,0.05084745762711865,-0.6561085972850679,6.207792207792208,0.0,Broadcasting,Communication Services,LSXMK
2013Q2,2013,Q2,2013-08-06,2013-06-30,96000000.0,1078000000.0,236000000.0,0.267409,617000000.0,0.5723562152133581,33884000000.0,14376000000.0,2365000000.0,2424000000.0,9571000000.0,0.0,11237000000.0,10270260000.0,13696260000.0,42.03508771929825,0.9756600660066007,0.12876283791760124,0.3034919309961046,0.007594888237740695,42.03508771929825,0.00667779632721202,9.527142857142858,26.745468750000004,0.7144031719532554,0.0,0.0,0.0,0.03181442568764018,0.4933993399339934,0.002833195608546807,44.65330434782609,0.5723562152133581,-0.9880923060138732,-0.8975453575240128,6.985185185185184,0.0,0.44835680751173707,-0.9880922847928554,0.475,-0.8975453575240128,6.985185185185184,0.0,Broadcasting,Communication Services,LSXMK
2013Q1,2013,Q1,2013-05-09,2013-03-31,8062000000.0,789000000.0,160000000.0,22.456825,426000000.0,0.5399239543726235,32396000000.0,14277000000.0,3458000000.0,2452000000.0,7645000000.0,0.0,11141000000.0,10270260000.0,10789260000.0,41.74561403508772,1.4102773246329527,0.07466971231016174,0.16943335434615114,0.010029579840371384,41.74561403508772,0.5646844575190867,13.01680608365019,0.3184774249565865,0.7193570077747427,0.0,0.0,0.0,0.024354858624521546,0.8715334420880914,0.24885788368934436,32.812332268370604,0.5399239543726235,0.8636369294605807,52.74666666666667,21.542857142857144,0.0,-0.10126582278481013,75.05660377358491,-0.5375722543352601,52.74666666666667,21.542857142857144,0.0,Broadcasting,Communication Services,LSXMK
2012Q4,2012,Q4,2012-12-31,2012-12-31,106000000.0,1675000000.0,346000000.0,12.05,474000000.0,0.2829850746268657,8325000000.0,6440000000.0,2211000000.0,385000000.0,1893000000.0,0.0,3079000000.0,3573570000.0,2760570000.0,54.11764705882353,5.742857142857143,0.06486486486486487,0.08385093167701864,0.03732768130320459,54.11764705882353,0.016459627329192546,2.1334746268656715,8.42823113207547,0.5549021739130435,0.0,0.0,0.0,0.2012012012012012,4.431168831168831,0.012732732732732732,-198.53166666666667,0.2829850746268657,18.574430757684794,0.0,0.0,0.0,2.0779220779220777,-0.5203619909502263,33.6,0.0,0.0,0.0,Broadcasting,Communication Services,LSXMK
2012Q3,2012,Q3,2012-09-30,2012-09-30,221000000.0,154000000.0,10000000.0,0.615599,154000000.0,1.0,,,,,,,,10270260000.0,,,0.0,0.0,0.0,0.0,,0.0,66.69,11.617941176470588,0.0,0.0,0.0,0.0,0.0,0.0,0.0,106.981875,1.0,-0.7641408444660364,0.0,0.0,0.0,0.14074074074074075,-0.7641408751334045,4.0,0.0,0.0,0.0,Broadcasting,Communication Services,LSXMK
2012Q2,2012,Q2,2012-06-30,2012-06-30,937000000.0,135000000.0,2000000.0,2.610028,135000000.0,1.0,,,,,,,,10270260000.0,,,0.0,0.0,0.0,0.0,,0.0,76.076,2.740197438633938,0.0,0.0,0.0,0.0,0.0,0.0,0.0,293.436,1.0,5.246671469292314,0.0,0.0,0.0,2.857142857142857,5.246666666666667,1.0625,0.0,0.0,0.0,Broadcasting,Communication Services,LSXMK
2012Q1,2012,Q1,2012-03-31,2012-03-31,150000000.0,35000000.0,-32000000.0,0.417827,35000000.0,1.0,,,,,,,,10270260000.0,,,0.0,0.0,0.0,0.0,,0.0,293.436,17.1171,0.0,0.0,0.0,0.0,0.0,0.0,0.0,111.63326086956522,1.0,0.0,0.0,0.0,0.0,0.0,0.0,0.0,0.0,0.0,0.0,Broadcasting,Communication Services,LSXMK
