Quarters,Year,Quarter,FillingDate,Date,NetIncome,Revenue,OperatingIncome,EPSDiluted,GrossProfit,GrossProfitRatio,TotalAssets,CommonStockEquity,CurrentAssets,CurrentLiability,TotalLiability,Inventory,RetainedEarnings,MarketCap,EnterpriseValue,bookValuePerShare,currentRatio,debtToAssets,debtToEquity,roic,shareholdersEquityPerShare,roe,priceToSalesRatio,peRatio,pbRatio,payoutRatio,inventoryTurnover,dividendYield,assetTurnover,quickRatio,returnOnAssets,priceToFreeCashFlowsRatio,grossProfitMargin,epsdilutedGrowth,fiveYNetIncomeGrowthPerShare,fiveYRevenueGrowthPerShare,fiveYShareholdersEquityGrowthPerShare,grossProfitGrowth,netIncomeGrowth,operatingIncomeGrowth,threeYNetIncomeGrowthPerShare,threeYRevenueGrowthPerShare,threeYShareholdersEquityGrowthPerShare,Industry,Sector,Symbol
2023Q1,2023,Q1,2023-04-25,2023-03-31,-177000000.0,4649000000.0,265000000.0,-3.23,763000000.0,0.1641213164,16864000000.0,2061000000.0,6095000000.0,5982000000.0,14630000000.0,2351000000.0,7985000000.0,7234696000.000001,14160696000.0,37.60948905109489,1.0188900033433634,0.49128320683111953,4.019893255701116,0.03933465273468292,37.60948905109489,-0.0858806404657933,1.5561832652183267,-10.218497175141243,3.5102843279961187,-0.5480225988700564,1.6529136537643556,0.013407612427668003,0.2756759962049336,0.49665663657639586,-0.01049573055028463,-12.625996509598606,0.16412131641213165,0.8890034364261168,-3.4464979034011494,0.2299545040405347,-0.3756596828076577,0.18294573643410852,0.8888190954773869,1.731958762886598,-2.3344698424894355,0.2318349436732628,-0.22814512666380418,"Furnishings, Fixtures & Appliances",Consumer Cyclical,WHR
2022Q4,2022,Q4,2023-02-10,2022-12-31,-1592000000.0,4923000000.0,97000000.0,-29.1,645000000.0,0.1310176722,17124000000.0,2336000000.0,6394000000.0,5931000000.0,14618000000.0,2089000000.0,8261000000.0,7737862000.0,13978862000.0,42.70566727605119,1.0780644073512056,0.478801681850035,3.509845890410959,0.009119040911025398,42.70566727605119,-0.6815068493150684,1.5717777777777777,-1.2151165201005025,3.3124409246575346,-0.059673366834170856,2.047869794159885,0.012277293133426261,0.2874912403644008,0.5923115832068792,-0.09296893249240831,9.168082938388626,0.13101767215112736,-12.192307692307693,-6.7647411934841335,0.1285513854787794,-0.2726404930353359,-0.051470588235294115,-12.132867132867133,-0.5610859728506787,-7.396861669713589,0.05852842809364541,-0.153906498098892,"Furnishings, Fixtures & Appliances",Consumer Cyclical,WHR
2022Q3,2022,Q3,2022-10-21,2022-09-30,143000000.0,4784000000.0,221000000.0,2.6,680000000.0,0.1421404682,17511000000.0,4178000000.0,7919000000.0,6809000000.0,13160000000.0,2884000000.0,9960000000.0,7374107000.0,11257107000.0,76.38025594149909,1.1630195329710677,0.3241962195191594,1.3587841072283389,0.015390847072200113,76.38025594149909,0.034226902824317854,1.5414103260869565,12.891795454545454,1.7649849210148396,0.6643356643356644,1.4230235783633842,0.012882915856794592,0.27319970304380103,0.6174181230724042,0.008166295471417966,19.769723860589814,0.14214046822742474,1.39453717754173,-0.30949447579683653,0.17677212460597513,0.17174256273890634,-0.241917502787068,1.3875338753387534,-0.5066964285714286,-0.5355672893282812,0.09259161505571173,0.6042880706338646,"Furnishings, Fixtures & Appliances",Consumer Cyclical,WHR
2022Q2,2022,Q2,2022-07-26,2022-06-30,-369000000.0,5097000000.0,448000000.0,-6.59,897000000.0,0.175985874,18352000000.0,4036000000.0,8460000000.0,7592000000.0,14143000000.0,3218000000.0,9912000000.0,8672720000.0,12883720000.0,72.07142857142857,1.1143308746048473,0.3189298169136879,1.4501982160555005,0.046780130669238404,72.07142857142857,-0.09142715559960357,1.7015342358249952,-5.875826558265583,2.1488404360753224,-0.26287262872628725,1.3051584835301429,0.011184495752197696,0.2777353966870096,0.5749473129610115,-0.020106800348735833,481.8177777777778,0.17598587404355504,-2.2047531992687386,-3.5799319727891157,0.25964492772983505,0.12730621735060535,0.05405405405405406,-2.149532710280374,-0.028199566160520606,-7.274573560767591,0.11973376122527679,0.6726653848152575,"Furnishings, Fixtures & Appliances",Consumer Cyclical,WHR
2022Q1,2022,Q1,2022-04-26,2022-03-31,321000000.0,4920000000.0,461000000.0,5.47,851000000.0,0.1729674797,19487000000.0,4575000000.0,8968000000.0,8285000000.0,14742000000.0,3136000000.0,10380000000.0,10073074000.0,13946074000.0,78.47341337907376,1.0824381412190707,0.3072304613331965,1.3086338797814208,0.030507017514925617,78.47341337907376,0.07016393442622951,2.0473727642276423,7.8450732087227415,2.201764808743169,0.32087227414330216,1.297512755102041,0.010225279790459198,0.25247600964745726,0.6003621001810501,0.016472520141632883,-24.27246746987952,0.17296747967479675,0.08102766798418976,1.6918238993710695,0.31894125160649384,0.21881464301385317,-0.19868173258003766,0.04220779220779221,-0.08531746031746032,-0.2518381750445204,0.13466999149574074,0.7923977359959745,"Furnishings, Fixtures & Appliances",Consumer Cyclical,WHR
2021Q4,2021,Q4,2022-02-10,2021-12-31,308000000.0,5815000000.0,504000000.0,5.06,1062000000.0,0.1826311264,20285000000.0,4846000000.0,9695000000.0,8510000000.0,15272000000.0,2717000000.0,10170000000.0,14126532000.0,17113532000.0,80.4983388704319,1.1392479435957696,0.2973132856790732,1.2445315724308708,0.02811978806542952,80.4983388704319,0.06355757325629385,2.42932622527945,11.466340909090908,2.915091209244738,0.275974025974026,1.7493559072506442,0.006017046505115339,0.2866650234163175,0.7219741480611046,0.01518363322652206,21.306986425339367,0.1826311263972485,-0.3262316910785619,1.137467700258398,0.2842857612766499,0.2682746874201715,-0.04151624548736462,-0.346072186836518,-0.08695652173913043,0.9321477428180575,0.09564995362924542,1.255780600384866,"Furnishings, Fixtures & Appliances",Consumer Cyclical,WHR
2021Q3,2021,Q3,2021-10-22,2021-09-30,471000000.0,5488000000.0,552000000.0,7.51,1108000000.0,0.2018950437317784,20394000000.0,4964000000.0,9726000000.0,8291000000.0,15265000000.0,2876000000.0,9957000000.0,12680092000.0,15889092000.0,79.80707395498392,1.173079242552165,0.29832303618711387,1.225624496373892,0.038597255524961634,79.80707395498392,0.09488315874294924,2.310512390670554,6.730409766454353,2.554410153102337,0.18259023354564755,1.5229485396383866,0.006782285175848881,0.26909875453564774,0.7311542636593897,0.02309502794939688,24.10663878326996,0.2018950437317784,-0.1792349726775957,1.4085154962306465,0.27269920006274034,0.2073132490791933,0.01651376146788991,-0.18932874354561102,-0.191800878477306,1.3257923748277447,0.06851905292606923,1.1811679110578233,"Furnishings, Fixtures & Appliances",Consumer Cyclical,WHR
2021Q2,2021,Q2,2021-07-22,2021-06-30,581000000.0,5324000000.0,683000000.0,9.15,1090000000.0,0.20473328324567994,20081000000.0,4951000000.0,9403000000.0,7832000000.0,14996000000.0,2652000000.0,9572000000.0,13713458000.0,16879458000.0,78.71224165341812,1.2005873340143003,0.30546287535481303,1.2389416279539487,0.049348850304085784,78.71224165341812,0.11735003029690971,2.575780991735537,5.900799483648881,2.769835992728742,0.1514629948364888,1.596530920060332,0.006417053962611035,0.26512623873313085,0.7686414708886619,0.02893282207061401,38.848322946175635,0.20473328324567994,0.34361233480176223,1.1995329888712243,0.24081232172579534,0.2310904790620814,-0.050522648083623695,0.3418013856812933,0.10517799352750809,1.9714896201600474,0.13789536847444844,1.26814674656013,"Furnishings, Fixtures & Appliances",Consumer Cyclical,WHR
2021Q1,2021,Q1,2021-04-22,2021-03-31,433000000.0,5358000000.0,618000000.0,6.81,1148000000.0,0.21425905188503172,20338000000.0,4222000000.0,9838000000.0,8011000000.0,15199000000.0,2470000000.0,9079000000.0,13882050000.0,16725050000.0,67.01587301587301,1.2280614155536138,0.2601042383715213,1.2529606821411654,0.043873257400586944,67.01587301587301,0.10255802936996684,2.590901455767077,8.015040415704389,3.2880270014211277,0.18244803695150116,1.7044534412955465,0.005690802150979142,0.26344773330710985,0.6795655973037074,0.02129019569279182,127.35825688073395,0.21425905188503172,-0.12355212355212356,2.5418941798941797,0.4242159775521995,0.08876145105653298,-0.15835777126099707,-0.12877263581488935,-0.13687150837988826,4.205943937858831,0.2330259572776372,0.11250411721383968,"Furnishings, Fixtures & Appliances",Consumer Cyclical,WHR
2020Q4,2020,Q4,2021-02-11,2020-12-31,497000000.0,5798000000.0,716000000.0,7.77,1364000000.0,0.2352535357019662,20350000000.0,3799000000.0,9015000000.0,8330000000.0,15641000000.0,2187000000.0,8639000000.0,11352821000.0,14635821000.0,60.39745627980922,1.082232893157263,0.305012285012285,1.6338510134245854,0.050735698460939636,60.39745627980922,0.13082390102658595,1.958058123490859,5.710674547283703,2.9883708870755465,0.158953722334004,2.027434842249657,0.006958622883246375,0.2849140049140049,0.724249699879952,0.024422604422604424,12.15505460385439,0.2352535357019662,0.23923444976076558,2.4283430489312843,0.2948033306264369,-0.005473047553636875,0.18095238095238095,0.2518891687657431,0.256140350877193,3.1080309897254583,0.1558630865581987,0.028684641259256596,"Furnishings, Fixtures & Appliances",Consumer Cyclical,WHR
2020Q3,2020,Q3,2020-10-22,2020-09-30,397000000.0,5291000000.0,570000000.0,6.27,1155000000.0,0.2182952182952183,20359000000.0,3371000000.0,9307000000.0,9105000000.0,16081000000.0,2216000000.0,8223000000.0,11511514000.0,14981514000.0,53.849840255591054,1.0221856123009336,0.34373004568004323,2.075941857015722,0.0377642800449589,53.849840255591054,0.11776920795016316,2.1756783216783218,7.249064231738035,3.414866211806585,0.19395465994962216,1.8664259927797835,0.0066889550757615384,0.25988506311704895,0.685777045579352,0.019499975440836977,10.901054924242425,0.2182952182952183,10.399999999999999,1.126544762422677,0.26212552998393773,-0.12741776431409105,0.8304278922345484,10.342857142857143,6.402597402597403,0.6750763994999306,0.1372395529279398,-0.17389449607900093,"Furnishings, Fixtures & Appliances",Consumer Cyclical,WHR
2020Q2,2020,Q2,2020-07-23,2020-06-30,35000000.0,4042000000.0,77000000.0,0.55,631000000.0,0.1561108362196932,18676000000.0,3018000000.0,7579000000.0,7725000000.0,14751000000.0,2129000000.0,7902000000.0,8082672000.0,12432672000.0,48.36538461538461,0.9811003236245954,0.36924394945384453,2.2849569251159707,0.00420154311219757,48.36538461538461,0.011597084161696488,1.999671449777338,57.73337142857143,2.678155069582505,2.2857142857142856,1.6021606387975575,0.009897716992598489,0.21642750053544657,0.5882200647249191,0.0018740629685157421,-2020.668,0.1561108362196932,-0.7717842323651453,-0.7493390554831233,-0.016176419906258767,-0.22415292576010482,-0.09857142857142857,-0.7697368421052632,-0.7038461538461539,-0.7803893637226971,-0.10353517189125948,-0.24349218737297373,"Furnishings, Fixtures & Appliances",Consumer Cyclical,WHR
2020Q1,2020,Q1,2020-05-01,2020-03-31,152000000.0,4325000000.0,260000000.0,2.41,700000000.0,0.16184971098265896,19395000000.0,3060000000.0,8162000000.0,8576000000.0,15415000000.0,2543000000.0,7947000000.0,5388240000.0,9605240000.0,48.72611464968153,0.9517257462686567,0.3637019850476927,2.3052287581699344,0.01610859774277326,48.72611464968153,0.04967320261437908,1.245835838150289,8.862236842105263,1.7608627450980392,0.4934210526315789,1.4254817145104208,0.013919201817290991,0.22299561742717194,0.5559701492537313,0.007837071410157256,-6.013660714285714,0.16184971098265896,-0.4668141592920353,-0.0014339547137092643,0.11987429385585595,-0.20488344700871725,-0.3320610687022901,-0.4722222222222222,-0.3867924528301887,0.1832979476291578,0.07635460113228339,-0.24320735552404943,"Furnishings, Fixtures & Appliances",Consumer Cyclical,WHR
2019Q4,2019,Q4,2020-02-11,2019-12-31,288000000.0,5382000000.0,424000000.0,4.52,1048000000.0,0.19472315124489037,18881000000.0,3195000000.0,7398000000.0,8369000000.0,14763000000.0,2438000000.0,7870000000.0,9338649000.0,12379649000.0,50.4739336492891,0.8839765802365874,0.2644457391028018,1.562754303599374,0.041146378429959975,50.4739336492891,0.09014084507042254,1.7351633221850613,8.106466145833334,2.922894835680751,0.2638888888888889,1.7776866283839212,0.008138222134700642,0.2850484614162386,0.49587764368502807,0.015253429373444203,5.948184076433121,0.19472315124489037,-0.18850987432675056,3.4037212568018256,0.11042109277115007,-0.18993727776780645,0.4143049932523617,-0.19553072625698323,-0.38816738816738816,0.9007898894154817,0.13044236041749077,-0.20476852913753604,"Furnishings, Fixtures & Appliances",Consumer Cyclical,WHR
2019Q3,2019,Q3,2019-10-23,2019-09-30,358000000.0,5091000000.0,693000000.0,5.57,741000000.0,0.145550972304066,18406000000.0,3028000000.0,7375000000.0,8500000000.0,14457000000.0,2883000000.0,7659000000.0,10071696000.0,14670696000.0,47.61006289308176,0.8676470588235294,0.30381397370422686,1.8467635402906208,0.04033805984505511,47.61006289308176,0.11822985468956407,1.9783335297583973,7.033307262569833,3.326187582562748,0.22346368715083798,1.5088449531737773,0.00794305149798008,0.27659458872106923,0.4212941176470588,0.019450179289362164,68.98421917808218,0.145550972304066,4.355769230769231,0.9187312004375171,0.3009324446947652,-0.28191055582577723,-0.20493562231759657,4.343283582089552,2.6282722513089007,0.7903784155171503,0.1546438175908883,-0.27975983992680065,"Furnishings, Fixtures & Appliances",Consumer Cyclical,WHR
2019Q2,2019,Q2,2019-07-23,2019-06-30,67000000.0,5186000000.0,191000000.0,1.04,932000000.0,0.17971461627458543,19855000000.0,2749000000.0,8503000000.0,10094000000.0,16188000000.0,3008000000.0,7380000000.0,9288004000.0,14995004000.0,43.087774294670844,0.8423816128393105,0.3467640392848149,2.504547108039287,0.006613484352126683,43.087774294670844,0.02437249909057839,1.7909764751253374,34.65673134328358,3.3786846125863956,1.1343283582089552,1.4142287234042554,0.008182597681913142,0.2611936539914379,0.353180106994254,0.0033744648703097455,-244.42115789473684,0.17971461627458543,-0.8577291381668947,-0.5406297613001524,0.35938410158828776,-0.35615024288688407,0.1477832512315271,-0.8577494692144374,-0.2737642585551331,-0.7499314263322884,0.19160009697484334,-0.3260902296276851,"Furnishings, Fixtures & Appliances",Consumer Cyclical,WHR
2019Q1,2019,Q1,2019-04-23,2019-03-31,471000000.0,4760000000.0,263000000.0,7.31,812000000.0,0.17058823529411765,19686000000.0,2802000000.0,8236000000.0,9878000000.0,15967000000.0,2960000000.0,7391000000.0,8606080000.0,14167080000.0,43.78125,0.8337720186272525,0.3415625317484507,2.39971448965025,0.035823957929221086,43.78125,0.16809421841541755,1.808,4.567983014861996,3.0714061384725198,0.15498938428874734,1.3337837837837838,0.00848237525098535,0.24179620034542315,0.3426807045960721,0.023925632429137457,-8.781714285714285,0.17058823529411765,1.7689393939393938,2.592294921875,0.331351707540683,-0.3294144685232399,-0.14526315789473684,1.7705882352941176,-0.1488673139158576,2.7925312499999997,0.24549122616984403,-0.2887157156368222,"Furnishings, Fixtures & Appliances",Consumer Cyclical,WHR
2018Q4,2018,Q4,2019-02-12,2018-12-31,170000000.0,5660000000.0,309000000.0,2.64,950000000.0,0.16784452296819788,18347000000.0,2291000000.0,7898000000.0,9678000000.0,15142000000.0,2533000000.0,6933000000.0,6861054000.0,11390054000.0,35.68535825545171,0.8160777020045464,0.3285005723006486,2.6307289393278044,0.024668828143784564,35.68535825545171,0.07420340462680053,1.2122003533568904,10.089785294117647,2.9947856831078137,0.43529411764705883,1.859455191472562,0.010785514878617774,0.308497302011228,0.38313701177929327,0.00926582002507222,4.331473484848485,0.16784452296819788,-0.18012422360248448,0.1484311801862275,0.3596692555802408,-0.431092481102161,0.061452513966480445,-0.19047619047619047,0.033444816053511704,0.14892696434752517,0.23839059593446732,-0.41239163403947315,"Furnishings, Fixtures & Appliances",Consumer Cyclical,WHR
2018Q3,2018,Q3,2018-10-25,2018-09-30,210000000.0,5326000000.0,299000000.0,3.22,895000000.0,0.16804355989485542,19093000000.0,2360000000.0,8461000000.0,9674000000.0,15785000000.0,2873000000.0,6837000000.0,7649055000.0,13798055000.0,36.58914728682171,0.874612363034939,0.37610642643900905,3.0427966101694914,0.030354716463241248,36.58914728682171,0.08898305084745763,1.4361725497559144,9.106017857142858,3.241125,0.3476190476190476,1.5422902888966237,0.009543662583155697,0.2789504006704028,0.4044862518089725,0.010998795370030902,-45.802724550898205,0.16804355989485542,1.3389473684210527,0.323920265780731,0.40532124275997455,-0.3754219235897001,0.017045454545454544,1.3196347031963471,1.6334745762711864,0.09173676397822861,0.23304966851908165,-0.40710984861164906,"Furnishings, Fixtures & Appliances",Consumer Cyclical,WHR
2018Q2,2018,Q2,2018-07-24,2018-06-30,-657000000.0,5140000000.0,-472000000.0,-9.5,880000000.0,0.17120622568093385,19070000000.0,2398000000.0,8383000000.0,9145000000.0,15726000000.0,3032000000.0,6701000000.0,10104493000.0,15886493000.0,34.70332850940666,0.9166757791142701,0.3586261143156791,2.8519599666388658,-0.05361602593126487,34.70332850940666,-0.27397831526271893,1.9658546692607004,-3.8449364535768646,4.21371684737281,-0.1232876712328767,1.4050131926121372,0.00801623594573226,0.2695332983744101,0.3850191361399672,-0.03445201887781856,10104.493,0.17120622568093385,-8.307692307692308,-4.831995790027627,0.2501935463420046,-0.3908214661129231,0.08374384236453201,-7.98936170212766,-4.300699300699301,-5.249037258701464,0.12977140811975768,-0.4433110352678834,"Furnishings, Fixtures & Appliances",Consumer Cyclical,WHR
2018Q1,2018,Q1,2018-04-24,2018-03-31,94000000.0,4911000000.0,143000000.0,1.3,812000000.0,0.16534310731012014,20339000000.0,4289000000.0,8091000000.0,8943000000.0,15119000000.0,3346000000.0,7440000000.0,10901432000.000002,15742432000.000002,60.23876404494382,0.904729956390473,0.28919809233492305,1.3714152483096294,0.012124776415045835,60.23876404494382,0.021916530659827467,2.2197988189778055,28.99317021276596,2.5417188155747263,0.8297872340425532,1.2250448296473402,0.007155023303360511,0.24145729878558433,0.41350777144135076,0.004621662815280987,-13.994136071887038,0.16534310731012014,1.3475935828877004,-0.5845483324415909,0.28759303783406337,0.0674712824053732,-0.17563451776649747,1.3507462686567164,-0.46441947565543074,-0.45532090122948404,0.12158643523907131,-0.01701913300029546,"Furnishings, Fixtures & Appliances",Consumer Cyclical,WHR
2017Q4,2017,Q4,2018-02-13,2017-12-31,-268000000.0,5702000000.0,267000000.0,-3.74,985000000.0,0.17274640477025605,20038000000.0,4198000000.0,7930000000.0,8505000000.0,14910000000.0,2988000000.0,7352000000.0,12057759999.999998,16079759999.999998,58.71328671328671,0.932392710170488,0.2604052300628805,1.2429728442115293,-0.036903489123674256,58.71328671328671,-0.06383992377322535,2.114654507190459,-11.247910447761193,2.872262982372558,-0.2873134328358209,1.5786479250334673,0.006385929061450884,0.2845593372592075,0.45396825396825397,-0.013374588282263698,12.25382113821138,0.17274640477025605,-2.0053763440860215,-3.4210019488708014,0.31248167037640723,0.08605797957910631,0.07650273224043716,-1.9710144927536233,-0.1933534743202417,-4.6279374946041605,0.04152306131316626,-0.05770282941214365,"Furnishings, Fixtures & Appliances",Consumer Cyclical,WHR
2017Q3,2017,Q3,2017-10-24,2017-09-30,276000000.0,5418000000.0,331000000.0,3.72,915000000.0,0.1688815060908084,20838000000.0,4752000000.0,8649000000.0,9636000000.0,15151000000.0,3345000000.0,7697000000.0,13445676000.0,18140676000.0,65.18518518518519,0.8975716064757161,0.2774738458585277,1.2167508417508417,0.031891047893246885,65.18518518518519,0.05808080808080808,2.481667774086379,12.179054347826087,2.8294772727272726,0.2898550724637681,1.3461883408071749,0.005949868195544799,0.26000575871004894,0.4347239518472395,0.013245033112582781,-4481.892,0.1688815060908084,0.4761904761904763,3.006006006006006,0.29462365591397854,0.17793676436648975,0.04452054794520548,0.4603174603174603,0.20802919708029197,0.29053497942386836,0.20787011444833445,-0.016829834836760538,"Furnishings, Fixtures & Appliances",Consumer Cyclical,WHR
2017Q2,2017,Q2,2017-07-27,2017-06-30,189000000.0,5347000000.0,274000000.0,2.52,876000000.0,0.1638301851505517,20206000000.0,4731000000.0,8229000000.0,9056000000.0,14526000000.0,3230000000.0,7501000000.0,14179880000.0,18539880000.0,63.932432432432435,0.9086793286219081,0.2672968425220232,1.1416191080109914,0.02283350341529546,63.932432432432435,0.039949270767279645,2.651931924443613,18.75645502645503,2.9972268019446204,0.43386243386243384,1.3842105263157896,0.005782841603737126,0.26462436899930714,0.4433524734982332,0.009353657329506087,116.22852459016393,0.1638301851505517,0.2537313432835822,0.7629753647452763,0.2493963704338344,0.1836529147234109,0.06053268765133172,0.23529411764705882,0.03787878787878788,0.11722029291861687,0.20839471466340323,-0.04467376727872898,"Furnishings, Fixtures & Appliances",Consumer Cyclical,WHR
2017Q1,2017,Q1,2017-04-25,2017-03-31,153000000.0,4786000000.0,264000000.0,2.01,826000000.0,0.17258671124111993,19480000000.0,4816000000.0,7704000000.0,7972000000.0,13705000000.0,3076000000.0,7394000000.0,12815484000.0,16897484000.0,64.38502673796792,0.9663823381836427,0.2583675564681725,1.0450581395348837,0.021389650387518194,64.38502673796792,0.03176910299003322,2.677702465524446,20.940333333333335,2.661022425249169,0.477124183006536,1.2873862158647593,0.005696234336526033,0.24568788501026695,0.46236828901154037,0.007854209445585215,-24.503793499043976,0.17258671124111993,-0.14830508474576276,0.7186264822134386,0.13726371419823605,0.14281574439607805,-0.13507853403141362,-0.15,-0.21194029850746268,-0.001562500000000008,0.14534656402097854,-0.013832008582997816,"Furnishings, Fixtures & Appliances",Consumer Cyclical,WHR
2016Q4,2016,Q4,2017-02-13,2016-12-31,180000000.0,5656000000.0,335000000.0,2.36,955000000.0,0.16884724186704383,19153000000.0,4773000000.0,7339000000.0,7662000000.0,13425000000.0,2623000000.0,7314000000.0,13669104000.0,17054104000.0,63.47074468085106,0.9578439049856434,0.23338380410379575,0.9365179132620993,0.021887395305116825,63.47074468085106,0.03771213073538655,2.416743988684583,18.984866666666665,2.8638390949088626,0.40555555555555556,1.7922226458253907,0.005340510980090574,0.2953062183469953,0.49543200208822763,0.009398005534381037,12.680059369202226,0.16884724186704383,-0.2387096774193549,-0.09743124026984937,0.18386210721047408,0.17347250988514407,0.01812366737739872,-0.24369747899159663,-0.0945945945945946,0.038115669448689424,0.15996112527693002,0.011871132706500512,"Furnishings, Fixtures & Appliances",Consumer Cyclical,WHR
2016Q3,2016,Q3,2016-10-25,2016-09-30,238000000.0,5248000000.0,370000000.0,3.1,938000000.0,0.17873475609756098,20190000000.0,5004000000.0,8587000000.0,8701000000.0,14223000000.0,3208000000.0,7209000000.0,12275512000.0,16639512000.0,66.10303830911492,0.9868980576945179,0.26691431401684,1.0769384492406076,0.028480708168959878,66.10303830911492,0.04756195043964828,2.3390838414634145,12.89444537815126,2.4531398880895283,0.31932773109243695,1.3435162094763091,0.006191187789152909,0.2599306587419515,0.4605217791058499,0.01178801386825161,163.67349333333334,0.17873475609756098,-0.2530120481927711,0.3659479509511973,0.15269006390802953,0.1991799117647883,-0.030991735537190084,-0.25625,0.01092896174863388,0.27844876391772033,0.1798644356001399,0.12838127077242656,"Furnishings, Fixtures & Appliances",Consumer Cyclical,WHR
2016Q2,2016,Q2,2016-07-22,2016-06-30,320000000.0,5198000000.0,366000000.0,4.15,968000000.0,0.1862254713351289,19968000000.0,4872000000.0,8373000000.0,8526000000.0,14135000000.0,3204000000.0,7047000000.0,12697967999.999998,16957967999.999998,63.93700787401575,0.982054890921886,0.2613681891025641,1.0712233169129721,0.04337175063564916,63.93700787401575,0.06568144499178982,2.442856483262793,9.920287499999999,2.6063152709359603,0.2375,1.3202247191011236,0.005985209602040264,0.2603165064102564,0.44053483462350457,0.016025641025641024,93.36741176470586,0.1862254713351289,1.1614583333333337,3.003227857387392,0.10759601138652589,0.11649890966903353,0.17904993909866018,1.1333333333333333,0.29328621908127206,0.6925157082637398,0.1464984842353846,0.12234342902473755,"Furnishings, Fixtures & Appliances",Consumer Cyclical,WHR
2016Q1,2016,Q1,2016-04-26,2016-03-31,150000000.0,4616000000.0,283000000.0,1.92,821000000.0,0.17785961871750433,19672000000.0,4758000000.0,7894000000.0,8687000000.0,13976000000.0,3096000000.0,6803000000.0,13940282000.0,18250282000.0,61.55239327296248,0.9087141705997468,0.25462586417242783,1.0527532576712904,0.021023808219895662,61.55239327296248,0.031525851197982346,3.019991767764298,23.233803333333334,2.9298617065994117,0.46,1.2257751937984496,0.004949684662046291,0.23464823098820659,0.39069874525152526,0.0076250508336722245,-18.68670509383378,0.17785961871750433,-0.15789473684210523,-0.11931535476166774,0.04071137542831764,0.05687677726353755,-0.18063872255489022,-0.16666666666666666,-0.25526315789473686,-0.3893611778475944,0.11474359442873046,0.09074967297115642,"Furnishings, Fixtures & Appliances",Consumer Cyclical,WHR
2015Q4,2015,Q4,2016-02-16,2015-12-31,180000000.0,5560000000.0,380000000.0,2.28,1002000000.0,0.1802158273381295,19010000000.0,4743000000.0,7325000000.0,7744000000.0,13336000000.0,2619000000.0,6722000000.0,11470547000.0,14696547000.0,60.72983354673495,0.9458935950413223,0.21031036296685954,0.8429264178789796,0.029136351797715343,60.72983354673495,0.03795066413662239,2.0630480215827336,15.93131527777778,2.4184159814463424,0.38333333333333336,1.7403589156166477,0.006015406239998842,0.29247764334560755,0.42639462809917356,0.009468700683850605,10.581685424354244,0.1802158273381295,-0.22711864406779672,0.033762382909899455,0.08318446866298138,0.10221917487803377,0.07741935483870968,-0.23404255319148937,0.15501519756838905,0.4886337398459309,0.1716444333197484,0.12335936231988592,"Furnishings, Fixtures & Appliances",Consumer Cyclical,WHR
2015Q3,2015,Q3,2015-10-23,2015-09-30,235000000.0,5277000000.0,329000000.0,2.95,930000000.0,0.17623649801023308,19623000000.0,4863000000.0,7879000000.0,8211000000.0,13834000000.0,2943000000.0,6611000000.0,11604088000.0,15718088000.0,61.713197969543145,0.95956643526976,0.24522244305152116,0.9895126465144972,0.03184004490510892,61.713197969543145,0.04832407978614024,2.1989933674436233,12.344774468085106,2.3861994653506065,0.2978723404255319,1.4770642201834863,0.006032356872853774,0.26891912551597613,0.4398976982097187,0.01197574275085359,99.18023931623932,0.17623649801023308,0.3348416289592761,1.8878590246096507,0.13365255329162926,0.17206048775324004,0.027624309392265192,0.327683615819209,0.20512820512820512,2.1555254493071754,0.16652202390699197,0.11519579991119963,"Furnishings, Fixtures & Appliances",Consumer Cyclical,WHR
2015Q2,2015,Q2,2015-07-22,2015-06-30,177000000.0,5208000000.0,273000000.0,2.21,905000000.0,0.1737711213517665,19513000000.0,4931000000.0,7873000000.0,7796000000.0,13665000000.0,3086000000.0,6446000000.0,13688255000.0,17754255000.0,62.338811630847026,1.0098768599281682,0.24378619381950495,0.9647130399513283,0.01895691014188124,62.338811630847026,0.0358953559115798,2.628313172043011,19.33369350282486,2.7759592374771853,0.3954802259887006,1.3943616331821127,0.00511387317083149,0.26689899041664533,0.435223191380195,0.009070875826372162,456.2751666666667,0.1737711213517665,-0.0714285714285714,-0.16824026394499084,0.1065421144469906,0.28418963132482933,0.06096131301289566,-0.07329842931937172,-0.09900990099009901,0.5445890158083753,0.138456045497437,0.1541484232627743,"Furnishings, Fixtures & Appliances",Consumer Cyclical,WHR
2015Q1,2015,Q1,2015-04-28,2015-03-31,191000000.0,4846000000.0,303000000.0,2.38,853000000.0,0.17602146099876187,19208000000.0,4829000000.0,7714000000.0,7390000000.0,13464000000.0,3002000000.0,6340000000.0,15922328000.0,19849328000.0,61.28172588832487,1.0438430311231395,0.24109745939192004,0.958997722095672,0.03063700707785642,61.28172588832487,0.03955270242286188,3.285664052827074,20.840743455497382,3.2972308966659765,0.31413612565445026,1.3301132578281145,0.0037682931792386134,0.25229071220324867,0.43599458728010826,0.009943773427738443,-22.909824460431654,0.17602146099876187,1.3333333333333333,0.11438343444348152,0.08541868666704686,0.2505120790202152,-0.16861598440545808,1.3580246913580247,0.07829181494661921,1.0365675347605383,0.09306824720777167,0.0877330450442049,"Furnishings, Fixtures & Appliances",Consumer Cyclical,WHR
2014Q4,2014,Q4,2015-02-26,2014-12-31,81000000.0,6003000000.0,281000000.0,1.02,1026000000.0,0.17091454272863568,20002000000.0,4885000000.0,8098000000.0,8403000000.0,14206000000.0,2740000000.0,6209000000.0,15189216000.0,18510216000.0,62.308673469387756,0.9637034392478877,0.21732826717328269,0.8898669396110542,0.019223752622457357,62.308673469387756,0.016581371545547594,2.5302708645677163,46.8802962962963,3.109358444216991,0.7283950617283951,1.8164233576642337,0.003884334780675974,0.3001199880011999,0.4515054147328335,0.004049595040495951,11.603679144385026,0.17091454272863568,-0.6458333333333333,-0.17999462943071967,0.18694353769468308,0.28222543111130916,0.24062877871825877,-0.6478260869565218,-0.16119402985074627,-0.6104218516674962,0.20520754117163054,0.15198767261030227,"Furnishings, Fixtures & Appliances",Consumer Cyclical,WHR
2014Q3,2014,Q3,2014-10-28,2014-09-30,230000000.0,4824000000.0,335000000.0,2.88,827000000.0,0.17143449419568824,15708000000.0,5198000000.0,6959000000.0,6402000000.0,10397000000.0,2720000000.0,6186000000.0,11418960000.0,13580960000.0,66.30102040816327,1.0870040612308653,0.20047109752992107,0.6058099268949596,0.03613613903084,66.30102040816327,0.04424778761061947,2.3671144278606966,12.411913043478261,2.196798768757214,0.25217391304347825,1.469485294117647,0.005079271667472344,0.30710466004583653,0.499843798812871,0.014642220524573465,137.57783132530122,0.17143449419568824,0.27999999999999997,1.5189127375087965,0.02208955630284137,0.379578335512478,0.05082592121982211,0.2849162011173184,0.15120274914089346,0.2745733886775048,0.02307115278543855,0.20277151908180124,"Furnishings, Fixtures & Appliances",Consumer Cyclical,WHR
2014Q2,2014,Q2,2014-07-23,2014-06-30,179000000.0,4682000000.0,291000000.0,2.25,787000000.0,0.16809055958991884,15608000000.0,5240000000.0,7045000000.0,6118000000.0,10257000000.0,2812000000.0,6015000000.0,10900926000.0,12731926000.0,66.9220945083014,1.1515201046093495,0.1778575089697591,0.5297709923664122,0.02857848133520194,66.9220945083014,0.03416030534351145,2.32826270824434,15.224756983240223,2.0803293893129773,0.329608938547486,1.385135135135135,0.005412384232312007,0.2999743721168631,0.5176528277214776,0.01146847770374167,-63.748105263157896,0.16809055958991884,0.11386138613861385,1.1834987064872122,0.06854797328821541,0.477243271368431,0.0423841059602649,0.11875,0.03558718861209965,2.090502367863687,-0.029110673697682433,0.1686259341149494,"Furnishings, Fixtures & Appliances",Consumer Cyclical,WHR
2014Q1,2014,Q1,2014-04-25,2014-03-31,160000000.0,4363000000.0,281000000.0,2.02,755000000.0,0.1730460692184277,16040000000.0,5099000000.0,7583000000.0,6454000000.0,10827000000.0,2666000000.0,5896000000.0,11672826000.0,13274826000.0,65.28809218950065,1.1749302757979547,0.2041147132169576,0.6420866836634634,0.025719072541803816,65.28809218950065,0.031378701706216906,2.6754127893651156,18.238790625,2.2892382820160817,0.3,1.3533383345836458,0.0041121147526742875,0.2720074812967581,0.5813449023861171,0.00997506234413965,-25.265857142857143,0.1730460692184277,-0.10619469026548663,1.2354447540860134,0.1614259796533602,0.6218200336327244,-0.1694169416941694,-0.11602209944751381,-0.2062146892655367,-0.0702255490987885,-0.02640535950827143,0.12102007408432937,"Furnishings, Fixtures & Appliances",Consumer Cyclical,WHR
2013Q4,2013,Q4,2014-02-18,2013-12-31,181000000.0,5090000000.0,354000000.0,2.26,909000000.0,0.17858546168958742,15544000000.0,4924000000.0,7022000000.0,6794000000.0,10510000000.0,2408000000.0,5784000000.0,12313510000.000002,13396510000.000002,62.72611464968153,1.0335590226670592,0.15845342254246012,0.5002030869212023,0.0393044680199212,62.72611464968153,0.036758732737611696,2.4191571709233797,17.00761049723757,2.5007128350934202,0.26519337016574585,1.736295681063123,0.0038981573897288423,0.327457539886773,0.49823373564910217,0.011644364384971692,16.223333333333336,0.17858546168958742,-0.0661157024793389,2.8883034163288936,0.11499066358651142,0.5483292438477609,0.07446808510638298,-0.07653061224489796,0.13099041533546327,0.03420866391030643,-0.013432528426141318,0.13845077937306507,"Furnishings, Fixtures & Appliances",Consumer Cyclical,WHR
2013Q3,2013,Q3,2013-10-22,2013-09-30,196000000.0,4683000000.0,313000000.0,2.42,846000000.0,0.1806534272901986,15660000000.0,4669000000.0,7003000000.0,6679000000.0,10874000000.0,2667000000.0,5653000000.0,11671268000.0,13290268000.0,58.58218318695106,1.0485102560263513,0.15613026819923373,0.5236667380595417,0.03447067886545107,58.58218318695106,0.041979010494752625,2.4922630792227203,14.88682142857143,2.499736131934033,0.25510204081632654,1.4386951631046119,0.004284024666385863,0.2990421455938697,0.4569546339272346,0.012515964240102172,38.77497674418605,0.1806534272901986,-0.008196721311475417,0.12550900231697082,-0.10580681226570256,0.10025953316881912,0.03549571603427173,-0.010101010101010102,-0.04573170731707317,1.3813985991772941,-0.005316462514469115,0.11259608088424938,"Furnishings, Fixtures & Appliances",Consumer Cyclical,WHR
2013Q2,2013,Q2,2013-07-19,2013-06-30,198000000.0,4748000000.0,328000000.0,2.44,817000000.0,0.17207245155855097,15274000000.0,4546000000.0,6608000000.0,6231000000.0,10616000000.0,2505000000.0,5507000000.0,9248820000.0,11029820000.0,56.96741854636591,1.0605039319531375,0.16046877045960456,0.5391553013638364,0.039415142932977106,56.96741854636591,0.04355477342718874,1.9479401853411964,11.67780303030303,2.0344962604487464,0.25252525252525254,1.5692614770459081,0.005406095047800692,0.31085504779363626,0.4631680308136736,0.012963205447165118,3082.94,0.17207245155855097,-0.21794871794871798,0.5968768074031232,-0.1173649253156533,0.018192883109744387,0.12534435261707988,-0.21428571428571427,0.29133858267716534,-0.07771868696130564,-4.311617154934347e-05,0.173538062512323,"Furnishings, Fixtures & Appliances",Consumer Cyclical,WHR
2013Q1,2013,Q1,2013-04-24,2013-03-31,252000000.0,4248000000.0,254000000.0,3.12,726000000.0,0.1709039548022599,15331000000.0,4475000000.0,6715000000.0,5801000000.0,10745000000.0,2569000000.0,5360000000.0,9204351000.0,10906351000.0,56.4312736443884,1.1575590415445614,0.15993738177548758,0.5479329608938548,0.0495984439227128,56.4312736443884,0.05631284916201117,2.1667492937853106,9.131300595238095,2.056838212290503,0.15476190476190477,1.3709614636045153,0.004237126550258677,0.27708564346748416,0.48784692294431997,0.016437283934511774,-24.28588654353562,0.1709039548022599,1.0526315789473684,1.5794317297630864,-0.11415391830663948,0.05765320045856914,-0.10259579728059333,1.0655737704918034,-0.00392156862745098,0.46101559376249507,-0.054522011420151034,0.15153397369063196,"Furnishings, Fixtures & Appliances",Consumer Cyclical,WHR
2012Q4,2012,Q4,2013-02-19,2012-12-31,122000000.0,4788000000.0,255000000.0,1.52,809000000.0,0.1689640768588137,15396000000.0,4260000000.0,6827000000.0,6510000000.0,11029000000.0,2354000000.0,5147000000.0,8017900000.0,9310900000.0,54.06091370558376,1.0486943164362519,0.15984671343206028,0.577699530516432,0.027910460779132826,54.06091370558376,0.02863849765258216,1.6745822890559732,16.430122950819673,1.8821361502347418,0.319672131147541,1.6903143585386575,0.004864116539243442,0.31098986749805146,0.4924731182795699,0.00792413613925695,12.203805175038053,0.1689640768588137,0.6170212765957448,-0.3682917560194359,-0.12937155930506897,0.05467852614063937,0.14914772727272727,0.6486486486486487,0.19158878504672897,0.2288004274646006,-0.05809803299492393,0.1124980604260413,"Furnishings, Fixtures & Appliances",Consumer Cyclical,WHR
2012Q3,2012,Q3,2012-10-23,2012-09-30,74000000.0,4495000000.0,214000000.0,0.94,704000000.0,0.15661846496106785,14972000000.0,4333000000.0,6604000000.0,6360000000.0,10531000000.0,2598000000.0,5083000000.0,6465230999.999999,8397230999.999999,55.33844189016603,1.038364779874214,0.16363879241250334,0.5654281098546042,0.019873676781114437,55.33844189016603,0.01707823678744519,1.438316129032258,21.841996621621618,1.4920911608585274,0.527027027027027,1.4591993841416475,0.006032267060527304,0.30022709056906227,0.4377358490566038,0.004942559444296019,61.573628571428564,0.15661846496106785,-0.34265734265734266,-0.5771428571428571,-0.0712809917355372,0.14933687002652532,-0.03429355281207133,-0.34513274336283184,0.09743589743589744,-0.18853217069626105,-0.046401304573419344,0.1514712003329812,"Furnishings, Fixtures & Appliances",Consumer Cyclical,WHR
2012Q2,2012,Q2,2012-07-24,2012-06-30,113000000.0,4511000000.0,195000000.0,1.43,729000000.0,0.16160496563954777,14607000000.0,4213000000.0,6277000000.0,6060000000.0,10289000000.0,2583000000.0,5049000000.0,4770480000.0,6779480000.0,54.01282051282051,1.035808580858086,0.16670089683028685,0.5779729408972228,0.028385932223127987,54.01282051282051,0.026821742226441965,1.057521613832853,10.554159292035397,1.1323237597911227,0.336283185840708,1.4641889276035618,0.007965655447669837,0.30882453618128297,0.42095709570957096,0.0077360169781611554,-176.68444444444444,0.16160496563954777,0.22222222222222224,-0.2909380474597867,-0.061131712676830076,0.1932184626886056,0.11981566820276497,0.22826086956521738,-0.04878048780487805,0.3837113740959894,0.03348125049972024,0.19228300094966766,"Furnishings, Fixtures & Appliances",Consumer Cyclical,WHR
2012Q1,2012,Q1,2012-04-26,2012-03-31,92000000.0,4349000000.0,205000000.0,1.17,651000000.0,0.14968958381237066,15015000000.0,4355000000.0,6277000000.0,6509000000.0,10557000000.0,2608000000.0,4975000000.0,5941278000.0,7847278000.0,56.338939197930145,0.9643570440927945,0.16576756576756577,0.5715269804822044,0.021845598801211095,56.338939197930145,0.021125143513203215,1.3661250862267187,16.14477717391304,1.3642429391504018,0.42391304347826086,1.4179447852760736,0.006564244258558512,0.28964368964368964,0.41880473190966355,0.006127206127206127,-11.53646213592233,0.14968958381237066,-0.5517241379310345,-0.1994338850742472,0.00883250110457841,0.28704630330249714,-0.08695652173913043,-0.551219512195122,-0.0048543689320388345,0.29868350962636037,0.169680557423291,0.39951432490338695,"Furnishings, Fixtures & Appliances",Consumer Cyclical,WHR
2011Q4,2011,Q4,2012-02-22,2011-12-31,205000000.0,4911000000.0,206000000.0,2.61,713000000.0,0.14518428018733456,15181000000.0,4181000000.0,6422000000.0,6297000000.0,10901000000.0,2354000000.0,4922000000.0,3667885000.0,5049885000.0,54.08796895213454,1.0198507225663014,0.16408668730650156,0.595790480746233,0.050740802706671875,54.08796895213454,0.04903133221717292,0.7468713093056404,4.473030487804879,0.8772745754604162,0.18536585365853658,1.7833474936278675,0.010360193953736281,0.32349647585798036,0.5104017786247419,0.013503721757459983,5.386027900146843,0.14518428018733456,0.14977973568281933,0.9147963967385498,0.009274197128458896,0.29659553960797697,0.2443280977312391,0.15819209039548024,0.5147058823529411,3.4722450899682458,0.09248012663787539,0.3351055543075126,"Furnishings, Fixtures & Appliances",Consumer Cyclical,WHR
2011Q3,2011,Q3,2011-11-02,2011-09-30,177000000.0,4625000000.0,136000000.0,2.27,573000000.0,0.1238918918918919,15003000000.0,4239000000.0,6460000000.0,6243000000.0,10666000000.0,2864000000.0,4755000000.0,3838078999.9999995,5838079000.0,55.123537061118334,1.0347589300016018,0.16736652669466107,0.5923566878980892,0.06287611749680715,55.123537061118334,0.04175513092710545,0.8298549189189188,5.421015536723163,0.905420853974994,0.22033898305084745,1.414804469273743,0.01016133331283697,0.3082716789975338,0.4440172993753003,0.011797640471905619,-14.42886842105263,0.1238918918918919,2.080952380952381,0.5403621086325899,-0.02762744991162028,0.3887300359992168,-0.14349775784753363,2.099378881987578,-0.3901345291479821,0.05341172904018459,-0.08472643792321703,0.03530107370579757,"Furnishings, Fixtures & Appliances",Consumer Cyclical,WHR
2011Q2,2011,Q2,2011-07-21,2011-06-30,-161000000.0,4730000000.0,223000000.0,-2.1,669000000.0,0.14143763213530655,15914000000.0,4398000000.0,7215000000.0,6869000000.0,11415000000.0,3071000000.0,4617000000.0,6245375999.999999,7921375999.999999,57.265625,1.0503712330761392,0.15841397511624986,0.5732150977717144,0.014285770088631775,57.265625,-0.03660754888585721,1.3203754756871033,-9.697788819875777,1.4200491132332878,-0.2360248447204969,1.3223705633344187,0.006084501557632399,0.29722257132084956,0.48041927500363957,-0.010116878220434838,-40.554389610389606,0.14143763213530655,-1.9677419354838708,-2.7968749999999996,0.01476684621884236,0.49139190317195325,0.0738362760834671,-1.952662721893491,-0.021929824561403508,-2.3491920405982905,-0.08636383224980308,0.023522801447899325,"Furnishings, Fixtures & Appliances",Consumer Cyclical,WHR
2011Q1,2011,Q1,2011-04-27,2011-03-31,169000000.0,4401000000.0,228000000.0,2.17,623000000.0,0.14155873665076119,15609000000.0,4467000000.0,7201000000.0,5937000000.0,11037000000.0,2938000000.0,4816000000.0,6547112000.0,8029112000.0,58.23989569752282,1.2129021391275054,0.160676532769556,0.5614506380120886,0.037749566423864025,58.23989569752282,0.0378329975374972,1.4876418995682799,9.685076923076924,1.4656619655249608,0.1952662721893491,1.2859087814840027,0.005040390327826987,0.2819527195848549,0.5681320532255347,0.010827086937023512,-19.313014749262535,0.14155873665076119,-0.013636363636363748,0.27161735133582304,0.10507272561015181,0.3872462039179097,-0.06456456456456457,-0.011695906432748537,0.12871287128712872,0.7884962134871979,-0.051138222822779016,0.09155098052591287,"Furnishings, Fixtures & Appliances",Consumer Cyclical,WHR
2010Q4,2010,Q4,2011-02-14,2010-12-31,171000000.0,5041000000.0,202000000.0,2.2,666000000.0,0.1321166435231105,15584000000.0,4226000000.0,7315000000.0,6149000000.0,11264000000.0,2792000000.0,4680000000.0,6813261000.0,7954261000.0,55.097783572359845,1.1896243291592128,0.16099845995893225,0.5937056318031235,0.04044453443117141,55.097783572359845,0.04046379555134879,1.3515693314818489,9.960907894736842,1.6122245622337907,0.19298245614035087,1.566977077363897,0.004843495647678843,0.3234727926078029,0.592941941779151,0.010972792607802874,13.764163636363635,0.1321166435231105,1.1568627450980393,0.20497299310858647,0.13196182434370765,1.1502344190703182,0.027777777777777776,1.1645569620253164,-0.13675213675213677,-0.09033040737926082,-0.05827031725336798,0.07490690017158169,"Furnishings, Fixtures & Appliances",Consumer Cyclical,WHR
2010Q3,2010,Q3,2010-10-27,2010-09-30,79000000.0,4519000000.0,234000000.0,1.02,648000000.0,0.14339455631776943,15599000000.0,4028000000.0,7458000000.0,6321000000.0,11470000000.0,3084000000.0,4542000000.0,6193439999.999999,7814439999.999999,52.65359477124183,1.179876601803512,0.16167703057888327,0.6261171797418074,0.03901566894335074,52.65359477124183,0.01961271102284012,1.3705333038282803,19.599493670886073,1.53759682224429,0.4177215189873418,1.2551880674448768,0.005328218243819268,0.2896980575677928,0.5462743236829616,0.005064427206872235,103.22399999999999,0.14339455631776943,-0.6136363636363636,-0.39307418873982336,0.09969908126258756,0.8635979131923943,-0.14848883048620237,-0.6146341463414634,-0.2930513595166163,-0.5379495798319327,-0.044353427321341676,0.09357466063348419,"Furnishings, Fixtures & Appliances",Consumer Cyclical,WHR
2010Q2,2010,Q2,2010-07-20,2010-06-30,205000000.0,4534000000.0,331000000.0,2.64,761000000.0,0.1678429642699603,14732000000.0,3699000000.0,6861000000.0,5905000000.0,10941000000.0,2676000000.0,4496000000.0,6691883999.999999,8368883999.999999,48.54330708661417,1.1618966977138019,0.1715313603040999,0.6831576101649094,0.0552188034904274,48.54330708661417,0.05542038388753717,1.4759338332598144,8.160834146341463,1.8091062449310624,0.16097560975609757,1.4099402092675635,0.004931346688017904,0.30776540863426555,0.5473327688399662,0.013915286451262558,-304.1765454545454,0.1678429642699603,0.23943661971830998,0.8719925634295712,0.11774118786332807,0.8863833120336396,0.19092331768388107,0.25,0.37344398340248963,0.31673758171532884,-0.03405368519293557,0.07238929027900098,"Furnishings, Fixtures & Appliances",Consumer Cyclical,WHR
2010Q1,2010,Q1,2010-04-26,2010-03-31,164000000.0,4272000000.0,241000000.0,2.13,639000000.0,0.14957865168539325,15078000000.0,3695000000.0,7040000000.0,5886000000.0,11287000000.0,2437000000.0,4324000000.0,6578650000.0,8236650000.0,49.0053050397878,1.1960584437648658,0.18895078922934075,0.771041948579161,0.03747372710504869,49.0053050397878,0.044384303112313936,1.539946161048689,10.028429878048781,1.7804194857916102,0.20121951219512196,1.4907673368896184,0.005016226733448352,0.2833267011539992,0.6168875297315665,0.01087677410797188,-87.71533333333333,0.14957865168539325,0.7177419354838709,0.6894701128863115,0.17978263889348248,1.0107827866448558,-0.07122093023255814,0.7263157894736842,0.21105527638190955,0.4630574259221474,0.015942315397850786,0.11951161295538462,"Furnishings, Fixtures & Appliances",Consumer Cyclical,WHR
2009Q4,2009,Q4,2010-02-17,2009-12-31,95000000.0,4864000000.0,199000000.0,1.24,688000000.0,0.14144736842105263,15094000000.0,3664000000.0,7025000000.0,5941000000.0,11334000000.0,2197000000.0,4193000000.0,6081764000.0,7604764000.0,48.59416445623342,1.182460865174213,0.1923280773817411,0.7923034934497817,0.03356142065819485,48.59416445623342,0.025927947598253277,1.2503626644736843,16.004642105263155,1.6598700873362444,0.3368421052631579,1.9007737824305873,0.005261631329331425,0.3222472505631377,0.653088705605117,0.006293891612561282,8.62661560283688,0.14144736842105263,0.07826086956521747,-0.13232519346987887,0.1864592949204828,1.0212267656764586,0.10967741935483871,0.09195402298850575,0.05291005291005291,-0.0902951840946146,0.024804327130556043,0.164898185411383,"Furnishings, Fixtures & Appliances",Consumer Cyclical,WHR
2009Q3,2009,Q3,2009-10-23,2009-09-30,87000000.0,4497000000.0,189000000.0,1.15,620000000.0,0.1378696909050478,14857000000.0,3590000000.0,6922000000.0,5757000000.0,11165000000.0,2418000000.0,4130000000.0,5226012000.0,7420012000.0,48.058902275769746,1.2023623414973077,0.19647304301002894,0.813091922005571,0.03375518512828392,48.058902275769746,0.024233983286908078,1.1621107404936624,15.017275862068963,1.4557136490250695,0.3793103448275862,1.6033912324234905,0.006314566441868102,0.3026856027461802,0.6022233802327601,0.005855825536784007,9.73186592178771,0.1378696909050478,0.10576923076923064,-0.2343234323432343,0.204741812336749,1.3123993558776166,0.11913357400722022,0.11538461538461539,0.41044776119402987,-0.22057460611677474,-0.02669360075030668,0.21075033725636144,"Furnishings, Fixtures & Appliances",Consumer Cyclical,WHR
2009Q2,2009,Q2,2009-07-22,2009-06-30,78000000.0,4169000000.0,134000000.0,1.04,554000000.0,0.13288558407291917,13739000000.0,3375000000.0,6039000000.0,5032000000.0,10274000000.0,2472000000.0,4076000000.0,3170720000.0,5873720000.0,45.30201342281879,1.2001192368839428,0.21471722832811704,0.8740740740740741,0.028468379446640317,45.30201342281879,0.02311111111111111,0.7605468937395059,10.162564102564103,0.9394725925925927,0.3974358974358974,1.462378640776699,0.009776959176464652,0.3034427542033627,0.5113275039745628,0.005677269087997671,20.99814569536424,0.13288558407291917,0.14285714285714285,-0.32835253893883753,0.16582774049216997,1.45656851096625,0.05725190839694656,0.14705882352941177,-0.1927710843373494,-0.10258868648130395,-0.0779765398388922,0.17981871351581485,"Furnishings, Fixtures & Appliances",Consumer Cyclical,WHR
2009Q1,2009,Q1,2009-04-27,2009-03-31,68000000.0,3569000000.0,166000000.0,0.91,524000000.0,0.14681983748949284,13202000000.0,2987000000.0,5820000000.0,5401000000.0,10141000000.0,2573000000.0,4029000000.0,2195578000.0,5035578000.0,40.25606469002695,1.0775782262543974,0.2297379184971974,1.0154000669568128,0.035315031765460164,40.25606469002695,0.022765316370940744,0.6151801625105071,8.07197794117647,0.7350445262805491,0.47058823529411764,1.1834434512242518,0.014574749792537547,0.2703378276018785,0.39418626180336974,0.005150734737161036,-5.717651041666667,0.14681983748949284,0.5423728813559323,-0.37573056497024365,0.10051927353694921,1.0424905978420755,0.10782241014799154,0.5454545454545454,15.6,-0.4711042075928548,-0.0736448970008903,-0.041119970132621385,"Furnishings, Fixtures & Appliances",Consumer Cyclical,WHR
2008Q4,2008,Q4,2009-02-19,2008-12-31,44000000.0,4315000000.0,10000000.0,0.59,473000000.0,0.10961761297798378,13532000000.0,3006000000.0,6044000000.0,5563000000.0,10459000000.0,2591000000.0,3993000000.0,3068170000.0,5519170000.0,40.512129380053906,1.0864641380550062,0.19191545965119716,0.8639387890884896,-0.000835070334208247,40.512129380053906,0.014637391882900865,0.7110475086906142,17.43278409090909,1.0206819693945444,0.6818181818181818,1.4828251640293324,0.00977781544047429,0.3188737806680461,0.40427826712205644,0.00325155187703222,18.708353658536584,0.10961761297798378,-0.7255813953488373,-0.6709851317276758,0.19111948508613058,1.142378555993627,-0.3094890510948905,-0.7300613496932515,-0.943502824858757,-0.6795019894750354,0.0015839158407944596,0.5810177712215879,"Furnishings, Fixtures & Appliances",Consumer Cyclical,WHR
2008Q3,2008,Q3,2008-10-28,2008-09-30,163000000.0,4902000000.0,177000000.0,2.15,685000000.0,0.13973888208894328,14470000000.0,3972000000.0,7167000000.0,6401000000.0,10409000000.0,3053000000.0,3979000000.0,5915034000.0,8510034000.0,53.24396782841823,1.1196688017497265,0.20870767104353835,0.7603222557905337,0.034859511572945194,53.24396782841823,0.041037260825780464,1.2066572827417381,9.072138036809816,1.4891827794561936,0.20245398773006135,1.3812643301670489,0.005579004279603465,0.33876986869384934,0.47305108576784877,0.011264685556323428,-31.462946808510637,0.13973888208894328,0.40522875816993453,0.4400102132005617,0.4607014259151924,2.2809283826594307,-0.08909574468085106,0.39316239316239315,-0.12807881773399016,0.2841587883918912,0.22328439460767696,0.884493314582156,"Furnishings, Fixtures & Appliances",Consumer Cyclical,WHR
2008Q2,2008,Q2,2008-07-23,2008-06-30,117000000.0,5076000000.0,203000000.0,1.53,752000000.0,0.14814814814814814,14839000000.0,4213000000.0,7326000000.0,6179000000.0,10528000000.0,2996000000.0,3849000000.0,4648269000.0,6919269000.0,55.94953519256308,1.18562874251497,0.18410944133701732,0.6484690244481367,0.028779974525114917,55.94953519256308,0.027771184429147874,0.9157346335697399,9.932198717948717,1.1033156895323997,0.27350427350427353,1.4432576769025367,0.006884283160032262,0.3420715681649707,0.4999190807574041,0.007884628344228048,18.66774698795181,0.14814814814814814,0.25409836065573776,0.135585318301263,0.5498967983487738,2.866934675783787,0.2247557003257329,0.24468085106382978,0.27672955974842767,0.08117529880478085,0.26631382232599415,1.1741878713573088,"Furnishings, Fixtures & Appliances",Consumer Cyclical,WHR
2008Q1,2008,Q1,2008-04-24,2008-03-31,94000000.0,4614000000.0,159000000.0,1.22,614000000.0,0.1330732553099263,14503000000.0,4071000000.0,7002000000.0,5711000000.0,10353000000.0,2912000000.0,3764000000.0,6621314000.0,9108314000.0,53.35517693315858,1.2260549816144284,0.19361511411432117,0.6897568165070007,0.022440606489145944,53.35517693315858,0.02309014984033407,1.4350485478977026,17.60987765957447,1.6264588553181039,0.35106382978723405,1.3736263736263736,0.004983905007374669,0.3181410742604978,0.5051654701453335,0.0064814176377301245,-14.879357303370787,0.1330732553099263,-0.49586776859504134,-0.0753388158368499,0.5207015559463168,3.3331255464146623,-0.26730310262529833,-0.49732620320855614,-0.5210843373493976,-0.04306745100429763,0.2592012759712775,1.1892664736701433,"Furnishings, Fixtures & Appliances",Consumer Cyclical,WHR
2007Q4,2007,Q4,2008-02-22,2007-12-31,187000000.0,5325000000.0,332000000.0,2.42,838000000.0,0.15737089201877935,14009000000.0,3911000000.0,6555000000.0,5893000000.0,10029000000.0,2665000000.0,3703000000.0,6228369000.0,8120369000.0,51.25819134993447,1.1123366706261666,0.1494039546006139,0.5351572487854769,0.046197050067887234,51.25819134993447,0.04781385834824853,1.1696467605633802,8.32669652406417,1.5925259524418307,0.17647058823529413,1.6836772983114447,0.00529833733357802,0.3801127846384467,0.4759884608857967,0.013348561638946392,10.86975392670157,0.15737089201877935,0.09999999999999988,6.579772826561817,0.6180168324733806,3.7373944102848773,0.21098265895953758,0.06857142857142857,0.2868217054263566,0.687803164394482,0.2835881432555238,1.1320343600097278,"Furnishings, Fixtures & Appliances",Consumer Cyclical,WHR
2007Q3,2007,Q3,2007-10-30,2007-09-30,175000000.0,4840000000.0,258000000.0,2.2,692000000.0,0.14297520661157026,14478000000.0,3770000000.0,7010000000.0,6347000000.0,10640000000.0,2934000000.0,3549000000.0,7205166000.0,9526166000.0,48.148148148148145,1.104458799432803,0.1781323387208178,0.6840848806366048,0.038977695346527334,48.148148148148145,0.046419098143236075,1.4886706611570248,10.293094285714286,1.9111846153846155,0.18857142857142858,1.4137695978186775,0.004580047149503565,0.3343003177234425,0.4747124625807468,0.01208730487636414,277.12176923076925,0.14297520661157026,0.10000000000000009,0.5091739058963367,0.5279750886105012,2.4528955874907505,-0.05593451568894952,0.08695652173913043,0.044534412955465584,0.46934233653250373,0.23701594383974708,1.316693505099302,"Furnishings, Fixtures & Appliances",Consumer Cyclical,WHR
2007Q2,2007,Q2,2007-07-27,2007-06-30,161000000.0,4854000000.0,247000000.0,2.0,733000000.0,0.15100947672023074,14289000000.0,3567000000.0,6866000000.0,6222000000.0,10665000000.0,2810000000.0,3407000000.0,8762560000.0,11021560000.0,45.266497461928935,1.1035036965605916,0.18209811743299043,0.7294645360246705,0.03423326308964176,45.266497461928935,0.04513596860106532,1.805224557066337,13.606459627329192,2.4565629380431737,0.2111801242236025,1.4665480427046262,0.0038801446152722492,0.3397018685702288,0.48633879781420764,0.011267408496045909,186.43744680851063,0.15100947672023074,0.36986301369863017,1.2085448392554994,0.5326601618356459,2.191147491881326,0.16719745222929935,0.37606837606837606,0.09292035398230089,0.3106982089838139,0.28331218274111675,1.4546426055910426,"Furnishings, Fixtures & Appliances",Consumer Cyclical,WHR
2007Q1,2007,Q1,2007-04-30,2007-03-31,117000000.0,4389000000.0,226000000.0,1.46,628000000.0,0.14308498519024834,13870000000.0,3445000000.0,6453000000.0,5897000000.0,10368000000.0,2656000000.0,3280000000.0,6682417000.0,8919417000.0,43.77382465057179,1.0942852297778531,0.1786589762076424,0.7193033381712627,0.029007743626046942,43.77382465057179,0.033962264150943396,1.5225374800637959,14.278668803418803,1.939743686502177,0.2905982905982906,1.416039156626506,0.005087979394282039,0.31643835616438354,0.4690520603696795,0.00843547224224946,-26.83701606425703,0.14308498519024834,0.07352941176470577,0.1910963877291704,0.45813377643110814,0.8185051845577046,-0.09640287769784173,0.07339449541284404,0.18947368421052632,0.012693899631386254,0.275985850888376,1.2209728141293064,"Furnishings, Fixtures & Appliances",Consumer Cyclical,WHR
