Quarters,Year,Quarter,FillingDate,Date,NetIncome,Revenue,OperatingIncome,EPSDiluted,GrossProfit,GrossProfitRatio,TotalAssets,CommonStockEquity,CurrentAssets,CurrentLiability,TotalLiability,Inventory,RetainedEarnings,MarketCap,EnterpriseValue,bookValuePerShare,currentRatio,debtToAssets,debtToEquity,roic,shareholdersEquityPerShare,roe,priceToSalesRatio,peRatio,pbRatio,payoutRatio,inventoryTurnover,dividendYield,assetTurnover,quickRatio,returnOnAssets,priceToFreeCashFlowsRatio,grossProfitMargin,epsdilutedGrowth,fiveYNetIncomeGrowthPerShare,fiveYRevenueGrowthPerShare,fiveYShareholdersEquityGrowthPerShare,grossProfitGrowth,netIncomeGrowth,operatingIncomeGrowth,threeYNetIncomeGrowthPerShare,threeYRevenueGrowthPerShare,threeYShareholdersEquityGrowthPerShare,Industry,Sector,Symbol
2023Q1,2023,Q1,2023-03-31,2023-03-31,6261000000.0,242956000000.0,6427000000.0,3.92,36018000000.0,0.1482490657,551036000000.0,211506000000.0,305115000000.0,224181000000.0,277031000000.0,63299000000.0,0.0,473269942992.0,464969942992.0,134.7601146862058,1.3610207823142906,0.11990686633904137,0.31239302903936533,0.017006571318682193,134.7601146862058,0.029601997106465064,1.9479656521839346,18.897538052707233,2.237619467022212,0.0,3.269214363576044,0.0,0.44090767209401927,0.9712821336330911,0.01136223404641439,-19.068087952941177,0.1482490656744431,1.063157894736842,2.7330078670601012,1.2064351369717599,2.5484975813113544,-0.13286948985242072,1.0649736147757256,0.33119304059652027,9.87463399842673,2.098699374770363,3.679096317121941,Internet Retail,Consumer Cyclical,JD
2022Q4,2022,Q4,2022-12-31,2022-12-31,3032000000.0,295446000000.0,4828000000.0,1.9,41537000000.0,0.1405908356,595250000000.0,213366000000.0,351074000000.0,266561000000.0,321127000000.0,77949000000.0,29304000000.0,607026461664.0,593210461664.0,136.0752551020408,1.3170493808171488,0.10927341453170937,0.3048517570746979,0.013535429471370385,136.0752551020408,0.014210324044130742,2.0546105266749253,50.05165416094987,2.84500089828745,0.0,3.257373410819895,0.0,0.49633935321293576,0.9253941874467758,0.005093658126837463,55.94713932387097,0.14059083555032054,-0.4662921348314607,4.029725817120091,1.4365901234912082,2.725035834766308,0.14755774118687148,-0.49153110850243165,-0.22949249920204276,-0.22291139494003798,0.6135272286858543,1.429774383463305,Internet Retail,Consumer Cyclical,JD
2022Q3,2022,Q3,2022-09-30,2022-09-30,5963000000.0,243535000000.0,6266000000.0,3.56,36196000000.0,0.1486275073,579561000000.0,212163000000.0,334397000000.0,256332000000.0,308425000000.0,71757000000.0,0.0,560610679965.0,546284679965.0,135.61073825503357,1.3045464475758002,0.11910739335462531,0.32536304633701446,0.015950988590990044,135.61073825503357,0.02810574888175601,2.301971708234956,23.50371792575046,2.6423583752350783,0.0,2.8894602617166267,0.0,0.4202059834944035,0.9207863239860805,0.010288822056694636,145.80251754616384,0.14862750733980742,0.29927007299270064,4.350107555237635,1.6464020353081994,2.749312709781956,0.008413662450548838,0.36172642155743323,0.6673762639701969,8.08801144712946,0.6852612338129814,1.6084995976253247,Internet Retail,Consumer Cyclical,JD
2022Q2,2022,Q2,2022-06-30,2022-06-30,4379000000.0,267600000000.0,3758000000.0,2.74,35894000000.0,0.1341330344,553711000000.0,201316000000.0,323991000000.0,255486000000.0,301783000000.0,76029000000.0,0.0,671442577000.0,651701577000.0,129.00736943287407,1.2681360231088983,0.10669825956139575,0.2934689741500924,0.010249318970834097,129.00736943287407,0.021751872677780205,2.5091277167414052,38.333099851564285,3.3352668292634466,0.0,3.047600257796367,0.0,0.48328460153401326,0.8633114926062485,0.007908457661126472,23.80411163895487,0.13413303437967114,2.212389380530974,12.26189947286391,1.6176199009629186,2.6448882267569145,0.07319260898164205,2.2447413303013075,0.559983395599834,5.6061748064973935,0.6623426029414521,1.691080716781406,Internet Retail,Consumer Cyclical,JD
2022Q1,2022,Q1,2022-03-31,2022-03-31,-3518000000.0,239655000000.0,2409000000.0,-2.26,33446000000.0,0.1395589493,512185000000.0,206490000000.0,289229000000.0,219006000000.0,256350000000.0,68790000000.0,0.0,573607208520.0,542297208520.0,132.53530166880617,1.3206441832643854,0.10377695559221765,0.2574119812097438,0.010381980537812256,132.53530166880617,-0.01703714465591554,2.393470649558741,-40.76230873507674,2.777893401714368,0.0,2.997659543538305,0.0,0.4679071038784814,0.8998566249326503,-0.006868611927330945,-81.21297019963188,0.13955894932298513,0.33918128654970764,-9.469662867052252,1.8627159796824095,4.279033320726072,-0.09901634221539182,0.33852721712308226,0.162721666442231,-1.4463642876035243,0.8382641166127244,1.8783766114877798,Internet Retail,Consumer Cyclical,JD
2021Q4,2021,Q4,2021-12-31,2021-12-31,-5318435000.0,275907003000.0,2071863000.0,-3.42,37121650000.0,0.1345440659,496507000000.0,208911000000.0,299672000000.0,221636000000.0,249723000000.0,75601000000.0,33805000000.0,694456086102.7789,657829086102.7789,134.31707318641315,1.3520908155714775,0.06876035987408033,0.16341887215129888,0.008149261624980308,134.31707318641315,-0.025457898339484277,2.516993329461735,-32.64381750001546,3.3241719493122854,0.0,3.1584946363143342,0.0,0.5556960989472455,0.9147024851558411,-0.010711701949821453,-255.15254681960582,0.13454406592209622,-2.8,-2.0541074724518653,2.094277774083354,4.616091481863086,0.19390100652766593,-0.8981862347426754,0.03918623127635755,-0.03037819238456601,0.9044674947423633,2.252943858058069,Internet Retail,Consumer Cyclical,JD
2021Q3,2021,Q3,2021-09-30,2021-09-30,-2801851000.0,218708358000.0,1993736000.0,-0.9,31092737000.0,0.14216528935762024,483046934000.0,215314346000.0,288800945000.0,204169095000.0,233900932000.0,60043995000.0,0.0,1446335319876.888,1395945290876.888,69.31892209658223,1.4145184167074845,0.07785504544781978,0.17466388886135809,0.00919055184290704,69.31892209658223,-0.013012839376712966,6.613077493256513,-129.05176969411363,6.71731980124022,0.0,3.124635877409556,0.0,0.45276833906992564,1.0171099303741342,-0.005800370114759905,193.32813275714872,0.14216528935762024,-4.6,-0.6483935555515105,0.6692181321585333,1.8298307124520456,-0.020071388244047497,-4.511566728329147,8.341886148843354,-1.4347893585498324,-0.02772564076270221,0.5680517738064632,Internet Retail,Consumer Cyclical,JD
2021Q2,2021,Q2,2021-06-30,2021-06-30,797892000.0,253800470000.0,213419000.0,0.25,31729594000.0,0.1250178693522514,476131787000.0,216758929000.0,285602387000.0,196916131000.0,226726036000.0,65768288000.0,0.0,1603017597020.02,1536177317020.02,69.7973878980984,1.4503757795241266,0.0640721767227862,0.14074068432032158,0.00036754021091232143,69.7973878980984,0.00368101099078599,6.3160544857147825,502.2664712204221,7.395393603462674,0.0,3.3765646446506254,0.0,0.5330466835645232,1.0086778873387472,0.0016757797353277738,61.11092716267482,0.1250178693522514,-0.7787610619469026,3.9314293378000107,0.730730008459408,1.461770075014159,0.08953963665774684,-0.7796030660865962,-0.864666178814977,1.1666232613912204,-0.04143049636294686,0.7185118431364406,Internet Retail,Consumer Cyclical,JD
2021Q1,2021,Q1,2021-03-31,2021-03-31,3620250000.0,203176169000.0,1576982000.0,1.13,29122019000.0,0.14333383262089167,414998822000.0,188672167000.0,227579838000.0,162236435000.0,188886121000.0,59524389000.0,0.0,1720151709408.7917,1681592065408.7917,60.71810702766927,1.4027665117271593,0.0791538391402952,0.1741049065281579,0.005868911889983227,60.71810702766927,0.01918804483758328,8.466306446642331,118.78680404728898,9.117146088690399,0.0,2.924081253484181,0.0,0.48958251982700807,0.9361117433331175,0.008723518738084515,-156.83663152730836,0.14333383262089167,-0.8511198945981555,2.843476444476464,0.6613047069193508,1.793614073476066,-0.0648731693720956,-0.8511743934367342,-0.22345842180526065,0.09024842866368298,-0.06801696020070355,0.5988265996299489,Internet Retail,Consumer Cyclical,JD
2020Q4,2020,Q4,2020-12-31,2020-12-31,24325451000.0,224328155000.0,2030776000.0,7.59,31142320000.0,0.13882483899535483,422287794000.0,187543295000.0,234801258000.0,174016662000.0,200668678000.0,58932519000.0,37418433000.0,1778936409797.22,1724405686797.22,60.439951220911325,1.349303309817539,0.07472187083863475,0.16824986465125294,0.008766480490747172,60.439951220911325,0.12970578873534241,7.930063035543711,18.282666267906194,9.485470593855249,0.0,3.2780854828214623,0.0,0.5312210255359642,0.9259138300216332,0.057603964276552115,-4246.492543420613,0.13882483899535483,2.2297872340425533,2.406440478970088,0.8114299690398067,1.7077849138809444,0.16224292142666222,2.217508397111346,-0.4972539014157416,13.282977411959315,-0.06511805823111896,0.6545328831505219,Internet Retail,Consumer Cyclical,JD
2020Q3,2020,Q3,2020-09-30,2020-09-30,7560338000.0,174214464000.0,4039367000.0,2.35,26795018000.0,0.15380478397017597,374300209000.0,150558471000.0,207567298000.0,172595597000.0,199223330000.0,55345624000.0,0.0,1631593110611.568,1592448361611.568,48.6252225233698,1.202622208259461,0.09075127713861363,0.22561481778066145,0.01860825391021339,48.6252225233698,0.05021529476079762,9.365428524990715,53.952386474373505,10.836939959436544,0.0,2.6636152119271435,0.0,0.46544046679920503,0.7858213092191454,0.020198594118337774,158.34177829083595,0.15380478397017597,-0.5506692160611855,7.29229993641854,0.744803119865831,0.8090934313091783,-0.06427231358069796,-0.5403325277960228,-0.16688126960791289,2.4274481151900633,-0.04344351734187875,0.34437115503336063,Internet Retail,Consumer Cyclical,JD
2020Q2,2020,Q2,2020-06-30,2020-06-30,16447407000.0,201054058000.0,4848489000.0,5.23,28635487000.0,0.14242680443684455,352480435000.0,136345754000.0,205476672000.0,171948514000.0,196476865000.0,54476745000.0,0.0,1259479304736.696,1225421208736.696,46.042875407172176,1.1949895187811859,0.10642826175586172,0.2751378675129113,0.024932673319977148,46.042875407172176,0.12063013711450082,6.264381416945566,19.144040527736315,9.23739293514557,0.0,3.164993998815458,0.0,0.570397781085353,0.7780294222257716,0.046661900539245536,53.025576924670446,0.14242680443684455,13.527777777777779,15.881466928360933,1.0216524764323922,0.715173166500886,0.2706828911349244,14.319822131644566,1.089461565412556,23.29044472949661,0.03637734472886247,0.3008647121121177,Internet Retail,Consumer Cyclical,JD
2020Q1,2020,Q1,2020-03-31,2020-03-31,1073603000.0,146205209000.0,2320449000.0,0.36,22535510000.0,0.1541361635070061,265695742000.0,84289867000.0,144552071000.0,136597500000.0,162451483000.0,50584695000.0,0.0,841817186309.2499,832753600309.2499,28.800457514218305,1.0582336499569904,0.1297191318933519,0.4088963742225385,0.013906989709061488,28.800457514218305,0.012737035164618304,5.757778345019498,196.02618153760048,9.987169469721074,0.0,2.4448046785692785,0.0,0.550273060077869,0.6126500118962646,0.0040407233925487595,-237.1179090529279,0.1541361635070061,-0.8524590163934427,1.7057367836778679,0.8628864595051484,0.0625152951672701,-0.06095010530580144,-0.7048152158312744,3.381950988297545,0.37595894721797085,-0.07029303277192096,0.14715530847505653,Internet Retail,Consumer Cyclical,JD
2019Q4,2019,Q4,2019-12-31,2019-12-31,3637054000.0,170684038000.0,529547000.0,2.44,23998203000.0,0.14060015969390177,259723704000.0,81855970000.0,139094558000.0,140017021000.0,175063857000.0,57932156000.0,-11912679000.0,358688685943.8024,340485691943.8024,56.00324706201095,0.9934117795578582,0.07226304611765431,0.22928597633135372,0.004267695339047913,56.00324706201095,0.04443236088949896,2.1014776199740623,24.65516637530007,4.38194900071189,0.0,2.5320278948361596,0.0,0.6571754343993185,0.5252954996092939,0.01400355048070622,-153.21118735102974,0.14060015969390177,4.809523809523809,8.462196726549244,3.5824032508615464,1.034802165456603,0.19309969830215165,4.940462326725477,-0.8935200163596649,3.2225070425840094,1.0369596196575845,1.341618614225796,Internet Retail,Consumer Cyclical,JD
2019Q3,2019,Q3,2019-09-30,2019-09-30,612251000.0,134842785000.0,4973207000.0,0.42,20114164000.0,0.14916752127301436,245832011000.0,75894872000.0,129603246000.0,132772588000.0,168077988000.0,48265449000.0,-15487880000.0,294347465501.36206,281542488501.36206,51.9880234516763,0.976129545655915,0.07858887832146481,0.25455819992686723,0.022713207861437858,51.9880234516763,0.008067093123234993,2.1828936972887503,120.19068384590717,3.8783577565209155,0.0,2.377034159570338,0.0,0.5485159741869419,0.555414420332004,0.002490525938869694,233.21707281043615,0.14916752127301436,0.16666666666666666,4.476024575649593,3.3370475439896223,0.8707525262723308,-0.0908860236459006,-0.010610568229379606,1.1941729111002086,1.7664033853782304,1.1897143620134525,1.1223253477348059,Internet Retail,Consumer Cyclical,JD
2019Q2,2019,Q2,2019-06-30,2019-06-30,618817000.0,150280602000.0,2266552000.0,0.36,22125019000.0,0.1472247163343144,245491121000.0,69837538000.0,127456609000.0,140080310000.0,173437357000.0,45520934000.0,0.0,311839050123.88007,295894991123.88007,47.93887029415076,0.9098824024589894,0.06857437422349788,0.24105088011550466,0.013442844102510327,47.93887029415076,0.008860807779334947,2.0750452551679297,125.98193412748843,4.465206807890049,0.0,2.8153109292529015,0.0,0.612163085116223,0.5076028101308456,0.0025207306784834796,15.443578327413379,0.1472247163343144,-0.9274193548387096,1.8770608685138943,3.3363826973471156,0.5239594555532715,0.21674964296334076,-0.9154607841302338,0.8493799640005418,5.846567399747978,1.1846231391210174,0.6908150845476094,Internet Retail,Consumer Cyclical,JD
2019Q1,2019,Q1,2019-03-31,2019-03-31,7319881000.0,121081059000.0,1225574000.0,4.96,18183707000.0,0.15017796466415115,214328958000.0,66626812000.0,95068144000.0,114943168000.0,146579113000.0,38235962000.0,0.0,303892450050.38403,288403103050.38403,46.0451565440914,0.8270882528659729,0.08661643379052866,0.278632722213994,0.01279897587670404,46.0451565440914,0.10986389383301125,2.5098264960697447,10.37900923698022,4.561113475613752,0.0,2.6911145062859934,0.0,0.5649309366772548,0.4254013948876022,0.034152552544952884,91.44432666999394,0.15017796466415115,2.4939759036144578,2.822241853318303,4.048897401935308,0.0,-0.05154149679741442,2.523741295330219,2.3053240799911388,9.004377930392335,1.126068601575828,1.118517912265685,Internet Retail,Consumer Cyclical,JD
2018Q4,2018,Q4,2018-12-31,2018-12-31,-4803887000.0,134832549000.0,-938904000.0,-3.32,19171853000.0,0.14219009536043112,209164857000.0,59770973000.0,104855779000.0,120862015000.0,148297997000.0,44030084000.0,-24038081000.0,208379237699.17798,188536309699.17798,41.29092878553314,0.8675660338775586,0.06893852632232575,0.2412461480257315,-0.012815504384077723,41.29092878553314,-0.0803715709965103,1.5454668716466822,-10.844303670089346,3.4862948893132124,0.0,2.626856128641499,0.0,0.6446233412910277,0.4406740033251969,-0.022966989143878982,-13.582836421792612,0.14219009536043112,-2.6274509803921564,-40.253322467063256,5.327836857958935,5.109231156188619,0.19009446711081807,-2.6005652753793354,-0.4428273086444796,0.4046189569683222,1.3338571590247943,0.8498849153093876,Internet Retail,Consumer Cyclical,JD
2018Q3,2018,Q3,2018-09-30,2018-09-30,3001369000.0,104768279000.0,-650739000.0,2.04,16109522000.0,0.15376335426870952,213539373000.0,63953723000.0,109534226000.0,121693948000.0,149031920000.0,39855172000.0,0.0,253260947458.29144,238733610458.29144,44.207036562517175,0.9000794846429011,0.0911780330084607,0.3044404467273938,-0.007663076524863963,44.207036562517175,0.046930324916346154,2.417343778819651,21.09545239674724,3.960065740946644,0.0,2.224523256354282,0.0,0.4906274544507537,0.45974425942693553,0.014055342384095134,114.45989578082293,0.15376335426870952,2.3246753246753245,39.46712138063734,4.874900465808973,25.960977830238576,-0.02449043705820701,2.3570164861075504,0.37060930304985207,6.346342308128704,1.2457488968107646,0.6447155470488145,Internet Retail,Consumer Cyclical,JD
2018Q2,2018,Q2,2018-06-30,2018-06-30,-2211741000.0,122291030000.0,-1033919000.0,-1.54,16513956000.0,0.13503816265183147,218639653000.0,58257287000.0,131789630000.0,133372513000.0,159730697000.0,43402631000.0,0.0,370266363692.94,356708139692.94,40.615017101489286,0.9881318649218224,0.09913903403423349,0.3720688881375475,-0.01393427680628614,40.615017101489286,-0.03796505319583454,3.027747527295665,-41.85236468611605,6.355709006719451,0.0,2.4371120266879673,0.0,0.5593268573290318,0.5532308145082337,-0.010115918908817514,22.558570713923295,0.13503816265183147,-2.480769230769231,-78.67805529816783,6.148299725374539,0.0,0.1663796972264047,-2.4502097542616377,-234.33762130444595,-3.1314084883569144,1.5386558279650193,0.5129764784107659,Internet Retail,Consumer Cyclical,JD
2018Q1,2018,Q1,2018-03-31,2018-03-31,1525118000.0,100127901000.0,4431000.0,1.04,14158302000.0,0.14140216521666624,185314261000.0,54199693000.0,112995695000.0,106868653000.0,130663199000.0,36164002000.0,0.0,363414652858.224,348951953858.224,37.97666804000045,1.0573324527633,0.11192482914199464,0.3826823705440546,5.36426840070221e-05,37.97666804000045,0.02813886787144717,3.629504356215597,59.57156312793896,6.705105375010593,0.0,2.3772147507347223,0.0,0.540314061420238,0.6250465419452793,0.00822990088172437,-96.3217272694856,0.14140216521666624,2.625,1.3849377953856314,3.2331197876954803,0.0,-0.014038475077773909,2.677367627439831,1.0027759661847098,3.055883484587393,1.616222435280526,0.4010468629559095,Internet Retail,Consumer Cyclical,JD
2017Q4,2017,Q4,2017-12-31,2017-12-31,-909233000.0,110165334000.0,-1596201000.0,-0.64,14359893000.0,0.13034856318776286,184054966000.0,52040814000.0,115028652000.0,118250621000.0,131666263000.0,41700379000.0,-22234609000.0,384588690038.304,382707839038.304,36.529918405624564,0.9727530479522809,0.1293498160761389,0.457477010255835,-0.02133225448984865,36.529918405624564,-0.017471536859511843,3.491013697995996,-105.74536176049045,7.390135942883292,0.0,2.297471708830272,0.0,0.5985458387468883,0.5629110818792232,-0.004940007975660923,-51.46659899332119,0.13034856318776286,-1.9142857142857141,-2.0607314904976164,7.999571472282618,31.11211299146352,0.10607483006296817,-1.8964231137051533,-4.17724020971922,-0.9139646274755027,2.0344998720956844,0.3272651314916243,Internet Retail,Consumer Cyclical,JD
2017Q3,2017,Q3,2017-09-30,2017-09-30,1014290000.0,83746258000.0,502386000.0,0.7,12982750000.0,0.15502483705003273,180429561000.0,51496514000.0,123648539000.0,110300229000.0,128604033000.0,36310132000.0,0.0,362492421566.5,368786867566.5,36.16949258492768,1.1210179717759243,0.1546590638770107,0.5418826408327367,0.0060009178152580205,36.16949258492768,0.019696284684435145,4.328461118423942,89.34634610577349,7.039164273653553,0.0,1.9488639699795087,0.0,0.46414931974478396,0.6773248041035346,0.005621528946689617,-1481.356671420048,0.15502483705003273,3.809302555191343,12.895816717823271,3.7717219351538684,21.059042259802798,0.02648132456670988,3.861233194355899,2.2466648799952353,6.9045824421007715,1.7618850037040195,0.3015337982629158,Internet Retail,Consumer Cyclical,JD
2017Q2,2017,Q2,2017-06-30,2017-06-30,-354494000.0,93201975000.0,-402984000.0,-0.24917216506511974,12647819000.0,0.13570333675868992,180671004000.0,50354660000.0,130942490000.0,109530055000.0,130016570000.0,31149391000.0,0.0,378627023838.798,380485999838.798,35.39405364637478,1.1954936934889697,0.16446441510891255,0.5900933697099732,-0.004782910850039538,35.39405364637478,-0.007039944267323024,4.062435627987475,-267.019345770872,7.51920525009598,0.0,2.5860587772004915,0.0,0.5158657058218373,0.7814939196369435,-0.0019620968066353358,22.545245891103516,0.13570333675868992,-2.5573260316569986,-11.875603621483986,4.4927207363641735,0.0,0.03368185452109067,-1.937316400538338,-1.4779800213023873,0.48552041089496706,1.753858074583914,0.12516424341634824,Internet Retail,Consumer Cyclical,JD
2017Q1,2017,Q1,2017-03-31,2017-03-31,378201000.0,76225660000.0,843098000.0,0.16,12235698000.0,0.16051941039277326,170738384000.0,35615380000.0,117762688000.0,110969516000.0,134864295000.0,26860550000.0,-21482144000.0,304030119769.185,314107375769.185,25.105979374757464,1.0612165596901404,0.19738647637663012,0.9462610815889091,0.009650754011191733,25.105979374757464,0.010619035933352389,3.9885534578406405,200.97125587266098,8.536483950730975,0.0,2.382302745103879,0.0,0.4464471211113255,0.5808211599300839,0.0022150906617459843,69.27735603852648,0.16051941039277326,1.1311475409836065,1.096034954338252,2.2420984087518696,0.0,-0.1792648859843611,1.2383644786184729,1.6844872463104499,1.096034954338252,2.2420984087518696,0.0,Internet Retail,Consumer Cyclical,JD
2016Q4,2016,Q4,2016-12-31,2016-12-31,-1586650000.0,81242826000.0,-1231722000.0,-1.22,14908218000.0,0.1835019623763457,160373518000.0,33892900000.0,106932098000.0,104740235000.0,126210656000.0,28909438000.0,-21860345000.0,250391626114.96802,259251100114.96802,23.916468173672754,1.0209266572678588,0.17852803478439627,0.8447541815542489,-0.02058489803957593,23.916468173672754,-0.04681363943480788,3.082015218364856,-39.45287651891848,7.387730944090592,0.0,2.2945658092696233,0.0,0.5065850460423272,0.5656006309323252,-0.009893466326529047,-33.63866540781233,0.1835019623763457,-0.9062499999999999,-4.369265419253087,5.6718395201024965,20.02409098815478,0.5452421376020697,-1.0140775343369977,-1.9596038233640414,-12.917821889661802,2.8946599135190656,2.538579460672903,Internet Retail,Consumer Cyclical,JD
2016Q3,2016,Q3,2016-09-30,2016-09-30,-787780000.0,60725781000.0,-416178000.0,-0.64,9647820000.0,0.1588751900943028,144209977000.0,35264143000.0,93221719000.0,88696285000.0,108814846000.0,22602658000.0,-20466393000.0,250470883959.99152,249582190959.99152,24.495784073428705,1.0510216859702748,0.16604885804815017,0.6790439228879035,-0.0070520412535731904,24.495784073428705,-0.022339405781107456,4.124621862994097,-79.4863045393357,7.102707244579615,0.0,2.259820990964868,0.0,0.421092786111463,0.6498304974103482,-0.005462728837409079,38.00501086568811,0.1588751900943028,-6.302189848537404,-11.67383070516724,2.4219704279097933,13.939483455400776,-0.012507853104117882,-5.505954445600647,-0.1620214993717716,-11.67383070516724,2.4219704279097933,13.939483455400776,Internet Retail,Consumer Cyclical,JD
2016Q2,2016,Q2,2016-06-30,2016-06-30,-121086000.0,65236755000.0,-358150000.0,-0.08764494121283209,9770022000.0,0.149762538004841,136238909000.0,39170468000.0,92176659000.0,74410258000.0,96917292000.0,23989777000.0,-19678613000.0,195357651580.707,182262961580.707,28.35252106056126,1.2387627926246405,0.1709272862717948,0.5945026492918083,-0.008630405998536334,28.35252106056126,-0.003091257423832669,2.9945948657425863,-403.3448366877819,4.987370883102725,0.0,2.3120987327226925,0.0,0.4788408500834369,0.8329309515362788,-0.0008887769352292743,89.31541924744225,0.149762538004841,0.867204634526012,-3.5289228922892315,2.959105167247039,0.0,0.25954236558540933,0.8602773774343222,0.5858896060198922,-3.5289228922892315,2.959105167247039,0.0,Internet Retail,Consumer Cyclical,JD
2016Q1,2016,Q1,2016-03-31,2016-03-31,-866617000.0,53969663000.0,-864866000.0,-0.66,7756803000.0,0.1437252443099376,98486985000.0,29803527000.0,71667723000.0,55404629000.0,68539379000.0,20393161000.0,-19600702000.0,235379775553.125,215790281553.125,21.73460808497372,1.2935331269883605,0.11641639755750469,0.3847027903777966,-0.02144388905579672,21.73460808497372,-0.029077665874914737,4.361334914267021,-67.90190348017781,7.897715446669282,0.0,2.266095972076129,0.0,0.5479877671146091,0.8305752033823744,-0.008799304801543067,99.84541530740735,0.1437252443099376,0.8817204301075269,0.7723443509083553,1.374757521085208,0.0,-0.006689680156710624,0.8863688871371211,0.7963330021563788,0.7723443509083553,1.374757521085208,0.0,Internet Retail,Consumer Cyclical,JD
2015Q4,2015,Q4,2015-12-31,2015-12-31,-7626582000.0,54607543000.0,-4246471000.0,-5.58,7809043000.0,0.14300300967578783,85166169000.0,30540615000.0,58507996000.0,49028858000.0,54487721000.0,20539543000.0,-18690910000.0,287479730799.77625,275989613799.77625,22.320809496750428,1.1933379317136044,0.07483900091831065,0.20869753277725417,-0.11489724223197188,22.320809496750428,-0.24971933276392763,5.26446924740372,-9.42360977695435,9.41303018291466,0.0,2.27845867846232,0.0,0.6411882046731491,0.6998913782572704,-0.08954943130059073,-37.31149465847014,0.14300300967578783,-13.68421052631579,-25.73052740161808,3.64469341729794,18.62140590246213,0.28132922120093473,-13.368035538675437,-5.364252335748263,-25.73052740161808,3.64469341729794,18.62140590246213,Internet Retail,Consumer Cyclical,JD
2015Q3,2015,Q3,2015-09-30,2015-09-30,-530802000.0,44110150000.0,-667238000.0,-0.38,6094486000.0,0.13816516153311653,83072960000.0,36765879000.0,52230554000.0,42728319000.0,46311161000.0,17039916000.0,-11023972000.0,226577256497.782,208744146497.782,26.878226233004124,1.2223872883929743,0.04199285784447791,0.09488338358508985,-0.016575023420859904,26.878226233004124,-0.014437353721367575,5.136624030926715,-106.71458307324671,6.162704732226911,0.0,2.2309771949580033,0.0,0.5309808390118759,0.7164554730084279,-0.006389588140352769,-88.76036663269538,0.13816516153311653,0.0,-8.569122784957143,1.6160095076310819,15.392486760775045,0.0313022833553741,-0.03992774606110238,0.07730453300882263,-8.569122784957143,1.6160095076310819,15.392486760775045,Internet Retail,Consumer Cyclical,JD
2015Q2,2015,Q2,2015-06-30,2015-06-30,-510422000.0,45928687000.0,-723140000.0,-0.38,5909505000.0,0.12866697016616216,81244123000.0,36712278000.0,52427985000.0,41612370000.0,44531845000.0,17701651000.0,-10492975000.0,289411658095.67004,273205848095.67004,26.844447141803155,1.259913458425944,0.016382391130002106,0.03625416543206608,-0.018931625471215574,26.844447141803155,-0.01390330504688377,6.301326621761907,-141.75116770812681,7.883238901592269,0.0,2.260759857936415,0.0,0.5653170383782714,0.7411512970782486,-0.006282571355961341,392.4502583174272,0.12866697016616216,0.2692307692307693,-18.28593009447397,1.8157813464240242,0.0,0.3233418995734496,0.2813083454189606,0.12091679258746886,-18.28593009447397,1.8157813464240242,0.0,Internet Retail,Consumer Cyclical,JD
2015Q1,2015,Q1,2015-03-31,2015-03-31,-710210000.0,36640575000.0,-822607000.0,-0.52,4465592000.0,0.1218755982950595,70535828000.0,37036164000.0,46400211000.0,31043726000.0,33499664000.0,12960750000.0,-9982553000.0,248728186128.75998,234047819128.75998,27.105922752560748,1.4946727399926156,0.0,0.0,-0.022118199302755832,27.105922752560748,-0.019176122019548245,6.788326496752848,-87.55445084156798,6.715819330769785,0.0,2.48249391431823,0.0,0.5194604790064986,0.9704613099600222,-0.01006878376759113,103.25881695027864,0.1218755982950595,-0.5294117647058822,0.8127628349216071,0.6180274775610131,0.0,0.012553086800461653,-0.5632304841059865,-0.08791742160739556,0.8127628349216071,0.6180274775610131,0.0,Internet Retail,Consumer Cyclical,JD
2014Q4,2014,Q4,2014-12-31,2014-12-31,-454322000.0,34720048000.0,-756130000.0,-0.34,4410230000.0,0.12702257784897072,66493172000.0,37498067000.0,49941697000.0,28995105000.0,28995105000.0,12190843000.0,-9272343000.0,196362120977.204,181338240977.204,27.522698772754648,1.722418215074579,0.028435566286415092,0.05042315914577677,-0.019863115537558557,27.522698772754648,-0.012115877866451089,5.655583223191512,-108.05228504078826,5.236593154980603,0.0,2.486277446112627,0.0,0.5221595985825431,1.1486262595013883,-0.006832611324362748,-47.34914699084519,0.12702257784897072,-1.8333333333333337,-0.5991578143921531,1.965751145696157,23.19419619302051,0.24441558829994325,-1.7642220031881624,-0.859457997245721,-0.5991578143921531,1.965751145696157,23.19419619302051,Internet Retail,Consumer Cyclical,JD
2014Q3,2014,Q3,2014-09-30,2014-09-30,-164358000.0,29012003000.0,-406640000.0,-0.12,3544017000.0,0.12215692242965782,65948857000.0,37856484000.0,50600535000.0,28092373000.0,28092373000.0,11094891000.0,-8805660000.0,215923597105.12198,198048163105.12198,27.789898835666868,1.8012196762445094,0.043100898625127046,0.07508502374388493,-0.010383354379491725,27.789898835666868,-0.0043416076358279865,7.442560829223752,-328.43487555385497,5.703741454307325,0.0,2.295469689607586,0.0,0.43991669180862375,1.1970342270480319,-0.002492203920986834,150.95994657561258,0.12215692242965782,0.7522293444114466,-3.3533953254244557,0.7277047845056606,15.948497449120234,0.12322021634562816,0.7178548744270681,0.48392337028599713,-3.3533953254244557,0.7277047845056606,15.948497449120234,Internet Retail,Consumer Cyclical,JD
2014Q2,2014,Q2,2014-06-30,2014-06-30,-582530000.0,28612850000.0,-787945000.0,-0.4843188541231911,3155229000.0,0.11027314650585314,63876446000.0,37835659000.0,48943281000.0,26040787000.0,26040787000.0,10781375000.0,-8641302000.0,213017647661.84,188324265661.84,31.456788511966426,1.8794854779158556,0.04450144267575563,0.0751300248265796,-0.019382289194429872,31.456788511966426,-0.01539632228951001,7.444824533796528,-91.41917483298714,5.630076316678929,0.0,2.3612592085888857,0.0,0.44794054446923987,1.274840503092322,-0.009119636994205971,-2713.358651608646,0.11027314650585314,0.8255389619522581,-24.026461484860548,0.9945547619385142,0.0,0.3952559434473719,0.84650664480015,0.7954304594152953,-24.026461484860548,0.9945547619385142,0.0,Internet Retail,Consumer Cyclical,JD
2014Q1,2014,Q1,2014-03-31,2014-03-31,-3795148000.0,22657416000.0,-3851722000.0,-2.7760860507470757,2261398000.0,0.09980829234895983,,,,,,,,177246988717.72473,,,0.0,0.0,0.0,0.0,,0.0,7.822912759236302,-11.675894373402878,0.0,0.0,0.0,0.0,0.0,0.0,0.0,195.1565007957508,0.09980829234895983,-33.50918845192089,0.0,0.0,0.0,0.10811831895548461,-33.50918845192089,-13.66635443201852,0.0,0.0,0.0,Internet Retail,Consumer Cyclical,JD
2013Q4,2013,Q4,2013-12-31,2013-12-31,-109975000.0,20123318000.0,-262623000.0,-0.08044483731093219,2040755000.0,0.10141245096857288,26009812000.0,9239828000.0,22612993000.0,16769984000.0,16769984000.0,6386155000.0,-4301195000.0,172975460578.23898,163095947578.23898,6.7587766332438814,1.3484206663524545,0.03586438840849753,0.1009570740927212,-0.02521785050851052,6.7587766332438814,-0.011902277834609043,8.595772356141218,-393.21541390824956,18.72063642074712,0.0,2.8315258555421847,0.0,0.7736817936246521,0.7978086323755587,-0.004228212030136935,162.98589225597786,0.10141245096857288,-2.607774065609429,0.6142165446705857,0.7130737133024992,4.941392929510984,0.14961426120952137,-2.4659033350217268,-2.2036962488563585,0.6142165446705857,0.7130737133024992,4.941392929510984,Internet Retail,Consumer Cyclical,JD
2013Q3,2013,Q3,2013-09-30,2013-09-30,75022000.0,18038518000.0,-81975000.0,0.05003491412858403,1775165000.0,0.09840969197136927,23848671000.0,2399395000.0,20900411000.0,14550825000.0,21449276000.0,6503982000.0,-4152839000.0,187234380206.49997,178422467206.49997,1.6396674052725182,1.436372920435783,0.0,0.0,-0.03395980531834698,1.6396674052725182,0.03126704856849331,10.379698609747207,623.9315807579776,78.03399615590595,0.0,2.50052244917037,0.0,0.7563741392549714,0.884463870605275,0.0031457518114950725,272.4221479954022,0.09840969197136927,3.6491754652353543,0.0,0.0,0.0,0.14285079683096008,3.6491754652353543,0.6471294698009978,0.0,0.0,0.0,Internet Retail,Consumer Cyclical,JD
2013Q2,2013,Q2,2013-06-30,2013-06-30,-28319000.0,17453166000.0,-232309000.0,-0.018886976263061118,1553278000.0,0.08899691895441779,,,,,,,,187497401387.44998,,,0.0,0.0,0.0,0.0,,0.0,10.742887644995182,-1655.2261854889825,0.0,,0.0,,0.0,0.0,0.0,0.0,0.08899691895441779,0.0,0.0,0.0,0.0,0.0,0.0,0.0,0.0,0.0,0.0,Internet Retail,Consumer Cyclical,JD
2012Q4,2012,Q4,2012-12-31,2012-12-31,-305141000.0,12574008000.0,-378109000.0,-0.20852329512742232,1148451000.0,0.0913353164718839,17886054000.0,1664661000.0,15754256000.0,11483496000.0,16221393000.0,4753829000.0,-4212915000.0,190665889102.15,184355994102.15,1.1375744229392641,1.3719041657697273,0.04849582809042173,0.5210664513675758,-0.1508282871813533,1.1375744229392641,-0.18330518946500218,15.163493541768862,-156.2112999417892,114.53736772961581,0.0,2.4034429930062693,0.0,0.7030062639864556,0.7723770705367077,-0.017060275005319786,8764.23300860262,0.0913353164718839,0.0,0.0,0.0,0.0,0.0,0.0,0.0,0.0,0.0,0.0,Internet Retail,Consumer Cyclical,JD
