Year,Date,FillingDate,NetIncome,Revenue,OperatingIncome,EPSDiluted,GrossProfit,GrossProfitRatio,TotalAssets,CommonStockEquity,CurrentAssets,CurrentLiability,TotalLiability,Inventory,RetainedEarnings,EnterpriseValue,bookValuePerShare,currentRatio,debtToAssets,debtToEquity,roic,shareholdersEquityPerShare,roe,priceToSalesRatio,peRatio,pbRatio,payoutRatio,inventoryTurnover,dividendYield,assetTurnover,quickRatio,returnOnAssets,priceToFreeCashFlowsRatio,grossProfitMargin,epsdilutedGrowth,fiveYNetIncomeGrowthPerShare,fiveYRevenueGrowthPerShare,fiveYShareholdersEquityGrowthPerShare,grossProfitGrowth,netIncomeGrowth,operatingIncomeGrowth,threeYNetIncomeGrowthPerShare,threeYRevenueGrowthPerShare,threeYShareholdersEquityGrowthPerShare,Industry,Sector,Price,MarketCap,AvgVolume,Symbol
2022,2022-12-31,2022-12-31,275448000.0,5511549000.0,367484000.0,6.18,1373283000.0,0.2491646178,9215651000.0,2755221000.0,5031777000.0,4277289000.0,6457976000.0,1946326000.0,2382564000.0,8345088880.0,62.16373358602951,1.1763939729113464,0.1395035467380438,0.46661084537320235,0.07568850073003838,62.16373358602951,0.09997310560568462,1.31915381320206,26.395475298422934,2.638837639521476,0.31517019546339053,2.1261936592328317,0.011940311432172666,0.5980639891853543,0.7213566817673531,0.029889152703373858,207.98045883631787,0.249164617787123,-0.003225806451612978,0.11111873345566353,0.5738136104879981,0.5556307759146534,0.01121830745305026,0.004002186987424822,-0.12191881636671223,0.19427155933803975,0.20775007602192366,0.2711103837999306,Aerospace & Defense,Industrials,204.4337,9066143954,22698,ESLT
2021,2021-12-31,2021-12-31,274350000.0,5278521000.0,418508000.0,6.2,1358048000.0,0.2572781277,9317344000.0,2531635000.0,4980004000.0,4024091000.0,6771081000.0,1670474000.0,2195764000.0,8892977520.0,57.27162700208126,1.2375475604304178,0.15613118931747072,0.574619959038329,0.06182522215225881,57.27162700208126,0.10836870243933268,1.4582195505142443,28.056287661745944,3.040423489168067,0.2885912156005103,2.3469224902632426,0.010286151150139413,0.5665263620190475,0.8224292144486792,0.02944508649675272,33.71429174623754,0.25727812771797254,0.15241635687732347,0.11973866469899871,0.5655204653883251,0.5693301116287293,0.1655993827176388,0.15438992165212195,0.2850006294386942,0.28348169318716426,0.3859096237212102,0.33620555027603977,Aerospace & Defense,Industrials,204.4337,9066143954,22698,ESLT
2020,2020-12-31,2020-12-31,237658000.0,4662572000.0,325687000.0,5.38,1165107000.0,0.249885042,8057897000.0,2218154000.0,4272898000.0,3622154000.0,5826530000.0,1316688000.0,2000980000.0,6705545400.000001,50.186750531698266,1.1796566352507376,0.14932444532363717,0.5424515159903235,0.07216625582022788,50.186750531698266,0.10714224530848625,1.23989471905206,24.32528423196358,2.606265570379694,0.3290190105109022,2.656259493517067,0.013525803331768232,0.5786338544659978,0.8161469666944033,0.02949379968495502,39.42804997817547,0.2498850419897001,0.03461538461538456,0.13408402031377673,0.4499072317554538,0.5373119367091134,0.025200907725433295,0.043013820071360544,0.012676844625478063,-0.03863121591385506,0.3351249355568465,0.25590998427106376,Aerospace & Defense,Industrials,204.4337,9066143954,22698,ESLT
2019,2019-12-31,2019-12-31,227857000.0,4508400000.0,321610000.0,5.2,1136467000.0,0.2520776772,7335358000.0,2141406000.0,3671767000.0,3172845000.0,5175518000.0,1219920000.0,1862059000.0,7802809220.0,48.90506314659602,1.1572475176064383,0.16826131730721255,0.5763769224518844,0.07876064758891416,48.90506314659602,0.10640532435231806,1.5059915313636767,29.7976898668902,3.170632855236233,0.27463716278192024,2.7640607580824974,0.009216726666018638,0.6146121293602848,0.7727597786844299,0.031062832925127855,-35.562230753920446,0.25207767722473606,0.07438016528925627,0.2981702007968192,0.48457599863381806,0.7005402146262243,0.16419939375872664,0.10215345026071647,0.098274778712709,-0.06116242213837568,0.34984939375139135,0.34007347485114303,Aerospace & Defense,Industrials,204.4337,9066143954,22698,ESLT
2018,2018-12-31,2019-03-19,206738000.0,3683684000.0,292832000.0,4.84,976179000.0,0.2650007438205883,6450785000.0,1832453000.0,3278985000.0,2910453000.0,4596377000.0,1141996000.0,1691921000.0,5461537060.0,42.86138984398756,1.126623587462158,0.12329026622341312,0.434018771559216,0.09901980525260745,42.86138984398756,0.11282035610190275,1.3233211806441594,23.579105244318896,2.6602030502283003,0.3642533061169209,2.370853312971324,0.015448139458331797,0.5710442992597025,0.701120066189009,0.03204850262409924,54.55244141543007,0.2650007438205883,-0.13416815742397137,0.1109598277103769,0.2412284124132182,0.5345095093642135,-0.021786315536315538,-0.13538177149333566,-0.08289383025367993,0.019880120068049734,0.18422180982128747,0.3129227442108941,Aerospace & Defense,Industrials,204.4337,9066143954,22698,ESLT
2017,2017-12-31,2018-03-20,239109000.0,3377825000.0,319300000.0,5.59,997920000.0,0.29543271187820563,4714917000.0,1708310000.0,2611034000.0,2088949000.0,2996945000.0,902954000.0,1561921000.0,5987758500.0,39.96046783625731,1.2499271164590424,0.09452658445525128,0.2608923438954288,0.11930929649689051,39.96046783625731,0.13996815566261392,1.6869279788029279,23.8307529202163,3.335546534294127,0.31491913729721593,2.6356879752456934,0.013214821132657588,0.7164123992002405,0.7928417591812916,0.05071329993719932,-815.5356376127094,0.29543271187820563,0.009025270758122712,0.4056362733267685,0.15404326993469772,0.6575629481540394,0.039951729032298405,0.009286266034637773,0.06797870063148881,0.395321402934169,0.13926882018408523,0.38951630319208,Aerospace & Defense,Industrials,204.4337,9066143954,22698,ESLT
2016,2016-12-31,2017-03-22,236909000.0,3260219000.0,298976000.0,5.54,959583000.0,0.29433084096497814,4351864000.0,1559840000.0,2453234000.0,1925998000.0,2784623000.0,840266000.0,1398112000.0,4537696380.0,36.49431472556268,1.2737469093945062,0.09318397817578858,0.25997794645604677,0.12726806826276532,36.49431472556268,0.1518803210585701,1.3357944297607,18.382511344018166,2.791941724792286,0.28891684148765984,2.7379853522574993,0.01571694074224934,0.7491546151258404,0.7953720616532312,0.0544385118652605,51.98054905050071,0.29433084096497814,0.16877637130801684,1.6252762371657503,0.15774183088292026,0.7372577049859489,0.0697060262883018,0.16986899347683312,0.1131812732241658,0.27341909829999095,0.09882332427572427,0.3065575611977497,Aerospace & Defense,Industrials,204.4337,9066143954,22698,ESLT
2015,2015-12-31,2016-03-22,202509000.0,3107581000.0,268578000.0,4.74,897053000.0,0.2886660074186321,4126558000.0,1394334000.0,2282807000.0,1637794000.0,2724171000.0,837111000.0,1232610000.0,3979428630.0,32.64578211701903,1.3938303596178763,0.12264167860963059,0.36296038108516326,0.1150366693801929,32.64578211701903,0.14523708092895962,1.2140190810794633,18.629604758307035,2.705709413956771,0.3446365346725331,2.640662946729884,0.018499401310103362,0.7530685379921959,0.8230619968079014,0.04907455559815226,11.239770328285461,0.2886660074186321,0.18204488778054875,0.1018979446394238,0.16203161051169443,0.44014633226916566,0.0872091402586605,0.18440168440753305,0.08795054807061321,0.19156500819194167,0.06268312389606104,0.3541492825462537,Aerospace & Defense,Industrials,204.4337,9066143954,22698,ESLT
2014,2014-12-31,2015-03-11,170980000.0,2958248000.0,246866000.0,4.01,825097000.0,0.278914073465105,4021281000.0,1226667000.0,2249044000.0,1624157000.0,2782386000.0,868799000.0,1091671000.0,2987337690.0,28.758545505697004,1.3847454402499266,0.148498451115453,0.48681019380157775,0.11797010308551749,28.758545505697004,0.1393858316886327,0.8757178877497762,15.15142525441572,2.1118940103548884,0.39932740671423556,2.4552871262512963,0.026355765217391403,0.7356481678350755,0.7879675425466873,0.04251878941063805,24.29605058803669,0.278914073465105,-0.07603686635944702,-0.21105657808869144,0.035872384816781906,0.4607720162360802,0.0003030865118015826,-0.06780723706090493,0.031220759256783852,0.8986015718166462,0.052675720189523705,0.36900788902786663,Aerospace & Defense,Industrials,204.4337,9066143954,22698,ESLT
2013,2013-12-31,2014-03-19,183417000.0,2925151000.0,239392000.0,4.34,824847000.0,0.2819844172147011,3933168000.0,1177012000.0,1996006000.0,1435133000.0,2738999000.0,756032000.0,974516000.0,3029653690.0,27.93165476162225,1.3908160428336607,0.16910846422019096,0.5651021399951742,0.11375001545035002,27.93165476162225,0.15583273577499634,0.8745732066481354,13.947773052661422,2.1735196327650015,0.41189747951389455,2.7780623042410904,0.029531415370663706,0.7437137188139433,0.7905553004495054,0.046633400861595536,24.609052772326752,0.2819844172147011,0.09319899244332484,-0.10303645205743316,0.10705394941202097,0.6236125930915782,0.011009174311926606,0.0925547566997659,0.1789805466633834,0.011561156444051224,0.10866232444217103,0.23218583077500393,Aerospace & Defense,Industrials,204.4337,9066143954,22698,ESLT
2012,2012-12-31,2013-03-13,167879000.0,2888607000.0,203050000.0,3.97,815865000.0,0.2824423675494797,3810705000.0,1017115000.0,1884275000.0,1509044000.0,2760079000.0,751247000.0,841748000.0,2163060500.0,24.107963972505335,1.2486547774617573,0.17650067375984235,0.6612742905177881,0.10856267133439974,24.107963972505335,0.1650540990940061,0.5849565205651027,10.065043870883194,1.6612767484502733,0.3015028681371702,2.7590685886266435,0.029955445004008086,0.7580243025896782,0.6754315977532795,0.044054577827462374,14.473506360015417,0.2824423675494797,0.8995215311004787,1.1807885825275204,0.45244833890299463,0.8899771256738251,0.11454835563254255,0.8593722310827574,0.755515977313598,-0.21684601970921033,0.022610798448024112,0.22454868701503494,Aerospace & Defense,Industrials,204.4337,9066143954,22698,ESLT
2011,2011-12-31,2012-03-14,90288000.0,2817465000.0,115664000.0,2.09,732014000.0,0.25981298791644264,3720510000.0,898337000.0,1835087000.0,1597977000.0,2792790000.0,761269000.0,724485000.0,2215952520.0,21.006851557384717,1.1483813596816475,0.17959876468548666,0.7438177432299905,0.0641623293344054,21.006851557384717,0.10050571222158276,0.6212430393988922,19.38608142831827,1.9484119211387263,0.6826267056530214,2.73944032923973,0.035212206663687726,0.7572792439746164,0.5593284509101195,0.024267640726674568,25.38992311932461,0.25981298791644264,-0.5082352941176471,0.20818217360972,0.7880575390284839,0.758376043035495,-0.08253976211663554,-0.5079619396396691,-0.4421879596629902,-0.5649179708181432,0.05071499396181339,0.22108729399870142,Aerospace & Defense,Industrials,204.4337,9066143954,22698,ESLT
2010,2010-12-31,2011-03-15,183498000.0,2670133000.0,207353000.0,4.25,797870000.0,0.2988128306717306,3611100000.0,966693000.0,1748303000.0,1366781000.0,2605649000.0,665270000.0,695830000.0,2738273850.0,22.668378473443546,1.2791390866568968,0.17269086981806098,0.6450900130651613,0.11466562710418504,22.668378473443546,0.18982034627332567,0.8485453159074847,12.347430762188145,2.3437935828644667,0.34407459481847213,2.814290438468592,0.027866088212629675,0.7394237213037579,0.7923968799683344,0.0508149871230373,49.031137199740314,0.2988128306717306,-0.15,4.397357947481057,1.3848383300820337,1.049209304806644,-0.06075813171069933,-0.14631048584069561,-0.2099543925290619,1.3582504875754413,0.3282705256214248,0.777118832589369,Aerospace & Defense,Industrials,204.4337,9066143954,22698,ESLT
2009,2009-12-31,2010-03-10,214947000.0,2832437000.0,262457000.0,5.0,849483000.0,0.29991240758399923,3053677000.0,832868000.0,1625500000.0,1221844000.0,2196483000.0,569848000.0,575469000.0,3000428376.915,19.687223732419337,1.3303662333325694,0.12745192107744205,0.4672973388340049,0.18167381257703236,19.687223732419337,0.258080512157989,0.9715804365339812,12.802878741806122,3.3041735027819534,0.3543757298310746,3.4797946118965055,0.02767937875361634,0.9275496393364459,0.7691620206834915,0.07038956641452256,27.025114426293097,0.29991240758399923,0.04602510460251041,2.830537404782594,1.8458623066376183,0.8093948989133136,0.10690333198252373,0.05275350677846564,0.054039943614684276,1.907504530932178,0.81706239612714,0.6479167508943816,Aerospace & Defense,Industrials,204.4337,9066143954,22698,ESLT
2008,2008-12-31,2009-03-13,204176000.0,2638271000.0,249001000.0,4.78,767441000.0,0.2908878579948762,2934147000.0,723833000.0,1606604000.0,1316598000.0,2133839000.0,647561000.0,429608000.0,2036148999.9999998,17.203398692810456,1.2202692089764682,0.09719110869359988,0.39397623484975125,0.2030020594361428,17.203398692810456,0.282076114241821,0.7412604694513945,9.578236423477785,2.70179171162409,0.16049878536164877,2.8890405691510144,0.016756611370360486,0.8991611531392258,0.6112951713431131,0.06958615229570979,24.388566725279656,0.2908878579948762,1.6408839779005526,3.1255862245068515,1.7275453013131725,0.4864259484290781,0.4566649204324587,1.6616954985725274,1.3065685992978426,5.086933699390446,1.3883031245693176,0.5551780519681041,Aerospace & Defense,Industrials,204.4337,9066143954,22698,ESLT
TTM,,,,,,,,,,,,,,,,10247578954.0,62.66178825121209,1.176813199073517,0.1408286685679673,0.4796812364754203,0.0820182237946852,62.66178825121209,0.1067019150871546,1.6328827675068331,31.83675826593574,3.2624938691571024,0.3113083971020498,1.90836449568562,0.009783122841292801,0.5866222125911633,0.700794726402772,0.030085636713662454,-138.6981604197901,0.2535654129726568,,,,,,,,,,,Aerospace & Defense,Industrials,204.4337,9066143954,22698,ESLT
