Quarters,Year,Quarter,FillingDate,Date,NetIncome,Revenue,OperatingIncome,EPSDiluted,GrossProfit,GrossProfitRatio,TotalAssets,CommonStockEquity,CurrentAssets,CurrentLiability,TotalLiability,Inventory,RetainedEarnings,MarketCap,EnterpriseValue,bookValuePerShare,currentRatio,debtToAssets,debtToEquity,roic,shareholdersEquityPerShare,roe,priceToSalesRatio,peRatio,pbRatio,payoutRatio,inventoryTurnover,dividendYield,assetTurnover,quickRatio,returnOnAssets,priceToFreeCashFlowsRatio,grossProfitMargin,epsdilutedGrowth,fiveYNetIncomeGrowthPerShare,fiveYRevenueGrowthPerShare,fiveYShareholdersEquityGrowthPerShare,grossProfitGrowth,netIncomeGrowth,operatingIncomeGrowth,threeYNetIncomeGrowthPerShare,threeYRevenueGrowthPerShare,threeYShareholdersEquityGrowthPerShare,Industry,Sector,Symbol
2023Q1,2023,Q1,2023-05-18,2023-03-31,3439186.0,0.0,-1218706.0,0.12,-1218706.0,0.0,232733023.0,223090984.0,611583.0,1767039.0,9642039.0,0.0,-8931018.0,289968750.0,289789000.0,7.932123875555556,0.3461061131078601,0.0,0.0,-0.01692215716637038,7.932123875555556,0.015416068988247414,0.0,21.078298033313697,1.299777986545615,0.0,0.0,0.0,0.0,0.10172384423886513,0.014777387221064885,-1027.6603322890235,0.0,1.027027027027027,0.0,0.0,0.0,0.1610717742346289,9.383952995452926,-1.6938206220933316,0.0,0.0,0.0,Shell Companies,Financial Services,IVCP
2022Q4,2022,Q4,2023-04-21,2022-12-31,331202.0,0.0,-452408.0,0.0592,-1452694.0,0.0,230768608.0,221980744.0,976114.0,912864.0,8787864.0,0.0,-7712312.0,226676092.56000003,226214178.56000003,9.9201680747377,1.0692874294527992,0.0,0.0,-0.0005837101055104824,9.9201680747377,0.0014920303177288206,0.0,171.10108978810516,1.021152053441176,0.0,0.0,0.0,0.0,0.5060052757037193,0.0014352125398269075,-3277.5132308671077,0.0,0.7993920972644378,1.49246869920454,0.0,50.74504674191634,-5.646872840912731,-0.6418737071794589,-1.0700150535568032,1.49246869920454,0.0,50.74504674191634,Shell Companies,Financial Services,IVCP
2022Q3,2022,Q3,2022-11-10,2022-09-30,924819.0,0.0,-218553.0,0.0329,-218553.0,0.0,229380674.0,220824337.0,1085768.0,681337.0,8556337.0,0.0,-7260385.0,279000000.0,278468925.0,7.851531982222222,1.593584378949037,0.0,0.0,-0.002332763901342912,7.851531982222222,0.004188030235091343,0.0,75.42016329681809,1.263447696890402,0.0,0.0,0.0,0.0,0.7794600909681992,0.004031808712882237,-5838.774485183325,0.0,2.738636363636363,0.0,0.0,2492.1854003666435,0.0,2.750279805352798,0.38579032566296073,0.0,0.0,2492.1854003666435,Shell Companies,Financial Services,IVCP
2022Q2,2022,Q2,2022-08-22,2022-06-30,246600.0,0.0,-355828.0,0.0088,0.0,0.0,228969353.0,220431967.0,1151075.0,662386.0,8537386.0,0.0,-7041833.0,276187500.0,275608641.0,7.837581048888889,1.737770725830558,0.0,0.0,0.007288776439784372,7.837581048888889,0.0011187125141427423,0.0,279.9954379562044,1.2529376013779345,0.0,0.0,0.0,0.0,0.8738998106844046,0.0010770000297812782,-2800.8914174450088,0.0,1.546583850931677,0.0,0.0,2487.755403343526,0.0,1.556884158610364,0.16453669245489017,0.0,0.0,2487.755403343526,Shell Companies,Financial Services,IVCP
2022Q1,2022,Q1,2022-05-19,2022-03-31,-442821.0,0.0,-425905.0,-0.0161,0.0,0.0,228924016.0,220486581.0,1651993.0,562435.0,8437435.0,0.0,-6763981.0,270050000.0,269372534.0,8.017693854545454,2.937215856054477,0.0,0.0,-0.0019692731513437475,8.017693854545454,-0.0020083807277142185,0.0,-152.46002335029277,1.224791090574351,0.0,0.0,0.0,0.0,1.2045231893463244,-0.0019343579923916765,-1361.3792755778488,0.0,0.46511627906976744,0.0,0.0,0.0,0.0,0.46423113918077713,-2.0535421102818345,0.0,0.0,0.0,Shell Companies,Financial Services,IVCP
2021Q4,2021,Q4,2022-04-08,2021-12-31,-826515.0,0.0,-139479.0,-0.0301,0.0,0.0,203951345.0,-5484056.0,1950864.0,435401.0,7435401.0,0.0,-5484631.0,270875000.0,269999169.0,-0.19942021818181818,4.480614422107436,0.0,0.0,0.043522441542164135,-0.19942021818181818,0.1507123559642717,0.0,-81.93287478146192,-49.393186356959156,,0.0,,0.0,2.011550272048066,-0.004052510661305029,0.0,0.0,0.0,0.0,0.0,0.0,0.0,0.0,0.0,0.0,0.0,0.0,Shell Companies,Financial Services,IVCP
2021Q3,2021,Q3,2021-09-30,2021-09-30,0.0,0.0,0.0,0.0,0.0,0.0,1039344.0,18272.0,0.0,1021072.0,1021072.0,0.0,-6728.0,57150822.9,57157090.9,0.0031491969995763613,0.0,0.006030727074000523,0.3430385288966725,,0.0031491969995763613,0.0,0.0,0.0,3127.7814634413307,0.0,0.0,,0.0,0.0,0.0,0.0,0.0,0.0,0.0,0.0,0.0,0.0,0.0,0.0,0.0,0.0,0.0,Shell Companies,Financial Services,IVCP
2021Q2,2021,Q2,2021-06-30,2021-06-30,0.0,0.0,0.0,0.0,0.0,0.0,706477.0,18272.0,0.0,688205.0,688205.0,0.0,-6728.0,57150822.9,57157090.9,0.0031491969995763613,0.0,0.008872192583764227,0.3430385288966725,,0.0031491969995763613,0.0,0.0,0.0,3127.7814634413307,0.0,0.0,,0.0,0.0,0.0,0.0,0.0,0.0,0.0,0.0,0.0,0.0,0.0,0.0,0.0,0.0,0.0,Shell Companies,Financial Services,IVCP
2021Q1,2021,Q1,2021-02-28,2021-02-28,,,,,,,160695.0,19500.0,0.0,141195.0,141195.0,0.0,-5500.0,0.0,14750.0,0.0,0.0,0.09178879243286972,0.7564102564102564,,0.0,,0.0,0.0,0.0,0.0,0.0,,,0.0,,0.0,0.0,0.0,0.0,0.0,0.0,0.0,0.0,0.0,0.0,0.0,0.0,Shell Companies,Financial Services,IVCP
