Quarters,Year,Quarter,FillingDate,Date,NetIncome,Revenue,OperatingIncome,EPSDiluted,GrossProfit,GrossProfitRatio,TotalAssets,CommonStockEquity,CurrentAssets,CurrentLiability,TotalLiability,Inventory,RetainedEarnings,MarketCap,EnterpriseValue,bookValuePerShare,currentRatio,debtToAssets,debtToEquity,roic,shareholdersEquityPerShare,roe,priceToSalesRatio,peRatio,pbRatio,payoutRatio,inventoryTurnover,dividendYield,assetTurnover,quickRatio,returnOnAssets,priceToFreeCashFlowsRatio,grossProfitMargin,epsdilutedGrowth,fiveYNetIncomeGrowthPerShare,fiveYRevenueGrowthPerShare,fiveYShareholdersEquityGrowthPerShare,grossProfitGrowth,netIncomeGrowth,operatingIncomeGrowth,threeYNetIncomeGrowthPerShare,threeYRevenueGrowthPerShare,threeYShareholdersEquityGrowthPerShare,Industry,Sector,Symbol
2023Q1,2023,Q1,2023-05-04,2023-03-31,14000000.0,1907000000.0,106000000.0,0.13,160000000.0,0.0839014158,6348000000.0,1055000000.0,1565000000.0,1546000000.0,5293000000.0,16000000.0,10000000.0,3700400000.0,6651400000.0,9.094827586206897,1.0122897800776196,0.5135475740390675,3.090047393364929,0.01705615659104031,9.094827586206897,0.013270142180094787,1.9404299947561614,66.07857142857142,3.5074881516587677,0.0,109.1875,0.0,0.3004095778197858,0.8589909443725744,0.002205419029615627,-23.72051282051282,0.08390141583639224,1.4193548387096775,-0.8001804882682625,-0.5285586182216061,-0.70299174725947,-0.4666666666666667,1.3888888888888888,-0.3291139240506329,-0.5172413793103448,-0.6085796387520526,-0.6754367191888927,Integrated Freight & Logistics,Industrials,XPO
2022Q4,2022,Q4,2023-02-13,2022-12-31,-36000000.0,1831000000.0,158000000.0,-0.31,300000000.0,0.1638448935,6269000000.0,1012000000.0,1630000000.0,1507000000.0,5257000000.0,17000000.0,-4000000.0,3828350000.0,6613350000.0,8.8,1.081619110816191,0.5176264156962833,3.2065217391304346,0.040873814314458176,8.8,-0.03557312252964427,2.090851993446204,-26.585763888888888,3.7829545454545452,0.0,90.05882352941177,0.0,0.29207210081352686,0.9382879893828799,-0.005742542670282342,83.225,0.1638448935008192,-1.2743362831858407,-1.1835399170830232,-0.5448111491120127,-0.70726889357452,-0.4197292069632495,-1.2748091603053435,-0.14594594594594595,-1.2691588785046728,-0.6458413926499034,-0.7048487057965731,Integrated Freight & Logistics,Industrials,XPO
2022Q3,2022,Q3,2022-11-02,2022-09-30,131000000.0,3042000000.0,185000000.0,1.13,517000000.0,0.1699539776,8503000000.0,1786000000.0,2831000000.0,2442000000.0,6717000000.0,17000000.0,803000000.0,5119800000.0,8299800000.0,15.530434782608696,1.1592956592956594,0.4379630718569916,2.0851063829787235,0.023218271874610792,15.530434782608696,0.07334826427771557,1.6830374753451676,9.7706106870229,2.866629339305711,0.0,148.52941176470588,0.0,0.35775608608726334,1.0470925470925472,0.015406327178642832,37.64558823529412,0.16995397764628534,-0.07377049180327876,1.1415652173913045,-0.20039864300311067,-0.4484930830039526,-0.13689482470784642,-0.07092198581560284,-0.1956521739130435,-0.1938461538461538,-0.4141550312951372,-0.44447900466562984,Integrated Freight & Logistics,Industrials,XPO
2022Q2,2022,Q2,2022-08-08,2022-06-30,141000000.0,3232000000.0,230000000.0,1.22,599000000.0,0.1853341584,8640000000.0,1707000000.0,2916000000.0,2634000000.0,6933000000.0,19000000.0,672000000.0,5538400000.0,8845400000.0,14.843478260869565,1.1070615034168565,0.43321759259259257,2.192735793790275,0.02746377965292151,14.843478260869565,0.08260105448154657,1.7136138613861387,9.819858156028367,3.244522554188635,0.0,138.57894736842104,0.0,0.37407407407407406,0.996962794229309,0.016319444444444445,85.20615384615385,0.18533415841584158,-0.7109004739336493,1.6411661221412417,-0.1644107951608856,-0.4238244324820438,0.11962616822429907,-0.7116564417177914,0.12195121951219512,-0.16444444444444448,-0.38990089664936295,-0.45485029940119764,Integrated Freight & Logistics,Industrials,XPO
2022Q1,2022,Q1,2022-05-10,2022-03-31,489000000.0,3473000000.0,205000000.0,4.22,535000000.0,0.1540454938,9320000000.0,1598000000.0,3555000000.0,3432000000.0,7722000000.0,24000000.0,531000000.0,8372000000.0,11743000000.0,13.895652173913044,1.0358391608391608,0.4694206008583691,2.737797246558198,0.024527903012935233,13.895652173913044,0.30600750938673343,2.410596026490066,4.280163599182004,5.239048811013767,0.0,122.41666666666667,0.0,0.37263948497854077,0.9475524475524476,0.05246781115879828,130.8125,0.1540454938093867,2.871559633027523,21.239069197795466,-0.04950416725526205,-0.4352926994841992,0.05108055009823183,2.880952380952381,0.11413043478260869,8.680481036077706,-0.21567961165048552,-0.39014159860184755,Integrated Freight & Logistics,Industrials,XPO
2021Q4,2021,Q4,2022-02-16,2021-12-31,126000000.0,3361000000.0,184000000.0,1.09,509000000.0,0.1514430229,8707000000.0,1138000000.0,2677000000.0,2538000000.0,7569000000.0,0.0,43000000.0,8904450000.0,13138450000.0,9.895652173913044,1.0547675334909377,0.516136441943264,3.9490333919156413,0.02312014216733382,9.895652173913044,0.11072056239015818,2.649345432906873,17.667559523809526,7.824648506151142,0.0,0.0,0.0,0.38601125531181807,0.9318360914105595,0.014471115194670954,-1484.075,0.15144302290984826,3.18,3.081120513568719,-0.1176370417848248,-0.5931787439613526,0.06041666666666667,3.210526315789474,0.6428571428571429,0.5104176576919417,-0.16095446318627918,-0.6512301611432046,Integrated Freight & Logistics,Industrials,XPO
2021Q3,2021,Q3,2021-11-03,2021-09-30,-57000000.0,3270000000.0,112000000.0,-0.5,480000000.0,0.14678899082568808,8533000000.0,1016000000.0,2550000000.0,2527000000.0,7517000000.0,0.0,-79000000.0,9151700000.0,13298700000.0,8.834782608695653,1.0091017016224773,0.5157623344661901,4.331692913385827,0.011765647510805187,8.834782608695653,-0.05610236220472441,2.79868501529052,-40.13903508771929,9.007578740157479,0.0,0.0,0.0,0.3832180944568147,0.886822318955283,-0.006679948435485761,73.2136,0.14678899082568808,-1.3623188405797102,-4.620558594874748,-0.15548588460899065,-0.6419998083250806,-0.42857142857142855,-1.3653846153846154,-0.5447154471544715,-1.5693179098524135,-0.17878831339330226,-0.7354741641495406,Integrated Freight & Logistics,Industrials,XPO
2021Q2,2021,Q2,2021-08-04,2021-06-30,156000000.0,5036000000.0,246000000.0,1.38,840000000.0,0.16679904686258937,15564000000.0,2927000000.0,4464000000.0,4377000000.0,12597000000.0,0.0,1139000000.0,15667679999.999998,22765680000.0,26.133928571428573,1.019876627827279,0.5075173477255205,2.698667577724633,0.014163649402669187,26.133928571428573,0.05329689101469081,3.111135822081016,25.108461538461537,5.352811752647761,0.0,0.0,0.0,0.32356720637368286,0.9074708704592186,0.010023130300693909,61.201874999999994,0.16679904686258937,0.3529411764705881,2.287860208461067,0.3428369746073979,0.05363295076130439,0.06329113924050633,0.3565217391304348,0.21782178217821782,0.1283077660594439,0.24376974578074612,-0.1547788910580309,Integrated Freight & Logistics,Industrials,XPO
2021Q1,2021,Q1,2021-05-04,2021-03-31,115000000.0,4774000000.0,202000000.0,1.02,790000000.0,0.16547968160871387,15369000000.0,2776000000.0,4271000000.0,4176000000.0,12455000000.0,0.0,983000000.0,13069800000.0,20309800000.0,26.18867924528302,1.0227490421455938,0.5120046847550264,2.8346541786743518,0.011745389752201647,26.18867924528302,0.04142651296829971,2.7377042312526183,28.41260869565217,4.70814121037464,0.0,0.0,0.0,0.3106252846639339,0.9018199233716475,0.007482594833756262,396.05454545454546,0.16547968160871387,0.12087912087912087,6.2846960167714885,0.3921470651935031,0.052927089245421444,0.06182795698924731,-0.08,-0.11403508771929824,0.7962212173189875,0.2915509600516769,-0.14476071255929066,Integrated Freight & Logistics,Industrials,XPO
2020Q4,2020,Q4,2021-02-12,2020-12-31,125000000.0,4665000000.0,228000000.0,0.91,744000000.0,0.1594855305466238,16169000000.0,2709000000.0,5370000000.0,5153000000.0,13320000000.0,0.0,868000000.0,10966400000.0,17897400000.0,29.445652173913043,1.0421113914224724,0.555692992763931,3.31672203765227,0.012973595816299857,29.445652173913043,0.04614248800295312,2.350782422293676,21.9328,4.048135843484681,0.0,0.0,0.0,0.2885150596821077,0.9586648554240248,0.007730842971117571,249.23636363636365,0.1594855305466238,0.09638554216867479,3.3942064162093715,0.652187247139999,0.18016691389316924,0.030470914127423823,0.34408602150537637,0.02242152466367713,-0.20338577654937812,0.4496559184820191,-0.02049337042165862,Integrated Freight & Logistics,Industrials,XPO
2020Q3,2020,Q3,2020-11-06,2020-09-30,93000000.0,4221000000.0,223000000.0,0.83,722000000.0,0.17104951433309643,15745000000.0,2649000000.0,5084000000.0,3648000000.0,12960000000.0,0.0,766000000.0,7704060000.0,14578060000.0,29.10989010989011,1.393640350877193,0.5651953000952683,3.359380898452246,0.010107279424143143,29.10989010989011,0.035107587768969425,1.8251741293532338,20.70983870967742,2.9082899207248016,0.0,0.0,0.0,0.2680851063829787,1.2743969298245614,0.005906637027627819,43.77306818181818,0.17104951433309643,1.572413793103448,3.494233489282994,0.9362106079010528,0.02209072175598775,0.47046843177189407,1.7099236641221374,2.5815602836879434,0.9213186813186812,0.4021229985573584,0.03373189310689309,Integrated Freight & Logistics,Industrials,XPO
2020Q2,2020,Q2,2020-08-03,2020-06-30,-131000000.0,3502000000.0,-141000000.0,-1.45,491000000.0,0.14020559680182754,15641000000.0,2484000000.0,5030000000.0,3329000000.0,13007000000.0,0.0,672000000.0,7029750000.0,14111750000.0,27.296703296703296,1.5109642535295884,0.5988747522536922,3.7709339774557167,-0.006545405415704608,27.296703296703296,-0.052737520128824475,2.0073529411764706,-13.415553435114504,2.830012077294686,0.0,0.0,0.0,0.2238987277028323,1.3604686091919496,-0.008375423566268142,71.73214285714286,0.14020559680182754,-8.249999999999998,-0.6311148528890463,1.6681145156348707,-0.18278567799130344,-0.18976897689768976,-6.695652173913044,-2.740740740740741,-4.101018442058905,0.1441792258216479,0.05956927594313885,Integrated Freight & Logistics,Industrials,XPO
2020Q1,2020,Q1,2020-05-05,2020-03-31,23000000.0,3864000000.0,81000000.0,0.2,606000000.0,0.15683229813664595,14562000000.0,2578000000.0,4006000000.0,3385000000.0,11834000000.0,0.0,804000000.0,4485000000.0,11529000000.0,28.02173913043478,1.1834564254062039,0.5611179782996841,3.169511249030256,0.004487136874293691,28.02173913043478,0.008921644685802949,1.1607142857142858,48.75,1.7397207137315749,0.0,0.0,0.0,0.265348166460651,1.0463810930576072,0.0015794533717895893,109.39024390243902,0.15683229813664595,-0.7849462365591398,2.3401360544217686,3.707823613086771,0.31560596012765774,-0.06769230769230769,-0.7850467289719626,-0.599009900990099,0.3075117370892018,0.32188162169797996,0.1387792715345231,Integrated Freight & Logistics,Industrials,XPO
2019Q4,2019,Q4,2020-02-10,2019-12-31,107000000.0,4136000000.0,202000000.0,0.93,650000000.0,0.15715667311411993,14128000000.0,2743000000.0,3342000000.0,3258000000.0,11232000000.0,0.0,786000000.0,7332400000.0,14465400000.0,29.815217391304348,1.0257826887661141,0.5315685164212911,2.737878235508567,0.012624343711103806,29.815217391304348,0.03900838497994896,1.7728239845261122,17.13177570093458,2.6731316077287643,0.04672897196261682,0.0,0.0006819049697234193,0.2927519818799547,0.8830570902394107,0.00757361268403171,45.542857142857144,0.15715667311411993,-0.18421052631578935,8.660626208634813,2.5663543857346247,0.18713239446979424,-0.051094890510948905,-0.17692307692307693,-0.11790393013100436,3.3321418149985416,0.3572795281084367,0.2257367149758455,Integrated Freight & Logistics,Industrials,XPO
2019Q3,2019,Q3,2019-10-28,2019-09-30,130000000.0,4154000000.0,229000000.0,1.14,685000000.0,0.16490129995185362,13916000000.0,2572000000.0,3426000000.0,3207000000.0,10951000000.0,0.0,680000000.0,6584439999.999999,13469440000.0,27.956521739130434,1.068288119738073,0.5252946248922105,2.8421461897356144,0.015257766302989922,27.956521739130434,0.05054432348367029,1.5850842561386613,12.662384615384614,2.5600466562986,0.007692307692307693,0.0,0.00015187320409936153,0.29850531762000576,0.9360773308387902,0.00934176487496407,65.19247524752474,0.16490129995185362,-0.042016806722689114,7.579064728683611,2.712528737970743,-0.07848544792432094,-0.03927068723702665,-0.037037037037037035,-0.1124031007751938,9.321767923985028,0.3410212673296073,0.13284509471935596,Integrated Freight & Logistics,Industrials,XPO
2019Q2,2019,Q2,2019-08-01,2019-06-30,135000000.0,4238000000.0,258000000.0,1.19,713000000.0,0.1682397357243983,14314000000.0,2505000000.0,3790000000.0,3671000000.0,11402000000.0,0.0,563000000.0,5252280000.0,12321280000.0,27.22826086956522,1.032416235358213,0.5285734246192538,3.0203592814371256,0.01610325366649262,27.22826086956522,0.05389221556886228,1.2393298725814064,9.726444444444445,2.0967185628742517,0.007407407407407408,0.0,0.0001903935052967473,0.2960737739276233,0.8771451920457641,0.00943132597457035,36.98788732394366,0.1682397357243983,2.2162162162162162,6.604812084947209,3.167608681059869,0.5053910300569397,0.15372168284789645,1.872340425531915,0.9545454545454546,2.463799216271693,0.3757157747246976,0.09775278392177611,Integrated Freight & Logistics,Industrials,XPO
2019Q1,2019,Q1,2019-05-01,2019-03-31,47000000.0,4120000000.0,132000000.0,0.37,618000000.0,0.15,14196000000.0,2438000000.0,3683000000.0,3441000000.0,11363000000.0,0.0,428000000.0,5929940000.0,13063940000.0,22.785046728971963,1.0703283929090381,0.5290222597914905,3.0803937653814604,0.00806844068920282,22.785046728971963,0.019278096800656275,1.4393058252427184,31.542234042553194,2.4322969647251846,0.02127659574468085,0.0,0.0001686357703450625,0.2902225979149056,0.909328683522232,0.003310791772330234,-27.71,0.15,-0.40322580645161293,1.6449913550986648,4.632884747689895,-0.024317838767368,0.010960248650417144,-0.48577680525164113,0.047619047619047616,3.139646936656282,0.19020564332366274,-0.08391741691293943,Integrated Freight & Logistics,Industrials,XPO
2018Q4,2018,Q4,2019-02-14,2018-12-31,91400000.0,4388900000.0,126000000.0,0.62,611300000.0,0.1392831916881223,12270000000.0,3575000000.0,3688000000.0,3313000000.0,8300000000.0,0.0,377000000.0,7187040000.0,10954040000.0,28.373015873015873,1.1131904618170843,0.34792176039119804,1.1941258741258742,0.012375245865811903,28.373015873015873,0.025566433566433566,1.6375492720271594,19.6582056892779,2.010360839160839,0.04266958424507659,0.0,0.0005426434248313631,0.35769356153219234,0.9351041352248717,0.007449062754686227,16.796073849030147,0.1392831916881223,-0.16216216216216217,3.082350218819364,3.1196676726142347,0.8936174558011462,-0.06842426089606828,-0.1614678899082569,-0.39712918660287083,2.278247803975959,0.13496007762209666,0.13717619100196107,Integrated Freight & Logistics,Industrials,XPO
2018Q3,2018,Q3,2018-11-05,2018-09-30,109000000.0,4335100000.0,209000000.0,0.74,656200000.0,0.15136905723051372,12676100000.0,4181500000.0,3830300000.0,2995100000.0,8086300000.0,0.0,286100000.0,14181404000.0,17842804000.0,33.39856230031949,1.2788554639244099,0.3225992221582348,0.977950496233409,0.018636751592400073,33.39856230031949,0.02606720076527562,3.2712980092731425,32.52615596330275,3.391463350472318,0.022935779816513763,0.0,0.00017628719977232156,0.34199004425651425,1.1160896130346232,0.008598859270595846,99.30955182072829,0.15136905723051372,-0.28155339805825247,4.5000570042289185,3.3235785965846514,0.7711774265366574,-0.0382529679026821,-0.2684563758389262,-0.08333333333333333,3.1247983424540537,0.4453513301709518,0.17267226081173057,Integrated Freight & Logistics,Industrials,XPO
2018Q2,2018,Q2,2018-08-03,2018-06-30,149000000.0,4363500000.0,228000000.0,1.03,682300000.0,0.156365303082388,12619700000.0,3732000000.0,3713300000.0,2940100000.0,8480000000.0,0.0,177900000.0,12091726000.0,16221326000.0,30.91963545981773,1.2629842522363184,0.3558721681181011,1.2033762057877813,0.02068158793737096,30.91963545981773,0.03992497320471597,2.7711071387647532,20.288130872483222,3.240012325830654,0.006040268456375839,0.0,7.443106137204894e-05,0.3457689168522231,1.0942825073977076,0.011806936773457372,85.2731029619182,0.156365303082388,1.06,2.292626708978946,3.7941613320216905,1.5924170448065154,0.15409336941813262,1.0523415977961432,0.6170212765957447,2.3987291872678194,1.5064406555149243,-0.0743215891531236,Integrated Freight & Logistics,Industrials,XPO
2018Q1,2018,Q1,2018-05-07,2018-03-31,72600000.0,4191500000.0,141000000.0,0.5,591200000.0,0.14104735774782298,12961300000.0,3680700000.0,3805500000.0,3012100000.0,8856400000.0,0.0,32600000.0,12237562000.0,16559662000.0,30.62146422628952,1.2634042694465655,0.36277996805875956,1.2775015622028418,0.016862792199344997,30.62146422628952,0.019724508924932757,2.9196139806751757,42.1403650137741,3.3247920232564456,0.009641873278236915,0.0,5.720093593805694e-05,0.323385771488971,1.0751303077587067,0.005601289994059238,-75.77437770897834,0.14104735774782298,-0.647887323943662,1.7488454336282213,4.515791735861769,1.3657710988459741,0.014065180102915952,-0.6449877750611247,0.023222060957910014,4.23773302998404,2.9087320090034865,0.4376616903191218,Integrated Freight & Logistics,Industrials,XPO
2017Q4,2017,Q4,2018-02-12,2017-12-31,204500000.0,4193900000.0,137800000.0,1.42,583000000.0,0.13901142135005604,12601600000.0,3604400000.0,3587900000.0,2997100000.0,8591600000.0,0.0,-42600000.0,10981641000.0,15105941000.0,30.061718098415348,1.1971238864235427,0.3587798374809548,1.254355787370991,0.05932697028277663,30.061718098415348,0.056736211297303295,2.6184794582608073,13.424988997555012,3.0467320497170123,0.01613691931540342,0.0,0.0003005015370653621,0.33280694514982223,1.0417403490040373,0.016228098019299135,68.63525625,0.13901142135005604,2.227272727272727,4.239866788156708,4.706626883870957,1.1715282188295408,-0.004609868533378863,2.272,-0.2623126338329764,12.234207750169952,1.7747935831571935,0.19694714681020564,Integrated Freight & Logistics,Industrials,XPO
2017Q3,2017,Q3,2017-11-06,2017-09-30,62500000.0,3887100000.0,186800000.0,0.44,585700000.0,0.15067788325486867,12358200000.0,3308800000.0,3581700000.0,2907700000.0,8659800000.0,0.0,-259500000.0,7964150000.0,12122050000.0,28.16,1.2317983285758503,0.37473094787266753,1.3996010638297873,0.01647356913038862,28.16,0.01888902321083172,2.0488667644259215,31.8566,2.4069602272727275,0.0256,0.0,0.0002009002843994651,0.3145360974899257,1.0572273618323762,0.005057370814519914,48.034680337756335,0.15067788325486867,0.15789473684210525,3.983554387411066,7.231280000575464,0.9680067105065325,-0.018105616093880974,0.20423892100192678,0.00972972972972973,3.4765710107974312,1.7200632706290353,-0.07177831245975763,Integrated Freight & Logistics,Industrials,XPO
2017Q2,2017,Q2,2017-08-04,2017-06-30,51900000.0,3760300000.0,185000000.0,0.38,596500000.0,0.15863096029572107,11931900000.0,2880200000.0,3258300000.0,2733700000.0,8682100000.0,0.0,-321700000.0,7225633999.999999,11805534000.0,25.762075134168157,1.191901086439624,0.4082585338462441,1.6913061592944933,0.016060648603116665,25.762075134168157,0.018019581973474065,1.9215578544265082,34.80555876685934,2.508726477327963,0.019267822736030827,0.0,0.0001383961601154999,0.31514679137438295,1.014485861652705,0.0043496844593065645,94.57636125654449,0.15863096029572107,1.375,2.581510589531307,9.876527755637818,0.9063202773323087,0.15937803692905733,1.4366197183098592,0.6285211267605634,2.7731303745581353,2.0429477842769925,0.4243288254219282,Integrated Freight & Logistics,Industrials,XPO
2017Q1,2017,Q1,2017-05-09,2017-03-31,21300000.0,3539500000.0,113600000.0,0.16,514500000.0,0.14535951405565758,11688300000.0,2741200000.0,3096100000.0,2597300000.0,8600400000.0,0.0,-372400000.0,5334946000.0,9938846000.0,24.60682226211849,1.1920455858006391,0.4231496453718676,1.8042827958558296,0.024369027633032066,24.60682226211849,0.007770319568072377,1.507259782455149,62.61673708920188,1.946208229972275,0.03286384976525822,0.0,0.0001312103252778941,0.3028241917130806,1.0318407577099296,0.001822335155668489,-49.67361266294227,0.14535951405565758,-0.2727272727272727,1.67432015290312,5.774556384549183,-0.03922420084169173,-0.6711199181794938,-0.28523489932885904,0.3117782909930716,1.280759348601048,3.6480859785344006,0.053692705191754835,Integrated Freight & Logistics,Industrials,XPO
2016Q4,2016,Q4,2017-02-28,2016-12-31,29800000.0,3676600000.0,86600000.0,0.22,1564400000.0,0.42550182233585376,11698400000.0,2700000000.0,3073600000.0,2731600000.0,8660800000.0,0.0,-392900000.0,4790760000.0,9296360000.0,24.324324324324323,1.1252013471957827,0.41706558161799906,1.807037037037037,0.010662341169142399,24.324324324324323,0.011037037037037036,1.3030408529619757,40.190939597315435,1.7743555555555555,0.09731543624161074,0.0,0.0006053319306331355,0.31428229501470284,1.0316298140284084,0.002547356903508172,85.70232558139534,0.42550182233585376,1.0,2.7446777831182754,6.138416388487841,1.132755679267307,6.156450137236963,0.9735099337748344,-0.48696682464454977,1.7706752421415566,2.9174228039384786,0.6234074427355885,Integrated Freight & Logistics,Industrials,XPO
2016Q3,2016,Q3,2016-11-08,2016-09-30,15100000.0,3713800000.0,168800000.0,0.11,218600000.0,0.05886154343260273,12419300000.0,2722000000.0,3171700000.0,2693900000.0,9343400000.0,0.0,-428900000.0,4044701000.0,9098801000.0,24.678150498640072,1.1773636734845392,0.43596660037200163,1.9891256429096253,0.018270180616364012,24.678150498640072,0.005547391623806025,1.089100382357693,66.96524834437086,1.485929831006613,0.06622516556291391,0.0,0.0002472370640005281,0.29903456716562127,1.0017818033334571,0.001215849524530368,95.16943529411765,0.05886154343260273,-0.6857142857142857,4.946397580760605,4.863697591166279,0.8687876654787641,-0.0729431721798134,-0.6759656652360515,-0.008807985907222548,1.5503695316056172,3.2042793681831925,0.3087204981708907,Integrated Freight & Logistics,Industrials,XPO
2016Q2,2016,Q2,2016-08-08,2016-06-30,46600000.0,3683300000.0,170300000.0,0.35,235800000.0,0.06401867890207151,12430300000.0,2728400000.0,3106000000.0,2640200000.0,9353100000.0,0.0,-443000000.0,2888600000.0,7974600000.0,24.803636363636365,1.176426028331187,0.4395549584483078,2.0025656062160975,0.012562572680558222,24.803636363636365,0.017079607095733765,0.7842423913338582,15.496781115879829,1.0587157308312565,0.017167381974248927,0.0,0.00027695077200027695,0.29631625946276435,1.001515036739641,0.003748903888079934,19.079260237780712,0.06401867890207151,2.6666666666666665,2.8251119156554605,5.267033563832639,4.539550386742507,0.9439406430338005,3.071111111111111,1.7291666666666667,1.443595731534909,3.4404741110914383,1.0796289712353762,Integrated Freight & Logistics,Industrials,XPO
2016Q1,2016,Q1,2016-05-05,2016-03-31,-22500000.0,3545700000.0,62400000.0,-0.21,121300000.0,0.03421045209690611,12592300000.0,2726000000.0,3041100000.0,2712900000.0,9510700000.0,50600000.0,-488200000.0,3364720000.0,8647920000.0,24.87226277372263,1.1209775516974456,0.4417143810106176,2.0404255319148934,0.004151582111573424,24.87226277372263,-0.008253851797505502,0.9489578926587133,-37.385777777777776,1.2343066764490094,-0.03111111111111111,67.67588932806323,0.00020804108514230012,0.28157683663826305,1.0140071510192046,-0.0017868062228504722,-31.212615955473098,0.03421045209690611,0.6379310344827587,-2.502597730658895,5.372114381279239,4.649645380661,1.0735042735042735,0.6359223300970874,2.642105263157895,0.745474091204741,4.1172223754299795,0.9215959105723548,Integrated Freight & Logistics,Industrials,XPO
2015Q4,2015,Q4,2016-02-29,2015-12-31,-61800000.0,3342200000.0,-38000000.0,-0.58,58500000.0,0.01750344084734606,12643200000.0,2717100000.0,2957200000.0,2694400000.0,9582400000.0,48900000.0,-465000000.0,2967525000.0,8115125000.0,24.950413223140497,1.0975356294536818,0.43006517337382943,2.001177726252254,-0.0022121828785356392,24.950413223140497,-0.022744838246660043,0.8878956974447968,-12.004550970873787,1.09216628022524,-0.009708737864077669,67.15132924335379,0.00020218869259736649,0.26434763351050367,1.0104290380047507,-0.004888003037205771,-35.66736778846154,0.01750344084734606,0.3829787234042553,-6.658100806289053,5.037877597572348,4.997313360496825,-0.28484107579462103,-0.5297029702970297,-1.8616780045351473,-0.077987239553541,4.007087090820008,0.8023097085845983,Integrated Freight & Logistics,Industrials,XPO
2015Q3,2015,Q3,2015-11-09,2015-09-30,-40400000.0,2362100000.0,44100000.0,-0.94,81800000.0,0.03463020193895263,9036600000.0,2808200000.0,3240700000.0,1948800000.0,5896800000.0,0.0,-402600000.0,2349638000.0,4601238000.0,28.480730223123732,1.6629207717569787,0.39139720691410484,1.2594900648101988,0.007344438075026517,28.480730223123732,-0.014386439712271206,0.994724186105584,-14.53983910891089,0.8367060750658785,-0.017326732673267328,0.0,0.00029791823251071016,0.26139255914835224,1.5047721674876848,-0.004470708009649647,-237.3371717171717,0.03463020193895263,-0.0561797752808988,-2.9173231600792597,3.3632099591135143,5.973631100055056,67.16666666666667,0.45698924731182794,2.4651162790697674,-1.2982446534751044,4.960749801326305,0.9904214559386973,Integrated Freight & Logistics,Industrials,XPO
2015Q2,2015,Q2,2015-08-10,2015-06-30,-74400000.0,1215900000.0,-30100000.0,-0.89,1200000.0,0.0009869232667160128,9702700000.0,2815800000.0,3894300000.0,2129400000.0,6878900000.0,25100000.0,-309400000.0,3808674000.0,6403774000.0,33.40213523131673,1.8288250211327135,0.3886443979510858,1.3391931245116842,-0.0040781587371552346,33.40213523131673,-0.026422331131472406,3.1323908216136194,-12.797963709677418,1.352608139782655,-0.010752688172043012,48.39442231075697,0.00021004685620244738,0.12531563379265565,1.4156100309946464,-0.007667968709740587,-37.70964356435643,0.0009869232667160128,-3.4499999999999997,-5.7009521276595745,1.8643276400594948,7.5643795288695435,-0.9130434782608695,-4.061224489795919,-5.270833333333333,-2.0067125535406056,3.6642290029714717,1.471662991666491,Integrated Freight & Logistics,Industrials,XPO
2015Q1,2015,Q1,2015-05-07,2015-03-31,-14700000.0,703000000.0,-4800000.0,-0.2,13800000.0,0.019630156472261736,3133100000.0,1678400000.0,1567400000.0,398400000.0,1454700000.0,0.0,-234500000.0,3583036000.0,3529836000.0,21.299492385786802,3.9342369477911645,0.31314034023810283,0.5845448045757865,-0.0009375018684268743,21.299492385786802,-0.008758341277407055,5.096779516358464,-60.93598639455782,2.1347926596758815,-0.047619047619047616,0.0,0.00019536504796491023,0.22437841115827775,3.8629518072289155,-0.004691838753949762,99.80601671309192,0.019630156472261736,0.7402597402597403,-2.7914006682978494,1.2580463205589691,4.828326493687949,-0.48169014084507045,-0.46926536731634183,-1.8009344234940765,0.3420955196545058,0.9021871497051825,-0.16835922165681572,Integrated Freight & Logistics,Industrials,XPO
2014Q4,2014,Q4,2015-02-23,2014-12-31,-10005000.0,830718000.0,5993000.0,-0.77,26625000.0,0.03205058756401089,2761200000.0,1655100000.0,1233100000.0,381100000.0,1106100000.0,0.0,-219100000.0,2693992000.0,2643792000.0,25.115326251896814,3.2356336919443716,0.21508764305374475,0.35883028215817775,0.002432991653892371,25.115326251896814,-0.0060449519666485405,3.2429681311829044,-67.31614192903548,1.6276913781644615,-0.06916541729135432,0.0,0.0002568678748860427,0.3008539765319426,3.157438992390449,-0.0036234245980008694,-86.78259188867055,0.03205058756401089,-2.347826086956522,-3.0231350384664912,2.193826909461336,6.081528142074926,3.8826334128002933,0.1447987007436533,1.4394339345945153,0.01337157405927387,1.716731255301913,1.202110693238018,Integrated Freight & Logistics,Industrials,XPO
2014Q3,2014,Q3,2014-11-07,2014-09-30,-11699000.0,662470000.0,-13638000.0,-0.23,5453000.0,0.008231316135070268,2746293000.0,1652488000.0,1203779000.0,345570000.0,1093805000.0,0.0,-167592000.0,2051884900.0,1977258900.0,30.337580319441894,3.483459212315884,0.22046992072586574,0.36640205556712063,-0.0022237367796065013,30.337580319441894,-0.007079627809702703,3.0973250109438917,-43.84744208906744,1.2416942815923626,-0.0626549277716044,0.0,0.00035723251338318245,0.24122335089518854,3.3817779321121626,-0.004259924195998023,1306.1011457670274,0.008231316135070268,0.1785714285714286,-3.1209878308561123,2.716147260783481,7.748028177888223,-0.23369870713884205,0.1499055369859032,-0.14653215636822195,-10.329188622322283,1.1180558400852805,1.297355950745521,Integrated Freight & Logistics,Industrials,XPO
2014Q2,2014,Q2,2014-07-31,2014-06-30,-13762000.0,581009000.0,-11895000.0,-0.28,7116000.0,0.012247658814235236,1380830000.0,950752000.0,483416000.0,272754000.0,430078000.0,0.0,-155161000.0,1504410300.0,1495913300.0,18.087168267858843,1.7723516428723318,0.07468189422303977,0.10846466796809262,-0.010000035812811033,18.087168267858843,-0.014474857796775605,2.5893063618635854,-27.329063726202588,1.5823372446232034,-0.05326260717918907,0.0,0.0004872341009630152,0.4207679439177886,1.6637776164602536,-0.009966469442291955,-63.34092459264873,0.012247658814235236,0.6,-8.280480823213587,2.9797930976887983,4.382602020373847,1.8790611488573192,0.5108583614714768,0.4431440475633163,-3.3639364629516733,1.0687299586632781,3.039519790742694,Integrated Freight & Logistics,Industrials,XPO
2014Q1,2014,Q1,2014-05-02,2014-03-31,-28135000.0,282403000.0,-21361000.0,-0.7,-8095000.0,-0.028664709652517856,1423755000.0,964780000.0,512204000.0,301205000.0,458975000.0,0.0,-140666000.0,1215015330.0,1173220330.0,23.35293975262024,1.7005162596902441,0.0717054549413347,0.1058179066730239,-0.017920781326668012,23.35293975262024,-0.029162088766350878,4.302416511156043,-10.79629758308157,1.259370353863057,-0.02637284521059179,0.0,0.0006106918832044695,0.19835083985657645,1.6156371906176856,-0.019761124631695763,-95.84407430780153,-0.028664709652517856,-0.8918918918918918,-1091.8319441338078,1.727467535206469,6.038313976688518,-5.361530172413793,-1.6547461785242499,-1.5059831065227594,-5.984607322278266,0.3464018591207198,4.304536599606646,Integrated Freight & Logistics,Industrials,XPO
2013Q4,2013,Q4,2014-02-26,2013-12-31,-10598000.0,257232000.0,-8524000.0,-0.37,1856000.0,0.0072152764819307085,780241000.0,455843000.0,172172000.0,99333000.0,324398000.0,0.0,-111789000.0,799820670.0,961965670.0,14.983499326167703,1.7332809841643764,0.23540034425260914,0.4029216199437087,-0.009883838729018001,14.983499326167703,-0.02324923274021977,3.109335813584624,-18.867254906586147,1.754596801969099,-0.07010756746555954,0.0,0.0009289582376009362,0.32968275186769214,1.5831093392930848,-0.013582982693808707,-81.55609972468645,0.0072152764819307085,-0.3214285714285713,-5.752820819404937,2.2103491632066,3.52368942350847,1.2085861991458755,-0.7590041493775933,0.5372170041804658,-4.473217360341141,0.6634230164650277,2.601573244184932,Integrated Freight & Logistics,Industrials,XPO
2013Q3,2013,Q3,2013-11-05,2013-09-30,-6025000.0,193982000.0,-18419000.0,-0.28,-8898000.0,-0.04587023538266437,700332000.0,456747000.0,202410000.0,84318000.0,243585000.0,0.0,-100448000.0,524890740.00000006,571530740.0,18.85670052018826,2.400555041628122,0.16263572134359133,0.2493700013355315,-0.007757455829455836,18.85670052018826,-0.013191110176968869,2.7058734315555055,-21.779698755186722,1.1491936236034392,-0.1233195020746888,0.0,0.0014155326878123244,0.2769857724622036,2.2842809364548495,-0.008603062547477482,-34.66226903519779,-0.04587023538266437,0.72,-2.724627808906217,0.9719603378681021,4.8102926824862084,-0.00918679823069071,0.6529777675383021,-0.31423474848376737,-2.1639596348182013,0.4585999022202326,3.6171454229513946,Integrated Freight & Logistics,Industrials,XPO
2013Q2,2013,Q2,2013-08-01,2013-06-30,-17362000.0,137091000.0,-14015000.0,-1.0,-8817000.0,-0.06431494408823336,394479000.0,216832000.0,277971000.0,55292000.0,177647000.0,0.0,-93679000.0,330148800.0,264807800.0,11.926952695269527,5.027327642335238,0.28598227028561723,0.5202829840613932,-0.04269728789850184,11.926952695269527,-0.08007120720188902,2.408245617874259,-4.753899320354798,1.5226018299881936,-0.0427946089160235,0.0,0.0022505003804345193,0.34752420280927504,4.896458800549809,-0.04401248228676305,-13.847361798506837,-0.06431494408823336,-0.17647058823529416,-10.785655109257695,0.9338836873090705,2.832739780013658,-0.2409570724841661,-0.19375687568756875,-0.23295504530658925,-6.086819654299206,0.4975022220899582,2.058096400058646,Integrated Freight & Logistics,Industrials,XPO
2013Q1,2013,Q1,2013-05-08,2013-03-31,-14544000.0,113999000.0,-11367000.0,-0.85,-7105000.0,-0.062325108114983464,400454000.0,233398000.0,289258000.0,45592000.0,167056000.0,0.0,-75574000.0,314478080.0,219926080.0,12.943544809228039,6.344490261449377,0.27875860897880905,0.47828173334818636,-0.03345582284065818,12.943544809228039,-0.06231415864746056,2.75860384740217,-5.405632563256326,1.3473897805465345,-0.05108635863586359,0.0,0.002362644798645425,0.2846743945621719,6.197359185822074,-0.03631877818675803,-10.808664031620554,-0.062325108114983464,-0.4912280701754387,-10.3192679832363,0.8783033035159408,3.049120582296595,0.8288405482884055,-0.5606824766605859,-0.024792643346556075,-8.745359527107684,0.6001506861829383,2.541831127590705,Integrated Freight & Logistics,Industrials,XPO
2012Q4,2012,Q4,2013-03-12,2012-12-31,-9319000.0,108503000.0,-11092000.0,-0.57,-41511000.0,-0.3825792835221146,413208000.0,245059000.0,320934000.0,49027000.0,168149000.0,0.0,-60287000.0,307660760.0,164814760.0,13.843576996949498,6.54606645317886,0.26487144488974074,0.4466148968207656,-0.020371589268744862,13.843576996949498,-0.038027577032469735,2.8355046404246886,-8.253588367850627,1.2554558698109435,-0.08048073827663912,0.0,0.002437749942501605,0.26258688118332657,6.447610500336549,-0.022552806334824108,-29.622642018101292,-0.3825792835221146,-1.5909090909090908,-9.558222660743498,2.2307781399271507,4.650436734639306,-5.182889963724305,-1.959352175293744,-0.19525862068965516,-8.0152018014641,0.5529682585584801,2.9033408966158682,Integrated Freight & Logistics,Industrials,XPO
2012Q3,2012,Q3,2012-11-06,2012-09-30,-3149000.0,70988000.0,-9280000.0,-0.22,9924000.0,0.13979827576491802,387771000.0,252738000.0,346208000.0,28698000.0,135033000.0,0.0,-50218000.0,214958710.0,12305710.0,14.308894298816735,12.06383720119869,0.24202428753052704,0.3713331592400035,-0.008774632200184077,14.308894298816735,-0.012459543084142473,3.0280992562123177,-17.065632740552555,0.8505199455562678,-0.2381708478882185,0.0,0.003489042151397354,0.18306681005026162,11.923269914279741,-0.008120772311493123,-26.249689827817804,0.13979827576491802,0.35294117647058826,-3.388191603044168,1.0109813493020725,4.435677013326347,0.17221828490432317,0.3917326637048484,-1.7553444180522566,-2.7605769140043703,0.22801747378283388,3.1260578201173996,Integrated Freight & Logistics,Industrials,XPO
2012Q2,2012,Q2,2012-08-07,2012-06-30,-5177000.0,54540000.0,-3368000.0,-0.34,8466000.0,0.15522552255225522,260731000.0,238347000.0,225540000.0,16756000.0,22384000.0,0.0,-46319000.0,296301600.0,105720600.0,13.514032998809322,13.460253043685844,0.0005024335426167199,0.0005496188330459372,-0.021523177144367373,13.514032998809322,-0.021720432814342116,5.4327392739273925,-14.308557079389608,1.2431522108522448,-0.1448715472281244,0.0,0.0025312046914360235,0.20918111003294584,13.370911912150872,-0.01985571335974625,-32.58209808665054,0.15522552255225522,0.055555555555555455,-3.599157420370637,0.49156455135213806,4.291272529168157,0.24996308873468182,-0.9216778025241277,0.20265151515151514,-9.162602118809573,0.11343462367534116,3.0216721736398666,Integrated Freight & Logistics,Industrials,XPO
2012Q1,2012,Q1,2012-05-10,2012-03-31,-2694000.0,44560000.0,-4224000.0,-0.36,6773000.0,0.15199730700179534,265246000.0,243334000.0,235426000.0,18188000.0,21912000.0,0.0,-40392000.0,159616800.0,-44835200.0,25.611409325334176,12.944029030129755,0.0001658837456549769,0.0001808214224070619,-0.011092836300599315,25.611409325334176,-0.011071202544650563,3.582064631956912,-14.812249443207126,0.6559576549105345,-0.27839643652561247,0.0,0.004698753514667629,0.1679949933269493,12.738728832197053,-0.010156609336238812,-44.19069767441861,0.15199730700179534,-1.3394853132310893,-5.065172099477598,1.6970813484094462,9.555089890926045,-0.05550132478036536,-0.8426812585499316,-0.768103809125157,-455.17783340700976,0.8713407768241048,6.718991361546443,Integrated Freight & Logistics,Industrials,XPO
2011Q4,2011,Q4,2012-03-01,2011-12-31,-1462000.0,44085000.0,-2389000.0,-0.15388,7171000.0,0.16266303731427922,127641000.0,108360000.0,99141000.0,16071000.0,19281000.0,0.0,-36948000.0,117337350.0,45459350.0,11.405115251026208,6.168937838342356,0.01667959354752783,0.01964747139165744,-0.01301418465785735,11.405115251026208,-0.013492063492063493,2.661616195985029,-20.06452633378933,1.0828474529346621,0.0,0.0,0.0,0.34538275319058925,6.0693796279011885,-0.011453999890317375,39.21702874331551,0.16266303731427922,0.9713977695167286,-1.6380303322756622,1.8754926084470198,3.9145361407489703,-0.1276155717761557,-8.694736842105263,-6.082978723404255,-3.0994600672358166,0.7617766092816046,2.443334438228209,Integrated Freight & Logistics,Industrials,XPO
2011Q3,2011,Q3,2011-11-10,2011-09-30,190000.0,47389000.0,470000.0,-5.38,8220000.0,0.17345797547954167,128030000.0,108983000.0,99527000.0,15285000.0,19047000.0,0.0,-35111000.0,63299673.97,-5626326.030000001,13.205433102169895,6.511416421328099,0.01989377489650863,0.02337061743574686,0.0019018561306534695,13.205433102169895,0.0017433911711000798,1.335746142986769,83.28904469736841,0.580821540699008,0.0,0.0,0.0,0.37013981098180115,6.455610075237161,0.0014840271811294228,-143.53667566893424,0.17345797547954167,-45.833333333333336,-0.8328328770852669,2.4773918110698947,5.345666881069108,0.14484679665738162,-0.7921225382932167,-0.7139379184418746,-0.8403768691059628,0.41389831833490237,3.068974380775331,Integrated Freight & Logistics,Industrials,XPO
2011Q2,2011,Q2,2011-08-15,2011-06-30,914000.0,44094000.0,1643000.0,0.12,7180000.0,0.16283394566154125,55596000.0,36952000.0,26891000.0,14630000.0,18644000.0,0.0,8910000.0,102663836.8,104933836.8,4.477554067022751,1.8380724538619275,0.052467803439096336,0.07894024680666811,0.02409846822881084,4.477554067022751,0.024734791080320416,2.32829493355105,28.080918161925602,2.7783025763152196,0.0,0.0,0.0,0.7931146125620548,1.779835953520164,0.01644003165695374,72.86290759403832,0.16283394566154125,0.0,-0.1417738333543365,2.1573746570217334,1.3076990575181013,-0.0037463577077840988,-0.18173679498657117,-0.1785,0.13483603420153728,0.37024325143494674,0.4388670793208194,Integrated Freight & Logistics,Industrials,XPO
2011Q1,2011,Q1,2011-05-13,2011-03-31,1117000.0,41508000.0,2000000.0,0.12,7207000.0,0.1736291799171244,55823000.0,35993000.0,26932000.0,15372000.0,19830000.0,0.0,7996000.0,69329774.88000001,73008774.88000001,4.402446719728913,1.752016653655998,0.0668004227648102,0.10360347845414386,0.029261641037887615,4.402446719728913,0.031033812130136416,1.6702750043365138,15.516959462846911,1.9262016192037341,0.0,0.0,0.0,0.7435644805904377,1.6715456674473068,0.02000967343209788,36.54706108592515,0.1736291799171244,0.1999999999999999,0.6118423372918806,2.49160975093781,1.436793566929951,0.12206134205200063,0.3621951219512195,0.4695077149155033,0.5785962565640583,0.50839974260886,0.377214502522484,Integrated Freight & Logistics,Industrials,XPO
2010Q4,2010,Q4,2011-03-25,2010-12-31,820000.0,41557000.0,1361000.0,0.1,6423000.0,0.15455879875833192,56672000.0,34013000.0,27565000.0,15251000.0,22659000.0,0.0,6879000.0,83718973.44,89669973.44,4.1602650592654,1.8074224641007146,0.11490683229813664,0.191456207920501,0.02189113670044105,4.1602650592654,0.024108429130038515,2.0145576783694685,25.524077268292682,2.461381631729045,0.0,0.0,0.0,0.7332898080180689,1.7166743164382663,0.014469226425748164,68.34201913469387,0.15455879875833192,-0.5,0.10293431029913701,2.444317348282871,1.4223086171201693,-0.21083671212679692,-0.5260115606936416,-0.5339041095890411,0.630521466016478,1.679217532372124,0.6980665128593239,Integrated Freight & Logistics,Industrials,XPO
2010Q3,2010,Q3,2010-11-12,2010-09-30,1730000.0,44448000.0,2920000.0,0.2,8139000.0,0.18311285097192226,57752000.0,33062000.0,28386000.0,15633000.0,24690000.0,0.0,6059000.0,60877220.0,68183220.0,4.084060343097139,1.8157743235463444,0.14297340351849286,0.24974290726513823,0.04137549184382873,4.084060343097139,0.05232593309539653,1.3696278797696184,8.797286127167629,1.8413048212449334,0.0,0.0,0.0,0.7696356836126887,1.7420200857161134,0.029955672530821445,-66.17089130434782,0.18311285097192226,0.0,3.559823301463617,2.8077480979018765,1.5177085853789363,0.12432656444260257,0.1502659574468085,0.10564180234759561,1.862662224840336,1.7472793632783732,0.5514569095563602,Integrated Freight & Logistics,Industrials,XPO
2010Q2,2010,Q2,2010-08-13,2010-06-30,1504000.0,40340000.0,2641000.0,0.2,7239000.0,0.17944967773921666,54109000.0,31244000.0,24654000.0,15480000.0,22865000.0,0.0,4329000.0,40375586.160000004,46787586.160000004,3.9001231926635143,1.5926356589147286,0.12367628305827126,0.2141851235437204,0.03980917959634022,3.9001231926635143,0.0481372423505313,1.0008821556767478,6.71136738031915,1.292266872359493,0.0,0.0,0.0,0.7455321665526992,1.5241602067183462,0.027795745624572623,-33.730648421052635,0.17944967773921666,0.6666666666666669,2.0359883617009196,2.2701803347108886,1.2649347732649234,0.29290944811573494,0.8033573141486811,0.7329396325459318,0.6624120034056511,1.4288417787555443,0.5270507857669346,Integrated Freight & Logistics,Industrials,XPO
2010Q1,2010,Q1,2010-05-12,2010-03-31,834000.0,31642000.0,1524000.0,0.12,5599000.0,0.1769483597749826,49753000.0,29268000.0,19837000.0,13311000.0,20485000.0,0.0,2825000.0,46771415.36,52396415.36,3.6544782466895183,1.4902712042671475,0.13154985629007296,0.22362306956402897,0.022844943702930755,3.6544782466895183,0.028495284952849528,1.4781434599582832,14.020208441247004,1.5980393385267184,0.0,0.0,0.0,0.6359817498442305,1.3964390353842686,0.01676280827286797,25.446907159956474,0.1769483597749826,0.6216216216216216,1.1495144034312819,1.5487983295670198,0.9184220623750503,0.08549825513765025,0.3876871880199667,0.3582887700534759,0.49296301210106114,1.272031993295859,0.5061001098477569,Integrated Freight & Logistics,Industrials,XPO
2009Q4,2009,Q4,2010-03-26,2009-12-31,601000.0,31610000.0,1122000.0,0.074,5158000.0,0.16317621006010757,49039000.0,28404000.0,19034000.0,18064000.0,20635000.0,0.0,1991000.0,41005076.480000004,48468076.480000004,3.5465969700344773,1.0536979627989371,0.16227900242664003,0.28017180678777637,0.01736394148972659,3.5465969700344773,0.021158991691311083,1.2972184903511548,17.057020166389353,1.4436373919166314,0.0,0.0,0.0,0.644589000591366,1.0,0.012255551703745999,58.41178985754986,0.16317621006010757,-0.38333333333333336,1.232936374428333,0.8915548288368369,0.36852624605013135,0.09071685345739057,-0.2589395807644883,-0.2235294117647059,-0.6888498046513363,1.445949910627808,0.5282510173965078,Integrated Freight & Logistics,Industrials,XPO
2009Q3,2009,Q3,2009-11-09,2009-09-30,811000.0,26211000.0,1445000.0,0.12,4729000.0,0.1804204341688604,44320000.0,27774000.0,17214000.0,14935000.0,16546000.0,0.0,1390000.0,30433455.2,36596455.2,3.4679335391401764,1.1525945764981587,0.15446750902527076,0.2464895225750702,0.023071564117079543,3.4679335391401764,0.029199971196082666,1.1610947770020221,9.381459679408138,1.0957534096637143,0.0,0.0,0.0,0.591403429602888,1.0859055908938735,0.018298736462093863,-32.376016170212765,0.1804204341688604,1.9999999999999996,3.304486125199298,0.4976571522158458,0.19241146999914804,0.30024745669507835,1.8159722222222223,1.2900158478605388,-0.26471354600229297,0.9819747488016616,0.6664618899515342,Integrated Freight & Logistics,Industrials,XPO
2009Q2,2009,Q2,2009-08-14,2009-06-30,288000.0,22243000.0,631000.0,0.04,3637000.0,0.16351211617137976,42453000.0,26912000.0,15080000.0,13877000.0,15541000.0,0.0,579000.0,27870637.919999998,33094637.919999998,3.3603019876625773,1.0866902068170354,0.158999364002544,0.25081747919143876,0.010012353281964068,3.3603019876625773,0.01070154577883472,1.253007144719687,24.19326208333333,1.0356212068965518,0.0,0.0,0.0,0.5239441264457164,0.999207321467176,0.0067839728641085435,320.35215999999997,0.16351211617137976,63.3012,1.5462401690428809,1.1982706743123477,0.05470608658411334,0.13090796019900497,56.6,24.37037037037037,-0.7213381673468348,0.6412299291383431,0.7318753975563617,Integrated Freight & Logistics,Industrials,XPO
2009Q1,2009,Q1,2009-05-15,2009-03-31,5000.0,20072000.0,-27000.0,0.0006220723718997468,3216000.0,0.16022319649262654,41665000.0,26573000.0,14201000.0,8658000.0,15092000.0,0.0,291000.0,27271579.380799998,32583579.380799998,3.3179735700861204,1.6402171402171402,0.1560302412096484,0.24464682196214202,-0.0005233020592517477,3.3179735700861204,0.00018816091521469162,1.3586876933439616,1363.57896904,1.026289067128288,0.0,0.0,0.0,0.48174726989079564,1.416031416031416,0.00012000480019200768,-203.51924911044773,0.16022319649262654,-0.9914784606589075,1.0073114524360511,0.7911488190895872,0.5676270441233089,0.015792798483891344,-0.9914821124361158,-1.0463917525773196,-0.9926346114449344,0.723617164752367,0.8365279958066862,Integrated Freight & Logistics,Industrials,XPO
2008Q4,2008,Q4,2009-03-30,2008-12-31,587000.0,21093000.0,582000.0,0.073,3166000.0,0.1500971886407813,41682000.0,26527000.0,14824000.0,10396000.0,15155000.0,0.0,286000.0,36840498.4,40688498.4,3.3122298910049492,1.4259330511735282,0.11887625353869775,0.18679081690353225,0.01061276637796554,3.3122298910049492,0.022128397481810985,1.7465746171715735,15.690161158432707,1.3887924906698834,0.0,0.0,0.0,0.506045775154743,1.2802039245863794,0.01408281752315148,6.739937504573728,0.1500971886407813,-0.5437500000000001,3.8299594751519903,1.798256247549422,0.882300300746478,-0.4028668427008676,-0.4904513888888889,-0.7127344521224087,-0.19400904443806463,0.7846522175241688,0.9285413050775652,Integrated Freight & Logistics,Industrials,XPO
2008Q3,2008,Q3,2008-11-14,2008-09-30,1152000.0,32438000.0,2026000.0,0.16,5302000.0,0.16345027436956655,47904000.0,25922000.0,20706000.0,11251000.0,21982000.0,0.0,-301000.0,39297589.8,48630589.8,3.245395981002377,1.8403697449115635,0.23382181028724114,0.43210400432065427,0.032899414399524075,3.245395981002377,0.04444101535375357,1.2114677168752697,8.528122786458333,1.5159937427667618,0.0,0.0,0.0,0.6771459585838343,1.6875833259265842,0.02404809619238477,258.536775,0.16345027436956655,1.0,5.867857064642952,1.4996351217189974,0.5065322510557855,0.07327935222672065,0.4883720930232558,0.4307909604519774,2.72763710510987,1.8164770338552527,1.0006955426440998,Integrated Freight & Logistics,Industrials,XPO
2008Q2,2008,Q2,2008-08-14,2008-06-30,774000.0,30925000.0,1416000.0,0.08,4940000.0,0.1597413096200485,48130000.0,24680000.0,20888000.0,13002000.0,23450000.0,0.0,-1453000.0,36799589.44,46335589.44,3.111860804499236,1.6065220735271497,0.226137544151257,0.4410048622366288,0.02361473632770838,3.111860804499236,0.031361426256077796,1.1899624717865804,11.886172299741602,1.4910692641815235,0.0,0.0,0.0,0.642530646166632,1.416320566066759,0.01608144608352379,-220.35682299401196,0.1597413096200485,0.0,0.1829556157550421,1.0331474619964034,3.057270294174008,0.11613194758246724,0.20373250388802489,-0.6800723000451875,1.5385317488800427,1.5322631086870488,0.8071638759844079,Integrated Freight & Logistics,Industrials,XPO
2008Q1,2008,Q1,2008-05-15,2008-03-31,643000.0,25006000.0,4426000.0,0.08,4426000.0,0.1769975205950572,43296000.0,23749000.0,15980000.0,9531000.0,19547000.0,0.0,-2227000.0,34769517.12,44249517.12,3.196631106966607,1.6766341412233763,0.24702050997782704,0.4503347509368816,0.07772764998017698,3.196631106966607,0.02707482420312434,1.3904469775253938,13.518474774494555,1.4640413120552445,0.0,0.0,0.0,0.5775591278640059,1.4196831392298814,0.014851256467110125,71.24901049180328,0.1769975205950572,0.31147540983606564,0.07537238165842147,0.8948896551441262,3.4483204664206126,0.343247344461305,0.40700218818380746,5.181564245810056,1.1242632802425485,1.1713540025001508,0.6780747419783807,Integrated Freight & Logistics,Industrials,XPO
2007Q4,2007,Q4,2008-03-27,2007-12-31,457000.0,14095000.0,716000.0,0.061,3295000.0,0.23377084072366086,23724000.0,18202000.0,8653000.0,4872000.0,5522000.0,0.0,-2870000.0,36552569.28,35836569.28,2.4500012383260845,1.7760673234811166,0.0035407182599898838,0.004614877485990551,0.024749829397331988,2.4500012383260845,0.02510713108449621,2.5933004100744945,19.995935054704596,2.0081622503021648,0.0,0.0,0.0,0.5941240937447311,1.326559934318555,0.01926319339065925,46.86226830769231,0.23377084072366086,-0.23750000000000004,0.12737415735887755,-0.19765847571801454,3.152434164940121,0.08068219088225648,-0.0841683366733467,-0.07969151670951156,1.1909386724666258,-0.09076869989814176,-0.054617418941748146,Integrated Freight & Logistics,Industrials,XPO
2007Q3,2007,Q3,2007-11-13,2007-09-30,499000.0,13359000.0,778000.0,0.08,3049000.0,0.2282356463807171,21447000.0,17596000.0,7901000.0,3195000.0,3851000.0,0.0,-3327000.0,33151880.8056,33269880.8056,2.6324033351754372,2.472926447574335,0.010537604326945494,0.012843828142759719,0.027297370347651194,2.6324033351754372,0.028358717890429642,2.481613953559398,16.609158720240483,1.884057786178677,0.0,0.0,0.0,0.6228843194852427,1.9902973395931143,0.0232666573413531,34.786863384679954,0.2282356463807171,-0.3333333333333333,-0.03745721466747618,0.4652454981047647,4.071490052471583,-0.1323278315310188,-0.33819628647214856,-0.3751004016064257,2.6988691633860635,-0.0854469369916396,-0.09487656118535374,Integrated Freight & Logistics,Industrials,XPO
2007Q2,2007,Q2,2007-08-14,2007-06-30,754000.0,13842000.0,1245000.0,0.12,3514000.0,0.2538650484034099,22386000.0,17052000.0,8546000.0,3822000.0,5334000.0,0.0,-3826000.0,36053235.0,37246235.0,2.5540232381366055,2.2360020931449505,0.06794425087108014,0.08919774806474313,0.041736352855514275,2.5540232381366055,0.04421768707482993,2.604626137841352,11.953990384615386,2.114311224489796,0.0,0.0,0.0,0.6183328866255695,1.8385661957090529,0.03368176538908246,59.39577429983525,0.2538650484034099,0.4999999999999999,4.104917023595457,0.8908484559375233,5.001166501740663,0.16357615894039734,0.6355748373101953,1.8412162162162162,2.715456373001258,0.6409820673001868,-0.1983625684744752,Integrated Freight & Logistics,Industrials,XPO
2007Q1,2007,Q1,2007-05-15,2007-03-31,461000.0,11493000.0,-1480000.0,0.08,3020000.0,0.26276864178195425,21877000.0,16037000.0,7478000.0,3108000.0,5840000.0,0.0,-4580000.0,34896792.480000004,36820792.480000004,2.426451085684423,2.406048906048906,0.12524569182246195,0.1708548980482634,-0.04916907024205397,2.426451085684423,0.028746024817609277,3.036351908117985,18.92450785249458,2.176017489555403,0.0,0.0,0.0,0.5253462540567719,1.9269626769626769,0.0210723590985967,30.909470752878658,0.26276864178195425,-0.6521739130434784,0.15286565862048657,0.3146631562699776,3.4779629033431503,0.13533834586466165,-0.7107904642409034,-3.657091561938959,1.8168656935559595,0.24276927149393457,0.1464136958337905,Integrated Freight & Logistics,Industrials,XPO
