Quarters,Year,Quarter,FillingDate,Date,NetIncome,Revenue,OperatingIncome,EPSDiluted,GrossProfit,GrossProfitRatio,TotalAssets,CommonStockEquity,CurrentAssets,CurrentLiability,TotalLiability,Inventory,RetainedEarnings,MarketCap,EnterpriseValue,bookValuePerShare,currentRatio,debtToAssets,debtToEquity,roic,shareholdersEquityPerShare,roe,priceToSalesRatio,peRatio,pbRatio,payoutRatio,inventoryTurnover,dividendYield,assetTurnover,quickRatio,returnOnAssets,priceToFreeCashFlowsRatio,grossProfitMargin,epsdilutedGrowth,fiveYNetIncomeGrowthPerShare,fiveYRevenueGrowthPerShare,fiveYShareholdersEquityGrowthPerShare,grossProfitGrowth,netIncomeGrowth,operatingIncomeGrowth,threeYNetIncomeGrowthPerShare,threeYRevenueGrowthPerShare,threeYShareholdersEquityGrowthPerShare,Industry,Sector,Symbol
2023Q1,2023,Q1,2023-05-01,2023-03-31,14954000.0,60895000.0,22613000.0,0.88,60895000.0,1.0,4409742000.0,411240000.0,487492000.0,26632000.0,3998502000.0,0.0,405634000.0,498738960.0,494171960.0,24.16784203102962,18.304746170021026,0.018137569045989538,0.1944898356191032,0.036047862253343464,24.16784203102962,0.03636319424180527,8.190146317431644,8.337885515581116,1.212768602276043,0.2048950113681958,0.0,0.006143494384316798,0.0138091979077234,18.304746170021026,0.003391128097743587,20.59117955493167,1.0,0.2753623188405798,1.5921610668993864,0.7797296813005022,0.42713973541535694,0.05522631177653012,0.2820644718792867,0.3007190106413575,2.44701590698155,0.45876907664143807,0.237058156300362,Banks—Regional,Financial Services,CCBG
2022Q4,2022,Q4,2023-03-01,2022-12-31,11664000.0,57708000.0,17385000.0,0.69,57708000.0,1.0,4525958000.0,394016000.0,485408000.0,56793000.0,4131942000.0,0.0,393744000.0,551200000.0,589279000.0,23.232075471698113,8.546968816579508,0.024346889652975125,0.27966630796718916,0.02772568940943949,23.232075471698113,0.029602858767156664,9.551535315727456,11.814128943758574,1.3989279623162512,0.2472565157750343,0.0,0.0052322206095791,0.012750449739038675,8.546968816579508,0.002577133946006569,85.99063962558502,1.0,0.029850746268656577,3888.6047169811322,0.678933814935653,0.38692735839098513,0.059173335291094635,0.030844012372956253,0.05838305126019725,0.34495919109143175,0.661471451146525,0.1899639899911423,Banks—Regional,Financial Services,CCBG
2022Q3,2022,Q3,2022-10-31,2022-09-30,11315000.0,54484000.0,16426000.0,0.67,54484000.0,1.0,4332671000.0,373165000.0,489431000.0,52271000.0,3959506000.0,0.0,384964000.0,527625600.0,560659600.0,22.00265330188679,9.363337223316945,0.024400652622827812,0.28330631222113545,0.026953815364189827,22.00265330188679,0.030321707555638927,9.684046692607003,11.657657976137871,1.4139203837444563,0.2547945205479452,0.0,0.005464101817652518,0.012575152832975316,9.363337223316945,0.002611553011987294,171.307012987013,1.0,0.3137254901960785,1.4848157607232355,0.5909175496978721,0.30881383047923894,0.023442783079119393,0.2986342247216803,0.38300917740170076,0.3174030588351764,0.34163933915211964,0.14590167633830514,Banks—Regional,Financial Services,CCBG
2022Q2,2022,Q2,2022-08-04,2022-06-30,8713000.0,53236000.0,11877000.0,0.51,53236000.0,1.0,4354297000.0,371675000.0,692614000.0,39463000.0,3982622000.0,0.0,376532000.0,472707610.0,474460610.0,21.929022361201252,17.550971796366216,0.02134948534746252,0.25011636510392143,0.020591522701234155,21.929022361201252,0.02344252371023071,8.879472725223533,13.563285033857454,1.2718305239792829,0.3112590382187536,0.0,0.005737161709751193,0.012226083797223754,17.550971796366216,0.0020010118740177805,17.006929663608563,1.0,-0.03773584905660381,1.4476507806121506,0.5835046746635967,0.32074388797024384,0.05388605139169339,-0.03681185054167588,0.038925822253324,0.17839954716589038,0.36088480006104856,0.17042614938867498,Banks—Regional,Financial Services,CCBG
2022Q1,2022,Q1,2022-05-04,2022-03-31,9046000.0,50514000.0,11432000.0,0.53,50514000.0,1.0,4310045000.0,372145000.0,702324000.0,30865000.0,3937900000.0,0.0,370531000.0,446301160.0,452896160.0,21.98009568247593,22.75470597764458,0.01961882068516686,0.227217885501619,0.0200723090699413,21.98009568247593,0.024307729514033507,8.835197371025854,12.334212911784215,1.1992668449126014,0.29980101702409906,0.0,0.0060766142754367924,0.011720063247599503,22.75470597764458,0.0020988179937796473,26.318030428116522,1.0,0.26190476190476203,2.294310701659436,0.5553767715469154,0.3374184574202247,0.05395593390085128,0.2676569506726457,0.23589189189189189,0.3939092493977767,0.3373280034919536,0.19444824880238384,Banks—Regional,Financial Services,CCBG
2021Q4,2021,Q4,2022-03-01,2021-12-31,7136000.0,47928000.0,9250000.0,0.42,47928000.0,1.0,4263849000.0,383166000.0,719924000.0,34557000.0,3880683000.0,0.0,364788000.0,445500000.0,468515000.0,22.706133333333334,20.832942674421968,0.020715555358550457,0.2305214972100865,0.015256924557039484,22.706133333333334,0.018623781859559565,9.295192789183776,15.607483183856502,1.1626814487715507,0.37850336322869954,0.0,0.006062850729517397,0.011240548152619852,20.832942674421968,0.00167360523320596,15.28144616334511,1.0,-0.3,1.156580798274002,0.8106860451591699,0.3870340853587627,0.0,-0.29283519968288574,0.0,-0.15060207561545944,0.5265685986670042,0.27485483249445625,Banks—Regional,Financial Services,CCBG
2021Q3,2021,Q3,2021-10-29,2021-09-30,10091000.0,52471000.0,0.0,0.6,0.0,0.0,4048733000.0,348868000.0,0.0,51410000.0,3699865000.0,0.0,359550000.0,417487500.0,450262500.0,20.67365925925926,0.0,0.026158059817725694,0.30357327126592293,0.0,20.67365925925926,0.02892498022174576,7.956537897124126,10.343065603012585,1.1966918719974315,0.26756515707065703,0.0,0.006467259498787389,0.012959856824344801,13.985139078000389,0.0024923846546561603,12.796551724137931,0.0,0.3636363636363636,2.4975785074319012,0.616103217528871,0.25585694007964815,0.0,0.35869126161303355,0.0,0.7027104037593519,0.43602393813488,0.18319127941427968,Banks—Regional,Financial Services,CCBG
2021Q2,2021,Q2,2021-07-30,2021-06-30,7427000.0,52453000.0,0.0,0.44,0.0,0.0,4011459000.0,335880000.0,0.0,47200000.0,3675579000.0,0.0,345574000.0,434767820.0,457680820.0,19.924071657373354,0.0,0.025379045379748368,0.3031052756937001,0.0,19.924071657373354,0.022112063832321067,8.288712180428194,14.63470512993133,1.2944141360009527,0.34064898343880434,0.0,0.005819197934198534,0.013075791127367873,11.859830508474577,0.001851446069871336,-1297.8143880597015,0.0,-0.21428571428571436,0.9218831629685108,0.5421027921767381,0.2428983076223648,0.0,-0.2187039764359352,0.0,0.2509387237017788,0.5018929287833666,0.15680977140088373,Banks—Regional,Financial Services,CCBG
2021Q1,2021,Q1,2021-04-30,2021-03-31,9506000.0,54324000.0,0.0,0.56,0.0,0.0,3929884000.0,324426000.0,0.0,55687000.0,3605458000.0,0.0,335324000.0,438124760.0,474554760.0,19.26749020073643,0.0,0.02809319562613044,0.3403025651458268,0.0,19.26749020073643,0.02930098080918299,8.065031293719166,11.522321691563223,1.3504613070469076,0.265937302756154,0.0,0.005770045956772678,0.013823308779597566,8.623520749905722,0.0024189009141236738,8.889075637071905,0.0,0.21739130434782614,4.896477544179172,0.7404698999953635,0.1972538188477099,0.0,0.22721404595920475,0.0,0.665211451327984,0.6044682255201576,0.1377681479336243,Banks—Regional,Financial Services,CCBG
2020Q4,2020,Q4,2021-03-01,2020-12-31,7746000.0,49664000.0,0.0,0.46,0.0,0.0,3798071000.0,320837000.0,0.0,79654000.0,3477234000.0,0.0,332528000.0,412231180.0,479910180.0,19.130463299743607,0.0,0.03570180757547713,0.4226382867312685,0.0,19.130463299743607,0.02414310070222574,8.300402303479382,13.304646914536534,1.28486172106085,0.3246837077201136,0.0,0.006100945590772635,0.01307611153135368,4.931189896301504,0.0020394563450762244,77.45794438181134,0.0,-0.2580645161290322,2.043327784212261,0.9177158466751676,0.19551449697506892,-1.0,-0.25497739732615177,0.0,2611.175421859162,0.4611881358865202,0.1420659751829625,Banks—Regional,Financial Services,CCBG
2020Q3,2020,Q3,2020-11-03,2020-09-30,10397000.0,60087000.0,0.0,0.62,60087000.0,1.0,3587041000.0,339425000.0,404762000.0,90936000.0,3247616000.0,0.0,333545000.0,315127090.0,387709090.0,20.23880508019796,4.451064484912466,0.04156378474625743,0.4392457833100096,0.0,20.23880508019796,0.03063121455402519,5.24451362191489,7.577356208521689,0.9284144951020108,0.22573819370972395,0.0,0.007447788763574722,0.016751132758170313,4.451064484912466,0.002898489311942629,-10.733942707268888,1.0,0.12727272727272718,5.317264972962659,0.9026716437518918,0.2683504183140149,0.0,0.13678110649464248,0.0,1.3089502087950287,0.7742961028233336,0.20389244142046622,Banks—Regional,Financial Services,CCBG
2020Q2,2020,Q2,2020-08-03,2020-06-30,9146000.0,55657000.0,0.0,0.55,0.0,0.0,3499524000.0,335057000.0,0.0,63958000.0,3164467000.0,0.0,328570000.0,351897150.0,399170150.0,19.94743108888492,0.0,0.0349841864207818,0.36539454480879374,0.0,19.94743108888492,0.027296847998997186,6.322603625779327,9.618881204898315,1.050260552682081,0.25672425103870544,0.0,0.006672404138538775,0.0159041629661634,6.509506238468996,0.002613498292910693,13.714909579858134,0.0,1.2000000000000002,1.4493384903010342,0.6966795154813746,0.2682447603399289,0.0,1.1334266386750642,0.0,1.592538982060038,0.6704984782374908,0.20139636220012513,Banks—Regional,Financial Services,CCBG
2020Q1,2020,Q1,2020-05-08,2020-03-31,4287000.0,41251000.0,0.0,0.25,0.0,0.0,3086523000.0,328507000.0,0.0,76516000.0,2758016000.0,0.0,321772000.0,338317800.0,400940800.0,19.536544751709783,0.0,0.04383540961787746,0.41186032565516106,0.0,19.536544751709783,0.013049950229371063,8.201444813459068,19.72928621413576,1.0298648126219534,0.5498017261488221,0.0,0.006966822319133075,0.013364876918137335,5.948951853207173,0.0013889415371277,-5.64135665571693,0.0,-0.5098039215686274,3.527059836823468,0.3698321102291662,0.24794618319341988,0.0,-0.49947460595446586,0.0,0.5719806477452711,0.2789220291412347,0.18873620582026773,Banks—Regional,Financial Services,CCBG
2019Q4,2019,Q4,2020-03-05,2019-12-31,8565000.0,34303000.0,0.0,0.51,0.0,0.0,3088953000.0,327016000.0,0.0,6404000.0,2761937000.0,0.0,322937000.0,510875000.0,516593000.0,19.52334328358209,0.0,0.021303334819273715,0.2012286860581745,0.0,19.52334328358209,0.026191379015094062,14.893012272979039,14.911704611792176,1.5622324289943,0.2544074722708698,0.0,0.0042652312209444584,0.01110505727992624,72.40599625234229,0.0027727841763859795,54.615672439598036,0.0,0.020000000000000018,3.640420334558338,0.37261604090275274,0.24880914164044388,0.0,0.009904492394764769,0.0,1.6077576619330531,0.30561436993142477,0.19260915969055764,Banks—Regional,Financial Services,CCBG
2019Q3,2019,Q3,2019-11-04,2019-09-30,8481000.0,40100000.0,0.0,0.5,0.0,0.0,2934513000.0,321562000.0,0.0,10622000.0,2612951000.0,0.0,316551000.0,459705150.0,469026150.0,19.201170358870247,0.0,0.024014887649160186,0.21915524844353498,0.0,19.201170358870247,0.02637438503305739,11.463968827930174,13.55103024407499,1.4296003570073577,0.2566914278976536,0.0,0.004735644140597512,0.013664959057942494,41.24759932216155,0.0028900877249478873,40.79016415261757,0.0,0.13636363636363635,3.175862131758964,0.2949040244768087,0.1822237048105303,0.0,0.15781569965870307,0.0,1.962013883197849,0.24451715525082077,0.16640807272852542,Banks—Regional,Financial Services,CCBG
2019Q2,2019,Q2,2019-08-02,2019-06-30,7325000.0,38754000.0,0.0,0.44,0.0,0.0,3017654000.0,314595000.0,0.0,9753000.0,2703059000.0,0.0,310247000.0,423385065.0,439607065.0,18.7359299624799,0.0,0.02318125272148497,0.22235890589488072,0.0,18.7359299624799,0.023283904702871946,10.924938457965629,14.450002218430035,1.3458098984408524,0.25133105802047784,0.0,0.004348287533477356,0.012842426600266299,47.63477904234595,0.002427382330777485,27.610868983957218,0.0,0.15789473684210525,4.161203127317866,0.26543659243056694,0.15956762361011878,0.0,0.13812927284027346,0.0,0.9030520863973079,0.1439025128102161,0.16877995836155293,Banks—Regional,Financial Services,CCBG
2019Q1,2019,Q1,2019-05-03,2019-03-31,6436000.0,37460000.0,0.0,0.38,0.0,0.0,3052051000.0,308986000.0,0.0,8983000.0,2743065000.0,0.0,304763000.0,370073640.0,390103640.0,18.401881960574116,0.0,0.022781729400983143,0.22502961299217442,0.0,18.401881960574116,0.020829422692290267,9.879168179391352,14.375141392169049,1.1977035852757083,0.28744561839651955,0.0,0.004999005062884241,0.01227371364371041,53.26917510853835,0.002108745889239728,26.486805038648725,0.0,-0.24,0.7779383501028475,0.24928138433525154,0.14397007371741113,0.0,-0.23906360841806573,0.0,3.0033615892111514,0.20352881587466995,0.14346618172615247,Banks—Regional,Financial Services,CCBG
2018Q4,2018,Q4,2019-03-05,2018-12-31,8458000.0,31608000.0,0.0,0.5,0.0,0.0,2959183000.0,302587000.0,0.0,13541000.0,2656596000.0,0.0,300177000.0,394314690.0,407278690.0,17.81075990346695,0.0,0.02534348162989582,0.24784937885632893,0.0,17.81075990346695,0.027952291407099445,12.475154707668944,11.655080692835186,1.3031448475975507,0.18148498462993615,0.0,0.0038928298613475445,0.010681326568853632,37.52965069049553,0.0028582213401469256,27.237320577467706,0.0,0.42857142857142866,2.1144457957984355,0.14112033690038314,0.11742542505796075,0.0,0.41202003338898163,0.0,2.2804246125889933,0.20484372741102103,0.11304265522008516,Banks—Regional,Financial Services,CCBG
2018Q3,2018,Q3,2018-11-02,2018-09-30,5990000.0,36931000.0,0.0,0.35,0.0,0.0,2819190000.0,298016000.0,0.0,16644000.0,2521174000.0,0.0,293254000.0,393140800.0,426704800.0,17.47279549718574,0.0,0.029081757526097922,0.2751093900998604,0.0,17.47279549718574,0.020099591968216472,10.645279033873981,16.40821368948247,1.3191936003436058,0.25642737896494155,0.0,0.003906997187775983,0.013099862017104204,32.00348473924537,0.0021247237681745468,26.113636665559614,0.0,0.0,2.826734693155567,0.12031511199752638,0.2059991031469453,0.0,-0.002165583874729302,0.0,2.5787358464905097,0.1498896461752491,0.09500671557206386,Banks—Regional,Financial Services,CCBG
2018Q2,2018,Q2,2018-08-03,2018-06-30,6003000.0,35312000.0,0.0,0.35,0.0,0.0,2880278000.0,293571000.0,0.0,7021000.0,2586707000.0,0.0,288800000.0,402773350.0,419005350.0,17.223291287767672,0.0,0.025277073949111856,0.24799792895074785,0.0,17.223291287767672,0.02044820503387596,11.406132476212052,16.773835998667334,1.3719793508214368,0.19873396635015825,0.0,0.0029619635956549756,0.012259927687535716,78.36989032901296,0.002084173819332717,175.65344526820758,0.0,0.029411764705882214,6.235467137961164,0.07282752560998806,0.19656375456938854,0.0,0.0398406374501992,0.0,0.5842388903235944,0.06080865762317664,0.09504571461791984,Banks—Regional,Financial Services,CCBG
2018Q1,2018,Q1,2018-05-04,2018-03-31,5773000.0,34240000.0,0.0,0.34,0.0,0.0,2924832000.0,288360000.0,0.0,4893000.0,2636472000.0,0.0,283990000.0,421443000.0,444752000.0,16.93446088794926,0.0,0.02431353322173718,0.24661187404633098,0.0,16.93446088794926,0.020020113746705506,12.308498831775701,18.250606270569897,1.4615168539325842,0.206651654252555,0.0,0.002830750540405227,0.011706655288235359,106.20069487022276,0.0019737885799936544,313.807148175726,0.0,1930.818181818182,5.991530601074077,0.037514113574558014,0.1785624046020164,0.0,1923.3333333333333,0.0,5.020014523269394,0.1227933902482303,0.08173149848849322,Banks—Regional,Financial Services,CCBG
2017Q4,2017,Q4,2018-03-05,2017-12-31,3000.0,34386000.0,0.0,0.000176,0.0,0.0,2898794000.0,284210000.0,0.0,7480000.0,2614584000.0,0.0,279410000.0,389222980.0,405137980.0,16.750751458713975,0.0,0.02564307777648222,0.2615460399000739,0.0,16.750751458713975,1.0555575102916857e-05,11.319228174256965,32435.248333333337,1.3694907990570353,395.6666666666667,0.0,0.0030496657725605,0.011862174407701962,72.1029411764706,1.0349131397401816e-06,242.50652959501556,0.0,-0.9993481481481481,-0.9983752932162433,0.13713865910282258,0.16894109045839653,0.0,-0.9993413830954995,0.0,-0.9983954215315906,0.3583396468985286,0.07146052021633785,Banks—Regional,Financial Services,CCBG
2017Q3,2017,Q3,2017-11-02,2017-09-30,4555000.0,34257000.0,0.0,0.27,0.0,0.0,2790842000.0,285201000.0,0.0,6777000.0,2505641000.0,0.0,275013000.0,407329650.0,431620650.0,16.811140583554376,0.0,0.026770057208541365,0.2619591095402891,0.0,16.811140583554376,0.015971192246871505,11.89040634031001,22.356182766191,1.4282195714601282,0.26081229418221735,0.0,0.002916556651351062,0.012274790188767403,82.81924155230928,0.0016321239253243287,-309.0513277693475,0.0,0.28571428571428586,3.123214531255382,0.004502651114659716,0.15594133752681552,0.0,0.2791350744172985,0.0,1.2139643641233273,0.09200767820708981,0.03506861984582106,Banks—Regional,Financial Services,CCBG
2017Q2,2017,Q2,2017-08-03,2017-06-30,3561000.0,33631000.0,0.0,0.21,0.0,0.0,2814843000.0,281513000.0,0.0,6105000.0,2533330000.0,0.0,271646000.0,346221100.0,348043100.0,16.6035387791212,0.0,0.026510537177384316,0.2650783445169495,0.0,16.6035387791212,0.012649504640993488,10.294701317237074,24.306451839370965,1.229858301392831,0.2384161752316765,0.0,0.0024521902333508845,0.011947735628594561,98.68746928746928,0.0012650794378229976,30.111419377283006,0.0,0.31249999999999994,3.0919908981343496,-0.024874893812888446,0.14627638799243323,0.0,0.2977405247813411,0.0,1.484815021913163,0.08753289562953534,0.0275938287653427,Banks—Regional,Financial Services,CCBG
2017Q1,2017,Q1,2017-05-03,2017-03-31,2744000.0,32454000.0,0.0,0.16,0.0,0.0,2895531000.0,278059000.0,0.0,7603000.0,2617472000.0,0.0,268934000.0,361897410.0,391197410.0,16.434718363969502,0.0,0.026575436422542186,0.2767398285975279,0.0,16.434718363969502,0.009868409222503137,11.151088001479016,32.97170280612245,1.3015130242142854,0.3086734693877551,0.0,0.002340442281695246,0.011208306870138844,77.43680126265947,0.0009476672845153445,15.738091324200914,0.0,-0.20000000000000004,3.398014067025238,-0.06498232472344188,0.12587031029621568,0.0,-0.16747572815533981,0.0,-0.24770765859486157,0.0741442267079221,0.021679522705107018,Banks—Regional,Financial Services,CCBG
2016Q4,2016,Q4,2017-03-02,2016-12-31,3296000.0,26366000.0,0.0,0.2,0.0,0.0,2845197000.0,275168000.0,0.0,12749000.0,2570029000.0,0.0,267037000.0,344248320.0,376497320.0,16.370277827354393,0.0,0.028299270665616477,0.29261033259681357,0.0,16.370277827354393,0.011978136992673567,13.056524311613442,26.11106796116505,1.2510477962553785,0.25485436893203883,0.0,0.0024400990540781723,0.009266845142884658,44.787983371244806,0.0011584435102384826,-170.4199603960396,0.0,0.1764705882352941,7.29709117779027,-0.2569752969688488,0.11635909594976555,0.0,0.14723285764009747,0.0,0.22666574638732412,-0.03793455620336113,0.027051330695197263,Banks—Regional,Financial Services,CCBG
2016Q3,2016,Q3,2016-11-03,2016-09-30,2873000.0,32331000.0,0.0,0.17,0.0,0.0,2753154000.0,276624000.0,0.0,12113000.0,2476530000.0,0.0,264581000.0,248195080.0,254955080.0,16.461794810759343,0.0,0.03137056626690697,0.3122216438197698,0.0,16.461794810759343,0.010385939036381514,7.676690482818348,21.59720501218239,0.8972290184510382,0.23390184476157327,0.0,0.002707547627454984,0.011743258822426933,47.861553702633536,0.0010435304381810825,101.38687908496732,0.0,-0.2272727272727272,0.4833070190552458,-0.11510057775526474,0.08212208333484432,0.0,-0.2689567430025445,0.0,0.8629520282725776,-0.004519450470083283,0.1362182875180117,Banks—Regional,Financial Services,CCBG
2016Q2,2016,Q2,2016-08-05,2016-06-30,3930000.0,34591000.0,0.0,0.22,0.0,0.0,2767636000.0,274824000.0,0.0,9609000.0,2492812000.0,0.0,262380000.0,238644480.0,275775480.0,16.030331311245916,0.0,0.03212019210618738,0.3234688382382907,0.0,16.030331311245916,0.014300061130032312,6.8990338527362605,15.180946564885495,0.8683538555584666,0.17531806615776083,0.0,0.0028871398994856283,0.012498392129600858,55.94900614007701,0.001419984419916492,25.360731137088205,0.0,1.2,0.830351053519509,-0.08790087510147715,0.053762452283333435,0.0,1.3861566484517305,0.0,3.7095089864708903,0.044853872706775925,0.11368455078029119,Banks—Regional,Financial Services,CCBG
2016Q1,2016,Q1,2016-05-06,2016-03-31,1647000.0,31887000.0,0.0,0.1,0.0,0.0,2792186000.0,276833000.0,0.0,62922000.0,2515353000.0,0.0,259139000.0,250977180.0,357934180.0,16.093070573189163,0.0,0.05474957613855237,0.5522137895409868,0.0,16.093070573189163,0.005949435219067091,7.870830746072067,38.096111111111114,0.9066013806157504,0.4183363691560413,0.0,0.0027452695101602463,0.011420084478612815,8.079177394234131,0.0005898604176082826,30.118466338653548,0.0,-0.375,0.25140490498619456,-0.19281013185081147,0.06274174574836601,0.0,-0.3670253651037663,0.0,0.974463013212284,-0.04355804787918203,0.12000541839892073,Banks—Regional,Financial Services,CCBG
2015Q4,2015,Q4,2016-03-08,2015-12-31,2602000.0,26475000.0,0.0,0.16,0.0,0.0,2797860000.0,274352000.0,0.0,61058000.0,2523508000.0,0.0,258181000.0,263175750.0,364097750.0,16.001866433362498,0.0,0.054402293181217073,0.5547982154312707,0.0,16.001866433362498,0.009484166326471102,9.940538243626062,25.28590987701768,0.9592630999591765,0.26364335126825517,0.0,0.002606623140619909,0.00946258926465227,8.22686625831177,0.000929996497322954,75.23606346483704,0.0,0.7777777777777779,0.354801574377412,-0.32367728712242133,0.057775518676362304,0.0,0.5460487225193108,0.0,0.39453237678623504,-0.13356636207616626,0.11668060051441119,Banks—Regional,Financial Services,CCBG
2015Q3,2015,Q3,2015-11-05,2015-09-30,1683000.0,32294000.0,0.0,0.09,0.0,0.0,2615094000.0,273659000.0,0.0,65355000.0,2341435000.0,0.0,256265000.0,255878000.0,370245000.0,15.956793002915452,0.0,0.06014468313567314,0.5747444812704863,0.0,15.956793002915452,0.006149989585579133,7.923391342044962,38.00920974450386,0.9350249763391666,0.3054070112893642,0.0,0.0020087698043598904,0.012349078082852854,7.451426822737358,0.0006435715121521445,61.89598451862603,0.0,-0.5909090909090909,3.181589902794035,-0.15843985615589065,0.045896535875377655,0.0,-0.5622886866059817,0.0,0.5070282936674095,-0.06327234917216368,0.09719602633462548,Banks—Regional,Financial Services,CCBG
2015Q2,2015,Q2,2015-08-07,2015-06-30,3845000.0,33778000.0,0.0,0.22,0.0,0.0,2654144000.0,272038000.0,0.0,53698000.0,2382106000.0,0.0,255096000.0,264109920.0,348943920.0,15.728376503237742,0.0,0.055128131706493694,0.5378586815077305,0.0,15.728376503237742,0.014134054801167483,7.818992243472082,17.17229648894668,0.9708567185466737,0.13368010403120936,0.0,0.0019461593869703948,0.012726513708374528,9.221423516704533,0.0014486779918497263,16.849117703349282,0.0,2.666666666666667,4.189059868187105,-0.14650601498862137,0.025578142291140346,0.0,2.8995943204868153,0.0,3.2142990750378124,-0.0399218054361998,0.08585686744007867,Banks—Regional,Financial Services,CCBG
2015Q1,2015,Q1,2015-05-08,2015-03-31,986000.0,31355000.0,0.0,0.06,0.0,0.0,2693715000.0,274087000.0,0.0,49488000.0,2419628000.0,0.0,251765000.0,284505000.0,375350000.0,15.654957733607494,0.0,0.05300969107719265,0.5209769160886871,0.0,15.654957733607494,0.003597397906504139,9.07367246053261,72.13615618661258,1.0380098289959028,0.5344827586206896,0.0,0.0018523400291734766,0.011640058432313737,9.231227772389266,0.00036603723853488585,49.47052686489306,0.0,-0.4545454545454546,1.2773898303228537,-0.19589075551751314,0.019345065686397645,0.0,-0.48672566371681414,0.0,1.8326887300499364,-0.12703557347070668,0.07245233723334153,Banks—Regional,Financial Services,CCBG
2014Q4,2014,Q4,2015-03-06,2014-12-31,1921000.0,26010000.0,0.0,0.11,0.0,0.0,2627169000.0,272540000.0,0.0,49425000.0,2354629000.0,0.0,251306000.0,270908820.0,358850820.0,15.63356851947456,0.0,0.05458689562795541,0.5261943200998018,0.0,15.63356851947456,0.0070485066412269756,10.41556401384083,35.25622332118688,0.9940148968958684,0.27173347214992194,0.0,0.001926847564431457,0.0099003908770239,8.032675771370764,0.0007312053392834645,836.1383333333333,0.0,-0.0833333333333333,1.5516781082661042,-0.3590154704566798,-0.004618239572833211,0.0,-0.091725768321513,0.0,4.538750066342113,-0.2932446506646716,0.06611974475511198,Banks—Regional,Financial Services,CCBG
2014Q3,2014,Q3,2014-11-06,2014-09-30,2115000.0,32249000.0,0.0,0.12,0.0,0.0,2499617000.0,283253000.0,0.0,42586000.0,2216364000.0,0.0,249907000.0,236137600.0,323866600.0,16.24157110091743,0.0,0.05511964432951128,0.48641320656797987,0.0,16.24157110091743,0.007466822946270648,7.32232317281156,27.91224586288416,0.8336631915637257,0.16548463356973994,0.0,0.001482186657271015,0.012901576521523097,8.743389846428403,0.0008461296270588654,27.63135970044465,0.0,0.4999999999999999,2.3874667061260726,-0.2294948649362361,0.030108251856335613,0.0,0.43584521384928715,0.0,0.05213626428700707,-0.1495334860048261,0.0676455974817888,Banks—Regional,Financial Services,CCBG
2014Q2,2014,Q2,2014-08-08,2014-06-30,1473000.0,31785000.0,0.0,0.08,0.0,0.0,2567492000.0,281580000.0,0.0,36732000.0,2285912000.0,0.0,248142000.0,253214310.0,322159310.0,16.15768634876915,0.0,0.051762965571070914,0.4719830953902976,0.0,16.15768634876915,0.0052311953974003835,7.96647192071732,42.97595213849287,0.8992624121031323,0.23625254582484725,0.0,0.001374329910501504,0.012379785409263204,9.23004464771861,0.0005737116220810035,40.605245349583065,0.0,-0.6363636363636365,0.857562643372153,-0.25652576817898454,0.00783350858640161,0.0,-0.6073047187416689,0.0,-0.32510825377067415,-0.17549999174639247,0.062134204185739283,Banks—Regional,Financial Services,CCBG
2014Q1,2014,Q1,2014-05-08,2014-03-31,3751000.0,31071000.0,0.0,0.22,0.0,0.0,2633040000.0,279880000.0,0.0,48733000.0,2353160000.0,0.0,247017000.0,231058720.0,317361720.0,16.085981952985804,0.0,0.055293880837359095,0.5201907960554524,0.0,16.085981952985804,0.013402172359582678,7.436475169772456,15.39980805118635,0.8255635272259539,0.09277525993068515,0.0,0.0015061106544691325,0.011800428402151125,5.928282683192087,0.0014245890681493635,46.88691558441558,0.0,0.375,4.674659837037496,-0.25546391311653793,-0.0011804545280630586,0.0,0.3531746031746032,0.0,1.8177728034733946,-0.22237193447291229,0.06227363293076519,Banks—Regional,Financial Services,CCBG
2013Q4,2013,Q4,2014-03-07,2013-12-31,2772000.0,28273000.0,0.0,0.16,0.0,0.0,2611903000.0,276400000.0,0.0,51321000.0,2335503000.0,0.0,243614000.0,204103570.0,301145570.0,15.939103857909002,0.0,0.05829121525569671,0.5508357452966715,0.0,15.939103857909002,0.010028943560057887,7.2190276942666145,18.407609126984127,0.738435492040521,0.0,0.0,0.0,0.010824674576352951,5.974727694316167,0.0010612951552948177,56.382201657458566,0.0,0.7777777777777779,2.60596047904147,-0.3205924348724352,-0.021964056878224288,0.0,0.7423004399748586,0.0,0.42700330047728746,-0.2859095119366967,0.053626707906052964,Banks—Regional,Financial Services,CCBG
2013Q3,2013,Q3,2013-11-08,2013-09-30,1591000.0,33506000.0,0.0,0.09,0.0,0.0,2514472000.0,251168000.0,0.0,51918000.0,2263304000.0,0.0,240842000.0,204218080.0,308131080.0,14.488232579603139,0.0,0.06166264726749791,0.61731191871576,0.0,14.488232579603139,0.006334405656771563,6.094970453053184,32.08957888120678,0.8130736399541342,0.0,0.0,0.0,0.013325262719171262,6.220848260718826,0.0006327372108339246,22.022870699881377,0.0,0.7999999999999998,-0.6751672569541087,-0.3017238411124781,-0.16967815197225852,0.0,0.8873072360616845,0.0,2.9105939868832764,-0.13622400905163254,-0.050361042899091144,Banks—Regional,Financial Services,CCBG
2013Q2,2013,Q2,2013-08-09,2013-06-30,843000.0,33444000.0,0.0,0.05,0.0,0.0,2561858000.0,249289000.0,0.0,46081000.0,2312569000.0,0.0,239251000.0,206269290.0,288677290.0,14.393960390322768,0.0,0.058636739428961325,0.6025897652924919,0.0,14.393960390322768,0.003381617319657105,6.167602260495156,61.171201067615655,0.8274303719779051,0.0,0.0,0.0,0.013054587725002714,9.080206592738874,0.00032905805083654127,15.592205760072568,0.0,0.0,-0.8264868035766183,-0.23342463665062657,-0.16783151100266921,0.0,0.004767580452920143,0.0,0.13616858326522616,-0.15606769316010272,-0.06143325382116555,Banks—Regional,Financial Services,CCBG
2013Q1,2013,Q1,2013-05-09,2013-03-31,839000.0,33533000.0,0.0,0.05,0.0,0.0,2605313000.0,248608000.0,0.0,50682000.0,2356705000.0,0.0,238408000.0,206758900.0,308874900.0,14.36874349786152,0.0,0.0594143582748023,0.6226388531342515,0.0,14.36874349786152,0.0033747908353713475,6.165833656398175,61.608730631704404,0.8316663180589522,0.0,0.0,0.0,0.012871006286000953,7.106645357326072,0.00032203424310246027,34.442595368982175,0.0,-0.5454545454545454,-0.8856304567946791,-0.24809940326678856,-0.17118908779336123,0.0,-0.5525333333333333,0.0,1.2388448113055923,-0.129796372955505,-0.06440451428267803,Banks—Regional,Financial Services,CCBG
2012Q4,2012,Q4,2012-12-31,2012-12-31,1875000.0,30706000.0,0.0,0.11,0.0,0.0,2633984000.0,246889000.0,0.0,47435000.0,2387095000.0,0.0,237569000.0,195893730.0,286836730.0,14.329850832898021,0.0,0.05967424251627952,0.6366464281519225,0.0,14.329850832898021,0.007594506033075593,6.3796564189409235,26.119163999999998,0.7934485943075632,0.0,0.0,0.0,0.011657625862571679,7.657278380942342,0.0007118494265720672,21.652893776942634,0.0,0.5714285714285713,-0.7561842157757998,-0.2943816066770474,-0.1593172130638059,0.0,0.6726137377341659,0.0,1.5448434282830041,-0.23432846772245325,-0.08762531529889421,Banks—Regional,Financial Services,CCBG
2012Q3,2012,Q3,2012-09-30,2012-09-30,1121000.0,34606000.0,0.0,0.07,0.0,0.0,2493784000.0,250362000.0,0.0,42388000.0,2243422000.0,0.0,235694000.0,183339750.0,273664750.0,14.543247168167296,0.0,0.0575033763950687,0.5727746223468417,0.0,14.543247168167296,0.004477516556026873,5.297917991099809,40.88754460303301,0.73229863158147,0.0,0.0,0.0,0.013876903532944313,1.2521468340096253,0.00044951768076144523,10.76506077153426,0.0,1.7,-0.8391889752886552,-0.15922416343859042,-0.13878779096853178,0.0,1.649478563151796,0.0,1.7450017020665274,-0.16237401399194615,-0.07760654288739433,Banks—Regional,Financial Services,CCBG
2012Q2,2012,Q2,2012-06-30,2012-06-30,-1726000.0,34971000.0,0.0,-0.1,0.0,0.0,2645850000.0,249022000.0,0.0,69449000.0,2396828000.0,0.0,234573000.0,126705040.0,240410040.0,14.484760353652861,0.0,0.06469830111306385,0.6874171759924826,0.0,14.484760353652861,-0.006931114520002249,3.6231460352863802,-18.352410196987254,0.5088106271735028,0.0,0.0,0.0,0.013217302568172799,0.8276145084882431,-0.0006523423474497799,8.130456878850103,0.0,-0.4285714285714285,-1.2301428211416376,-0.15499663040929246,-0.13077973605776863,0.0,-0.4853700516351119,0.0,-3.2063669418983407,-0.1708215909650628,-0.09651502491461442,Banks—Regional,Financial Services,CCBG
2012Q1,2012,Q1,2012-03-31,2012-03-31,-1162000.0,35247000.0,0.0,-0.07,0.0,0.0,2660278000.0,250797000.0,0.0,42188000.0,2409481000.0,0.0,236299000.0,127998450.0,225332450.0,14.597345905360573,0.0,0.05559606928298471,0.5897239600154707,0.0,14.597345905360573,-0.004633229265102852,3.6314707634692316,-27.53839285714286,0.5103667507984545,0.0,0.0,0.0,0.013249367171400883,1.198610979425429,-0.0004367964551073234,10.543529654036243,0.0,-1.2479126525369302,-1.1789614214022786,-0.10691955815460093,-0.13459531000732752,0.0,-1.17196261682243,0.0,-2.780224392419175,-0.14468019113645844,-0.09361365411810654,Banks—Regional,Financial Services,CCBG
2011Q4,2011,Q4,2011-12-31,2011-12-31,-535000.0,36270000.0,0.0,-0.03114,0.0,0.0,2641312000.0,251942000.0,0.0,43372000.0,2389370000.0,0.0,237461000.0,164078550.0,259990550.0,14.663989290495314,0.0,0.057117447692661825,0.5988084559144565,0.0,14.663989290495314,-0.0021235046161418103,4.523808933002481,-76.67221962616823,0.6512552492240278,0.0,0.0,0.0,0.013731812069153512,1.26701558609241,-0.00020255085351522274,-32.222810290652006,0.0,-1.2595,-1.0647790959442283,-0.11637574939416012,-0.14512030618594973,0.0,-1.270612038442084,0.0,0.6871608407640623,-0.12030577449611272,-0.10020608915596398,Banks—Regional,Financial Services,CCBG
2011Q3,2011,Q3,2011-09-30,2011-09-30,1977000.0,37293000.0,0.0,0.12,0.0,0.0,2523972000.0,260925000.0,0.0,47508000.0,2263047000.0,0.0,237969000.0,178037760.0,280794760.0,15.212511660447761,0.0,0.06172176236503416,0.597045127910319,0.0,15.212511660447761,0.007576889910893935,4.774026224760679,22.513626707132023,0.6823330842196034,0.86848760748609,0.0,0.009644021582837259,0.014775520489133795,1.116169908225983,0.0007832891965521013,11.634933995556137,0.0,0.0,-0.7539372569710133,-0.09191568476009057,-0.11645891342759213,0.0,-0.07832167832167833,0.0,-0.5920279417998564,-0.21446402054408684,-0.12816965591585314,Banks—Regional,Financial Services,CCBG
2011Q2,2011,Q2,2011-06-30,2011-06-30,2145000.0,37887000.0,0.0,0.12,0.0,0.0,2599258000.0,260544000.0,0.0,65237000.0,2338714000.0,0.0,237709000.0,175723020.0,281489020.0,15.212471536170957,0.0,0.06821946878686148,0.6805760255465487,0.0,15.212471536170957,0.00823277450257922,4.638082191780822,20.480538461538462,0.6744466193809875,0.7981351981351982,0.0,0.009742605152130893,0.014576082866725812,1.0968315526465042,0.0008252355095184857,6.957949712928133,0.0,0.4999999999999999,-0.7193470536915317,-0.06723814108498438,-0.09074115242084453,0.0,0.6374045801526718,0.0,-0.553549054835182,-0.12185066814277579,-0.12051033149422068,Banks—Regional,Financial Services,CCBG
2011Q1,2011,Q1,2011-03-31,2011-03-31,1310000.0,39320000.0,0.0,0.08,0.0,0.0,2662494000.0,259278000.0,0.0,86650000.0,2403216000.0,0.0,237276000.0,217106960.0,364693960.0,15.142973951641164,0.0,0.07496242245052946,0.7697799273366811,0.0,15.142973951641164,0.005052491919869792,5.521540183112919,41.43262595419847,0.8373520314103009,1.3076335877862595,0.0,0.007890120150915475,0.014768108397615168,0.6001154068090018,0.0004920198881199357,7.648651048088779,0.0,-0.2727272727272727,-0.8077024000230689,0.015601696753179673,-0.09200739454506883,0.0,-0.3169968717413973,0.0,-0.8195480679377858,-0.1090704889677775,-0.1265303012577975,Banks—Regional,Financial Services,CCBG
2010Q4,2010,Q4,2010-12-31,2010-12-31,1918000.0,39093000.0,0.0,0.11,0.0,0.0,2622053000.0,259019000.0,0.0,92928000.0,2363034000.0,0.0,237679000.0,215737200.0,386243200.0,15.127847214110501,0.0,0.07853235613467767,0.7949841517417641,0.0,15.127847214110501,0.00740486219157668,5.518563425677232,28.120072992700727,0.8329010613121045,0.8915537017726799,0.0,0.007926310344252173,0.014909309613497516,0.3810476928374656,0.0007314878837308018,8.656496268357275,0.0,4.5,-0.7198871736767154,0.00713557134274665,-0.07723050937811768,0.0,3.7830423940149625,0.0,-0.7490340936248009,-0.09603581267949976,-0.11250152533992801,Banks—Regional,Financial Services,CCBG
2010Q3,2010,Q3,2010-09-30,2010-09-30,401000.0,38233000.0,0.0,0.02,0.0,0.0,2579996000.0,260689000.0,0.0,38138000.0,2319307000.0,0.0,237471000.0,207436180.0,306216180.0,15.25656932170656,0.0,0.057163266919793676,0.5657354165308087,0.0,15.25656932170656,0.001538231379152937,5.4255794732299325,129.32430174563592,0.7957227961287204,4.261845386533666,0.0,0.008238678517894034,0.014819015223279415,1.2769678535843516,0.00015542659756061637,12.172770377325275,0.0,-0.5,-0.949044197080992,-0.010849144856787046,-0.05787359456720447,0.0,-0.45143638850889195,0.0,-0.9420443492051396,-0.06414534954394292,-0.09654676044095602,Banks—Regional,Financial Services,CCBG
2010Q2,2010,Q2,2010-06-30,2010-06-30,731000.0,39043000.0,0.0,0.04,0.0,0.0,2650744000.0,261680000.0,0.0,21376000.0,2389064000.0,0.0,238779000.0,211239940.0,298727940.0,15.336107366817089,0.0,0.05276556317773425,0.5345001528584531,0.0,15.336107366817089,0.0027934882298991134,5.4104433573239765,72.24348153214774,0.8072452613879548,2.3351573187414503,0.0,0.008080858193767712,0.014729072290647457,2.4504116766467066,0.00027577163241716287,15.356203838325095,0.0,1.2,-0.8768460407543194,0.3214860435656972,0.17414856010501212,0.0,1.2110886514582733,0.0,-0.9017924154036477,-0.04947272772384166,-0.07969100159331337,Banks—Regional,Financial Services,CCBG
2010Q1,2010,Q1,2010-03-31,2010-03-31,-3463000.0,37989000.0,0.0,-0.2,0.0,0.0,2715103000.0,261959000.0,0.0,18900000.0,2453144000.0,0.0,239755000.0,243062250.0,322913250.0,15.35785894354224,0.0,0.04878857266188428,0.5056745521245691,0.0,15.35785894354224,-0.013219625972003253,6.398227118376372,-17.547087063239967,0.9278637114968373,-0.9361825007219174,0.0,0.013338146915039255,0.013991734383557455,2.783862433862434,-0.001275458058128918,18.41380681818182,0.0,-0.0020542111328223935,-1.5635188312460147,0.10690274949924186,0.04512604367846981,0.0,-0.016436747872028177,0.0,-1.5372192576128392,-0.030445849106170028,-0.08950824045989024,Banks—Regional,Financial Services,CCBG
2009Q4,2009,Q4,2009-12-31,2009-12-31,-3407000.0,39703000.0,0.0,-0.19959,0.0,0.0,2708324000.0,267899000.0,0.0,35841000.0,2440425000.0,0.0,246460000.0,236068880.0,326299880.0,15.706103066189835,0.0,0.05468621922635549,0.5528501412845886,0.0,15.706103066189835,-0.012717479348560465,5.945870085383976,-17.322342236571764,0.8811861186491924,-0.9501027296742002,0.0,0.01371209962109364,0.014659619750074215,1.6148265952400882,-0.0012579735659396733,-28.743319128211372,0.0,-1.4948749999999997,-1.4868422355135107,0.13761471563452476,0.08255116590684485,0.0,-1.2896505376344085,0.0,-1.4155267838897947,-0.02570789600329717,-0.08436726771622209,Banks—Regional,Financial Services,CCBG
2009Q3,2009,Q3,2009-09-30,2009-09-30,-1488000.0,40856000.0,0.0,-0.08,0.0,0.0,2491937000.0,268415000.0,0.0,103711000.0,2223522000.0,0.0,253104000.0,241740800.0,379728800.0,15.766858552631579,0.0,0.08718639355649842,0.8094294283106384,0.0,15.766858552631579,-0.0055436544157368255,5.916898374779714,-40.615053763440855,0.9006232885643499,-2.174731182795699,0.0,0.013386238483532776,0.016395278050769343,0.764383720145404,-0.0005971258502923629,18.049787202269844,0.0,-3.0,-1.1341400860676045,0.02243280998807928,0.1950019846715713,0.0,-2.9224806201550386,0.0,-1.1865929712674546,0.0023233679446773518,-0.08426250389374983,Banks—Regional,Financial Services,CCBG
2009Q2,2009,Q2,2009-06-30,2009-06-30,774000.0,41729000.0,0.0,0.04,0.0,0.0,2525839000.0,272706000.0,0.0,73989000.0,2253133000.0,0.0,257828000.0,286618500.0,383454500.0,16.0320987654321,0.0,0.07491768081813607,0.6938974573350055,0.0,16.0320987654321,0.002838221381267739,6.8685686213424715,92.57703488372094,1.0510164792853842,4.177002583979328,0.0,0.01127980224584247,0.01652084713237859,1.2487531930422089,0.00030643283281317615,15.381480090157776,0.0,0.0,-0.8828141760838021,0.2690933276643008,0.268454874986468,0.0,0.19076923076923077,0.0,-0.8980328562838245,0.0344166985994819,-0.041751525183056075,Banks—Regional,Financial Services,CCBG
2009Q1,2009,Q1,2009-03-31,2009-03-31,650000.0,41037000.0,0.0,0.04,0.0,0.0,2499379000.0,275544000.0,0.0,68193000.0,2223835000.0,0.0,260287000.0,196071752.88000003,295041752.88,16.10499316509196,0.0,0.07382953925755158,0.6696861481287925,0.0,16.10499316509196,0.0023589698922858054,4.77792608816434,75.41221264615386,0.7115805565717273,5.004615384615384,0.0,0.016590865090041314,0.016418878449406833,1.2546449049022628,0.0002600646000466516,17.732816575924755,0.0,1.4023740066391712,-0.8700632425478108,0.35368927122218075,0.29021886104593064,0.0,1.381679389312977,0.0,-0.9045139333547999,0.060741576809318173,-0.03432345908375048,Banks—Regional,Financial Services,CCBG
2008Q4,2008,Q4,2009-03-13,2008-12-31,-1703000.0,41058000.0,0.0,-0.09941,0.0,0.0,2488699000.0,278830000.0,0.0,62044000.0,2209869000.0,0.0,262890000.0,466055370.71999997,554313370.72,16.29705326271881,0.0,0.07088080961176904,0.6326471326614783,0.0,16.29705326271881,-0.006107664168131119,11.351146444541866,-68.41681895478567,1.6714678145106336,-1.9142689371697006,0.0,0.006994877014213329,0.01649777654911261,1.420653084907485,-0.0006842932793399282,-67.92819861827722,0.0,-1.3427931034482758,-1.270683247052394,0.3071221442457044,0.3321218842258124,0.0,-1.3520049607275735,0.0,-1.2488989815664242,0.05854860705153063,-0.0059111964159957115,Banks—Regional,Financial Services,CCBG
2008Q3,2008,Q3,2008-11-10,2008-09-30,4838000.0,47397000.0,0.0,0.29,0.0,0.0,2454450000.0,298795000.0,0.0,47069000.0,2155655000.0,0.0,267853000.0,536836365.45000005,628804365.45,17.448935751861704,0.0,0.06642221271567969,0.5456249267892702,0.0,17.448935751861704,0.016191703341756052,11.326378577758087,27.740614171661846,1.7966711807426496,0.6523356758991319,0.0,0.005878886385341092,0.019310639858216707,1.5097410185047484,0.0019711136914583715,54.434837299736365,0.0,0.035714285714285546,-0.25838286994167337,0.4024437398583906,0.4498958354978486,0.0,0.0058212058212058215,0.0,-0.38655366259142737,0.2235914820004345,0.07750981048801243,Banks—Regional,Financial Services,CCBG
2008Q2,2008,Q2,2008-08-08,2008-06-30,4810000.0,43193000.0,0.0,0.28,0.0,0.0,2649415000.0,296580000.0,0.0,51783000.0,2352835000.0,0.0,266171000.0,373105555.20000005,415960555.20000005,17.296930345999844,0.0,0.057192625541864904,0.5109144244386,0.0,17.296930345999844,0.016218221053341426,8.638102359178571,19.392180623700625,1.2580266882460045,0.6322245322245322,0.0,0.008150508502533278,0.016302844212779048,2.098603788888245,0.0018154951187337582,32.42422483705571,0.0,-0.33333333333333326,-0.2807656597949309,0.2948978737280858,0.46108396829979975,0.0,-0.3392857142857143,0.0,-0.1935849129408754,0.45484034385128713,0.3242712361244667,Banks—Regional,Financial Services,CCBG
2008Q1,2008,Q1,2008-05-09,2008-03-31,7280000.0,44258000.0,0.0,0.42,0.0,0.0,2692512000.0,297673000.0,0.0,61781000.0,2394839000.0,0.0,264538000.0,497936670.0,554922670.0,17.336576155357267,0.0,0.0573854452644965,0.5190628642839626,0.0,17.336576155357267,0.02445636654987184,11.250772063807673,17.099473557692306,1.6727639725470567,0.43585164835164836,0.0,0.006372296300250391,0.016437438347535683,1.5785597513798741,0.0027037948205987567,27.892486556128166,0.0,-0.06666666666666672,0.10037708157811126,0.35457824914328734,0.4983380134097154,0.0,-0.05010438413361169,0.0,0.17683034437301587,0.2810613418644976,0.17978080895174384,Banks—Regional,Financial Services,CCBG
2007Q4,2007,Q4,2008-03-17,2007-12-31,7664000.0,43368000.0,0.0,0.45,0.0,0.0,2616327000.0,292675000.0,0.0,53131000.0,2323652000.0,0.0,260325000.0,484543890.59999996,533855890.59999996,17.04549094566584,0.0,0.05456084044540304,0.4877389595968224,0.0,17.04549094566584,0.026186042538652088,11.172843815716657,15.805841942849685,1.6555697978986932,0.4194937369519833,0.0,0.0066351058435984754,0.016575909662668312,1.7586154975438069,0.0029292974463818932,-67.29776258333332,0.0,0.09756097560975618,0.09620692331393302,0.27795185679169443,0.5085863062018117,0.0,0.06874912843397016,0.0,0.08792297214945774,0.23443381111340808,0.17486915875444894,Banks—Regional,Financial Services,CCBG
2007Q3,2007,Q3,2007-11-09,2007-09-30,7171000.0,42341000.0,0.0,0.41,0.0,0.0,2439926000.0,299053000.0,0.0,63817000.0,2140873000.0,0.0,255876000.0,575900549.8800001,640951549.8800001,16.88694959924319,0.0,0.06411219028773824,0.5230811929657954,0.0,16.88694959924319,0.02397902712897045,13.60148673578801,20.077414233719146,1.9257474423597158,0.4368986194394087,0.0,0.005440175392527096,0.017353395143951088,1.431875519062319,0.002939023560550607,35.512150821976945,0.0,-0.046511627906976785,0.15077684038328437,0.29047458498151746,0.5298564836704789,0.0,-0.09124318844252946,0.0,-0.3785588232206214,0.01860240667215955,0.27989594241500076,Banks—Regional,Financial Services,CCBG
2007Q2,2007,Q2,2007-08-09,2007-06-30,7891000.0,43545000.0,0.0,0.43,0.0,0.0,2530748000.0,301437000.0,0.0,74307000.0,2229311000.0,0.0,251838000.0,566909949.48,649806949.48,16.66408499033281,0.0,0.07052065239209909,0.5920640133759293,0.0,16.66408499033281,0.026177940995962674,13.01894475783672,17.96064977442656,1.8806913201763553,0.4099607147383095,0.0,0.00570637365417085,0.017206375348315994,1.2861910721735503,0.0031180504736149153,104.17308884233738,0.0,0.13157894736842102,0.3231272516773214,0.3503355674968789,0.554924086066446,0.0,0.13425327008768148,0.0,0.12345423882978965,0.24532614214218076,0.31845743669897963,Banks—Regional,Financial Services,CCBG
2007Q1,2007,Q1,2007-05-09,2007-03-31,6957000.0,42287000.0,0.0,0.38,0.0,0.0,2578117000.0,310512000.0,0.0,77936000.0,2267605000.0,0.0,246959000.0,613010575.8,704479575.8,16.867652872882132,0.0,0.07125433019525491,0.5916099860874942,0.0,16.867652872882132,0.022404931210388005,14.496430955139877,22.028553104786546,1.9741928679084864,0.46571798188874514,0.0,0.005285390053461456,0.016402281199805906,1.1834453910901253,0.002698481100741355,43.54696141223272,0.0,-0.2083333333333333,0.2297819586543485,0.3577682393923141,0.6071101736827637,0.0,-0.2138094699966098,0.0,0.2925499991882386,0.2964534822080623,0.3513177966035998,Banks—Regional,Financial Services,CCBG
