Quarters,Year,Quarter,FillingDate,Date,NetIncome,Revenue,OperatingIncome,EPSDiluted,GrossProfit,GrossProfitRatio,TotalAssets,CommonStockEquity,CurrentAssets,CurrentLiability,TotalLiability,Inventory,RetainedEarnings,MarketCap,EnterpriseValue,bookValuePerShare,currentRatio,debtToAssets,debtToEquity,roic,shareholdersEquityPerShare,roe,priceToSalesRatio,peRatio,pbRatio,payoutRatio,inventoryTurnover,dividendYield,assetTurnover,quickRatio,returnOnAssets,priceToFreeCashFlowsRatio,grossProfitMargin,epsdilutedGrowth,fiveYNetIncomeGrowthPerShare,fiveYRevenueGrowthPerShare,fiveYShareholdersEquityGrowthPerShare,grossProfitGrowth,netIncomeGrowth,operatingIncomeGrowth,threeYNetIncomeGrowthPerShare,threeYRevenueGrowthPerShare,threeYShareholdersEquityGrowthPerShare,Industry,Sector,Symbol
2023Q1,2023,Q1,2023-05-02,2023-03-31,-111200000.0,814600000.0,-115000000.0,-0.31,325800000.0,0.3999508961,5831700000.0,1937700000.0,2366300000.0,969000000.0,3894000000.0,961000000.0,2741238000.0,6533709000.0,8656109000.0,5.459847844463229,2.4420020639834883,0.44311264296860264,1.333591371213294,-0.01936151688673107,5.459847844463229,-0.05738762450327708,8.020757426958017,-14.689093974820143,3.371888837281313,0.0,0.508636836628512,0.0,0.13968482603700463,1.171826625386997,-0.019068196237803727,-26.24063825343786,0.3999508961453474,-13.25296442687747,0.6533043563544845,0.11593824753663862,0.9139304542173835,-0.4593428476601394,-13.219780219780219,-56.42168674698795,0.48423240652528293,0.34031172205059557,10.9963594385988,Leisure,Consumer Cyclical,MAT
2022Q4,2022,Q4,2023-02-22,2022-12-31,9100000.0,1401900000.0,2075000.0,0.0253,602600000.0,0.4298452101,6177700000.0,2056300000.0,2729000000.0,1187700000.0,4121400000.0,894100000.0,2847709000.0,6331416000.0,8242513000.0,5.794026486334179,2.2977182790266903,0.43257150719523446,1.2995657248455965,0.00026225710179870554,5.794026486334179,0.004425424305791957,4.5163107211641345,173.94,3.0790332149978115,0.0,0.89397159154457,0.0,0.22692911601405052,1.3651595520754398,0.0014730401282030529,9.61016354874208,0.42984521007204507,-0.968375,1.03138549122487,-0.15571950367321008,0.5864450968383422,-0.28846380918644465,-0.968609865470852,-0.9946985181400102,49.7985347985348,-0.07070345810694899,3.0852792127376074,Leisure,Consumer Cyclical,MAT
2022Q3,2022,Q3,2022-11-01,2022-09-30,289900000.0,1755800000.0,391400000.0,0.8,846900000.0,0.4823442306,6468200000.0,1967500000.0,3083200000.0,1576100000.0,4500700000.0,1083800000.0,2831572000.0,6713680740.0,9218680740.0,5.550524584521724,1.956221051963708,0.4412355833152964,1.450571791613723,0.0598523948761819,5.550524584521724,0.1473443456162643,3.823716106618066,5.789652242152466,3.4122900838627706,0.0,0.8386233622439565,0.0,0.2714510992238954,1.0979633272000509,0.04481926965771003,66.35776721292032,0.48234423055017656,3.444444444444445,1.4661939387789975,0.09116505606815858,0.3257567776612674,0.5429039897977773,3.3659638554216866,4.2594802332768955,3.016439708972877,0.1591237678345409,3.2418889856536897,Leisure,Consumer Cyclical,MAT
2022Q2,2022,Q2,2022-08-09,2022-06-30,66400000.0,1235700000.0,74418000.0,0.18,548900000.0,0.4442016671,6167700000.0,1728000000.0,2714400000.0,1488200000.0,4439700000.0,1177600000.0,2541690000.0,7892694809.999999,10476794810.0,4.888854938507372,1.82394839403306,0.4634790926925758,1.6542824074074074,0.01061657320854056,4.888854938507372,0.038425925925925926,6.387225710123816,29.71647142319277,4.56753171875,0.0,0.5832201086956522,0.0,0.20035021158616664,0.8491466200779465,0.010765763574752339,-24.40000745043605,0.4442016670712956,3.25531914893617,2.149431059100378,0.23090797233882676,-0.1886610850791794,0.1366742596810934,3.3684210526315788,1.7678060029010303,1.6017423506227306,0.4060370248036927,3.0135447948547123,Leisure,Consumer Cyclical,MAT
2022Q1,2022,Q1,2022-05-03,2022-03-31,15200000.0,1041300000.0,26887000.0,0.0423,482900000.0,0.463747239,6147400000.0,1618100000.0,2635700000.0,1544700000.0,4529300000.0,969200000.0,2475250000.0,7822695150.0,10154595150.0,4.59406896355919,1.7062860102285233,0.4666200344861242,1.7727581731660589,0.0021852885833405075,4.59406896355919,0.009393733391014153,7.512431719965428,128.66274917763158,4.834494252518386,0.0,0.5761452744531572,0.0,0.16938868464716791,0.9055480028484495,0.002472590038064873,-43.45193411134749,0.4637472390281379,-0.9328571428571428,1.130688653276886,0.37810769707023373,-0.28910280210328426,-0.45390662018068917,-0.9324846535840877,-0.8955747331790147,1.0812520998283561,0.4836939590294952,2.064679565945039,Leisure,Consumer Cyclical,MAT
2021Q4,2021,Q4,2022-02-28,2021-12-31,225134000.0,1794890000.0,257476000.0,0.63,884281000.0,0.4926658458,6393894000.0,1568849000.0,2874529000.0,1598253000.0,4825045000.0,777184000.0,2456597000.0,7569716000.0,9692934000.0,4.468382227285674,1.7985444106784094,0.44646001325639745,1.8195619846141982,0.055834450619106524,4.468382227285674,0.1435026570434758,4.217370423814272,8.405789440955164,4.825012477300237,0.0,1.171677492073949,0.0,0.28071938633952953,1.1287612161528868,0.035210780785543204,10.734216776919858,0.49266584581784956,-0.7248908296943232,0.26404390308992937,-0.04494788387328686,-0.36401443764809255,0.04954310720334608,-0.7168396480336471,-0.3382338578265317,13.864305404651832,0.1594215060086681,1.307394316316249,Leisure,Consumer Cyclical,MAT
2021Q3,2021,Q3,2021-11-04,2021-09-30,795076000.0,1762293000.0,389074000.0,2.29,842539000.0,0.4780924625,6263035000.0,1313678000.0,2715151000.0,1686836000.0,4949357000.0,854477000.0,2230764000.0,6503424000.0,9409689000.0,3.7490810502283103,1.6096117227756581,0.48774643603300954,2.3253590301428506,0.19498075570206302,3.7490810502283103,0.6052289830536859,3.6903193736796323,2.0449063988851375,4.950546480948908,0.0,1.0763940983783062,0.0,0.28138003380150356,0.9404660559769888,0.12694739850567657,-118.15169958032811,0.4780924624906301,84.27272727272727,2.2847236355729508,-0.04206382356626715,-0.46915732478391287,0.7264966547473899,83.84630613733458,6.917663817663818,123.79608098185882,0.20808830831450936,0.9425000381568136,Leisure,Consumer Cyclical,MAT
2021Q2,2021,Q2,2021-08-09,2021-06-30,-9597000.0,1026366000.0,49140000.0,-0.0275,488005000.0,0.4754687899,5241058000.0,527719000.0,2173829000.0,1122390000.0,4713339000.0,818037000.0,1435688000.0,7022940000.000001,9855105000.0,1.5103577561534058,1.936785787471378,0.6137898111411856,6.0958729930133275,-0.010356118787567193,1.5103577561534058,-0.01818581479916395,6.842529857770036,-182.94623319787434,13.308105260564808,0.0,0.6581132638254749,0.0,0.19583183395413675,1.0413733194344212,-0.001831118831350464,-28.721449048949165,0.47546878988586916,0.9191176470588235,0.510121912456212,0.04609032802873518,-0.7771354991511029,0.1931545901751572,0.9185611364272803,0.5832205683355887,0.9607160618113303,0.20395047238565905,-0.21616287903181738,Leisure,Consumer Cyclical,MAT
2021Q1,2021,Q1,2021-04-29,2021-03-31,-117843000.0,874192000.0,31038000.0,-0.34,409004000.0,0.4678651829,5102316000.0,473931000.0,2092901000.0,1082572000.0,4628385000.0,609835000.0,1424591000.0,6952080000.000001,9504277000.0,1.357968481375358,1.9332672561270752,0.6207837774061818,6.683325209787923,0.009445224220713236,1.357968481375358,-0.24865011995417055,7.9525779233852525,-14.74860619637993,14.668970799546772,0.0,0.7628096124361508,0.0,0.17133239101615816,1.1970381646671076,-0.023095982295098932,-97.20062077932974,0.46786518293464135,-1.9189189189189189,-0.5753934727480297,-0.01926468052391148,-0.8132403798360597,-0.5102798322275823,-1.9026863888101604,-0.8389142619887897,0.626381855013846,0.2178201546183859,-0.5239689261657163,Leisure,Consumer Cyclical,MAT
2020Q4,2020,Q4,2021-02-25,2020-12-31,130547000.0,1625763000.0,192680000.0,0.37,835179000.0,0.5137150987,5521089000.0,596343000.0,2482890000.0,1355379000.0,4924746000.0,514673000.0,1539809000.0,6067365000.0,8489691000.0,1.7151078515962037,1.8318787586350387,0.5767930928119435,5.340091189131087,0.039617773050324954,1.7151078515962037,0.21891260566486065,3.7320107543350414,11.61911993381694,10.174287280977557,0.0,1.5360899056293997,0.0,0.29446418994513585,1.3252130953777503,0.02364515406290317,8.776200814935567,0.5137150986951973,-0.5934065934065934,-0.40704184772929247,-0.20548606839449393,-0.7786792888295659,0.0033578252345071507,-0.586868738014013,-0.4984342339199858,1.459574308870841,-0.000625496984320908,-0.5303914388152475,Leisure,Consumer Cyclical,MAT
2020Q3,2020,Q3,2020-11-03,2020-09-30,315994000.0,1631691000.0,384157000.0,0.91,832384000.0,0.5101358039,5604095000.0,404507000.0,2599863000.0,1658421000.0,5199588000.0,663639000.0,1409262000.0,4066919999.9999995,7204581000.0,1.1637140391254315,1.5676737089074486,0.6405722957944147,8.874575718096349,0.08289843277658628,1.1637140391254315,0.7811830203185606,2.492457211567631,3.217561092932144,10.054016370544886,0.0,1.2044304207558627,0.0,0.2911604817548596,1.0722820080064108,0.05638626754186001,-3341.7584223500407,0.5101358038991451,3.935483870967742,0.378738408856115,-0.110922257101069,-0.8464763768596308,1.5943250386475838,3.894460117978969,9.222890534697546,1.5182009281329882,0.03408030237418777,-0.7220439705947092,Leisure,Consumer Cyclical,MAT
2020Q2,2020,Q2,2020-08-10,2020-06-30,-109172000.0,732136000.0,-46718000.0,-0.31,320848000.0,0.4382355191,4992680000.0,86148000.0,2026069000.0,1381585000.0,4906532000.0,702592000.0,1093268000.0,3354523000.0,6390221000.0,0.24833669645430959,1.4664816135091219,0.7004764975924754,40.5958931141756,-0.013824276163362736,0.24833669645430959,-1.2672609927102196,4.58183042494837,-7.6817384494192655,38.93906997260529,0.0,0.5853866824558207,0.0,0.1466418837177628,0.8049153689421932,-0.02186641242779429,-10.702690889135622,0.438235519083886,0.4918032786885246,-8.393257861981496,-0.27638575127239856,-0.9671915154658598,0.25732513529506273,0.48196126999492267,0.6881516587677725,-0.9255659714274587,-0.25691826373253296,-0.9587868266965236,Leisure,Consumer Cyclical,MAT
2020Q1,2020,Q1,2020-05-06,2020-03-31,-210741000.0,594069000.0,-149810000.0,-0.61,255183000.0,0.4295511127,4804352000.0,157883000.0,1807090000.0,1125984000.0,4646469000.0,560645000.0,1202440000.0,3056189000.0,5896584000.0,0.45512539636782934,1.6048984710262313,0.6951618032983429,21.153651754780437,-0.04136164058255207,0.45512539636782934,-1.3347922195549868,5.144501732963679,-3.6255273060296767,19.357302559490257,0.0,0.6044573660694379,0.0,0.12365226361432301,0.9129161693238981,-0.043864604425321044,-14.567501608713268,0.4295511127495291,-1017.6666666666669,-2.535740377548733,-0.3716003114574599,-0.9422099399094116,-0.6421889065562875,-1205.2342857142858,-3.2167801124593076,-0.8396994519877538,-0.20173382341028417,-0.9295728097388294,Leisure,Consumer Cyclical,MAT
2019Q4,2019,Q4,2020-02-25,2019-12-31,175000.0,1473705000.0,67580000.0,0.0006,713178000.0,0.4839353873,5325226000.0,491714000.0,2247974000.0,1276907000.0,4833512000.0,495504000.0,1413181000.0,4697785000.0,7259454000.0,1.4182693971733487,1.7604837313915578,0.5993490229334868,6.490905282338921,0.00031974004632069424,1.4182693971733487,0.00035589794067283014,3.187737708700181,6711.1214285714295,9.553897184135494,0.0,1.5348554199360651,0.0,0.27674036745107156,1.2266821311183977,3.286245503946687e-05,7.18356390193329,0.48393538734007147,-0.9970000000000001,-0.9988607392801323,-0.278611323463553,-0.8372564227841712,0.03897136913320717,-0.9975211060116721,-0.5497278245284402,-0.9990049701552021,-0.20589710727812954,-0.7981374881898333,Leisure,Consumer Cyclical,MAT
2019Q3,2019,Q3,2019-11-12,2019-09-30,70596000.0,1481557000.0,150087000.0,0.2,686427000.0,0.4633146075,5527581000.0,453658000.0,2436997000.0,1523548000.0,5073923000.0,701567000.0,1402908000.0,3948913000.0,7164591000.0,1.3085030285549466,1.5995538046717268,0.6212439039789738,7.569525942450039,0.02454019127293479,1.3085030285549466,0.15561502277045705,2.6653804072337413,13.984195280185848,8.704603467810553,0.0,1.133362886224694,0.0,0.26802990313484326,0.9908142047378882,0.012771590321335862,-28.078563403916437,0.46331460753788073,1.6451612903225807,-0.7921653522483103,-0.2839847007656979,-0.8555365199774302,1.0107181355892485,1.6537453582375656,4.026557773744707,-0.705231859573942,-0.1860699568296243,-0.8147254650138439,Leisure,Consumer Cyclical,MAT
2019Q2,2019,Q2,2019-07-26,2019-06-30,-107987000.0,860063000.0,-49590000.0,-0.31,341384000.0,0.3969290622,5046629000.0,421337000.0,1915522000.0,1074580000.0,4625292000.0,722394000.0,1337552000.0,3946719000.0,7012806000.0,1.2180890430760336,1.7825773790690316,0.6460177675038129,7.737777598454444,-0.013827431188217994,1.2180890430760336,-0.25629602906936727,4.5888719779830085,-9.137023438006427,9.36713129869914,0.0,0.7180001495029028,0.0,0.1704232666994146,0.8839016173760911,-0.021397847949591698,-17.02823427893431,0.39692906217335244,0.41509433962264153,-4.733070504130213,-0.20719324496932973,-0.8602211100443078,0.42367905250427457,0.41221328340173524,0.6213318672256203,-4.567962910747804,-0.11453880511469254,-0.8202619177683899,Leisure,Consumer Cyclical,MAT
2019Q1,2019,Q1,2019-04-26,2019-03-31,-183718000.0,689246000.0,-130959000.0,-0.53,239790000.0,0.3479019102,5082367000.0,518517000.0,1895086000.0,1006269000.0,4563850000.0,615828000.0,1445539000.0,4531290000.0,7376541000.0,1.4990372940156114,1.883279719438838,0.6346172954452128,6.220351502457971,-0.03292431753671078,1.4990372940156114,-0.3543143233490898,6.5742710149931955,-6.1660942313763485,8.738942021187349,0.0,0.7298401501718013,0.0,0.1356151572682571,0.9983254974564455,-0.0361481175995358,-20.88874034804656,0.3479019102033236,-14.250000000000002,-15.107198859718855,-0.28355044909116495,-0.8353619383968259,-0.6620743692872262,-13.319318715214914,-2.2194597312623965,-1.4780600458507782,-0.21982126733192586,-0.7938393714717209,Leisure,Consumer Cyclical,MAT
2018Q4,2018,Q4,2019-02-22,2018-12-31,14913000.0,1524281000.0,107391000.0,0.04,709594000.0,0.4655270255,5243465000.0,669465000.0,2352440000.0,1252608000.0,4574000000.0,542889000.0,1629257000.0,3453543000.0,5714961000.0,1.9365490309516922,1.8780336705497649,0.544658732345882,4.2659422075836675,0.00810153666269105,1.9365490309516922,0.02227599650467164,2.265686576162794,57.89484007242003,5.15866102036701,0.0,1.5006511459985374,0.0,0.2907010917399086,1.2490451921111791,0.0028441116704316705,5.210118985657454,0.46552702552875747,1.0,-0.9602551721925998,-0.2901671798360536,-0.7973851988139333,0.15747011692243448,1.3754380375915898,-0.11883584685823063,-0.931871711752757,-0.2507709141239271,-0.7501041066614216,Leisure,Consumer Cyclical,MAT
2018Q3,2018,Q3,2018-10-25,2018-09-30,6278000.0,1437451000.0,121874000.0,0.02,613056000.0,0.4264882768,5481845000.0,666410000.0,2535136000.0,1494003000.0,4815435000.0,726012000.0,1614343000.0,5503842900.0,8419614900.0,1.9300288167745485,1.6968747720051431,0.5700493173375022,4.6891883375099415,0.0027800448234538973,1.9300288167745485,0.009420626941372428,3.8288907934948737,219.17182621854093,8.258944043456731,0.0,1.135511534244613,0.0,0.262220292620459,1.0187944736389418,0.0011452348616204945,-26.50104437510834,0.42648827681778373,1.0285714285714287,-0.9852379916367476,-0.35241842735349005,-0.7797401366749334,1.4212131025821282,1.0260572529064338,1.644184977086648,-0.9724243089293456,-0.2115086645307102,-0.7453798727570297,Leisure,Consumer Cyclical,MAT
2018Q2,2018,Q2,2018-07-25,2018-06-30,-240931000.0,840748000.0,-189191000.0,-0.7,253202000.0,0.3011627741,5053442000.0,663971000.0,2051255000.0,1097445000.0,4389471000.0,715288000.0,1608025000.0,5658069280.000001,8357640280.000001,1.9268770459452558,1.8691187257675783,0.5794420911529211,4.41009773017195,-0.05422283837484547,1.9268770459452558,-0.36286373953079276,6.72980403164801,-5.871047395312352,8.521560851302242,0.0,0.8214117949692991,0.0,0.166371356394315,0.9191075634769852,-0.04767661328654806,-18.03477909419216,0.30116277410115755,0.2222222222222223,-4.303983404073507,-0.2766569894130426,-0.7713956968857136,0.15684438007428966,0.22593195888874967,0.3159653049197161,-19.869250550614325,-0.16345292992323046,-0.745434659219944,Leisure,Consumer Cyclical,MAT
2018Q1,2018,Q1,2018-04-26,2018-03-31,-311253000.0,708372000.0,-276581000.0,-0.9,218873000.0,0.3089803098,5304090000.0,982466000.0,2221670000.0,987179000.0,4321624000.0,677732000.0,1848957000.0,4528860000.0,6873907000.0,2.8526887340301976,2.250523967791049,0.5414257676623134,2.9230232903734072,-0.0711539868139591,2.8526887340301976,-0.31680790989204716,6.3933357049685755,-3.637603492978381,4.609686238505963,0.0,0.7222604215235521,0.0,0.13355203248813652,1.2184649389826971,-0.05868169657754676,-14.101174148189894,0.30898030978073665,-0.09756097560975618,-9.07983756756407,-0.28870826705225694,-0.677782101652983,-0.5579546670921381,-0.10654749842685125,-0.09398386203623131,-4.26000351923743,-0.245252619895657,-0.6377766332641358,Leisure,Consumer Cyclical,MAT
2017Q4,2017,Q4,2018-02-27,2017-12-31,-281283000.0,1610873000.0,-252820000.0,-0.82,495137000.0,0.3073718412,6238503000.0,1257455000.0,3111588000.0,1623803000.0,4981048000.0,600704000.0,2179358000.0,5295334000.0,7339232000.0,3.6522073772872496,1.9162349127326406,0.5006199403927513,2.4836825174658337,-0.046805805354121065,3.6522073772872496,-0.2236922991280006,3.2872448666033884,-4.706411336625392,4.211151890127281,0.0,1.8573806733432772,0.0,0.258214671051693,1.3596667822389785,-0.0450882206837121,8.138904429620977,0.30737184123143163,0.5314285714285715,-1.9159198660089325,-0.2873822625806905,-0.5908443260560009,-0.23489490055613158,0.533718360804115,-3.949989498494784,-2.8439340301592466,-0.20597004741580102,-0.5809165067663664,Leisure,Consumer Cyclical,MAT
2017Q3,2017,Q3,2017-10-26,2017-09-30,-603247000.0,1560983000.0,85702000.0,-1.75,647149000.0,0.4145778654,6199684000.0,1439675000.0,3030159000.0,2297278000.0,4760009000.0,989995000.0,2460224000.0,5323107600.0,8010852600.0,4.186683921249309,1.3190214680156254,0.46277407042036334,1.9928476913192215,-0.19585686057407417,4.186683921249309,-0.4190160973830899,3.410099661559415,-2.2060232375793003,3.6974369909875495,-0.08544758614630492,0.9230693084308507,0.00968344130409838,0.2517842844893385,0.7345445348799754,-0.09730286253299361,-19.185619185952216,0.4145778653579187,-9.9375,-2.6424112737814807,-0.2515131802333542,-0.5060509462170625,0.618823558840819,-9.75786000891663,2.652500867687324,-2.7905752578349126,-0.239390643184418,-0.5377749108566041,Leisure,Consumer Cyclical,MAT
2017Q2,2017,Q2,2017-08-02,2017-06-30,-56075000.0,974477000.0,-51862000.0,-0.16,399765000.0,0.4102354391,6167882000.0,2067405000.0,2502628000.0,1762500000.0,4100477000.0,935933000.0,3114931000.0,7386943000.0,9754010000.0,6.025663071990674,1.419930780141844,0.42842291729965004,1.2781540143319765,-0.008373154371246614,6.025663071990674,-0.02712337447186207,7.580418008839613,-32.93331698617922,3.5730507568667,-2.3236379848417297,0.6140525016213767,0.017638961069552046,0.15799216003159594,0.6769060992907802,-0.009091451490154967,-23.26105357294681,0.4102354391124675,0.5151515151515151,-1.5797336738583512,-0.16341122417818016,-0.2062119399948059,0.43399048705421517,0.5047734277715467,0.5917278080423214,-2.954311746155388,-0.09439562003198182,-0.30853946988726966,Leisure,Consumer Cyclical,MAT
2017Q1,2017,Q1,2017-04-27,2017-03-31,-113231000.0,735618000.0,-127028000.0,-0.33,278778000.0,0.3789711508,5920929000.0,2215941000.0,2321365000.0,1371044000.0,3704988000.0,769799000.0,3301875000.0,8781669000.0,10714764000.0,6.462353455818023,1.6931367629339393,0.3909829015007611,1.0446947820361643,-0.02179239789792751,6.462353455818023,-0.05109838213201525,11.93781147280246,-19.3888356545469,3.962952533483518,-1.1492347502009168,0.5934536158139982,0.014818253796630232,0.12424030080414745,0.8669940570835072,-0.01912385708391369,-23.086993556324977,0.3789711507875011,-1.6600000000000001,-15.302743637225873,-0.21647185843265349,-0.17027222990377777,-0.6763618717697484,-1.651333084069142,-1.4836527149019771,-9.014210850671658,-0.22865834586608574,-0.29024491211265874,Leisure,Consumer Cyclical,MAT
2016Q4,2016,Q4,2017-02-23,2016-12-31,173845000.0,1834400000.0,262643000.0,0.5,861388000.0,0.4695747928,6493794000.0,2407782000.0,2940064000.0,1505573000.0,4086012000.0,613798000.0,3545359000.0,9441385000.0,10898293000.0,7.025917712284797,1.9527874105074945,0.3582557438686845,0.9662166259237754,0.04036282547015828,7.025917712284797,0.07220130393864561,5.146851831661579,13.577303057321178,3.921195938834994,0.747855848600765,1.5852316234331165,0.01377033136557825,0.2824850926900361,1.3182675300367368,0.02677094468965292,11.202269787971192,0.46957479284779763,-0.26470588235294124,-0.5358082382681422,-0.15722502760205906,-0.0873799286081512,-0.010768691897354625,-0.26414814814814813,-0.1725068998979193,-0.5326275793583232,-0.13827169902875697,-0.26490117333891583,Leisure,Consumer Cyclical,MAT
2016Q3,2016,Q3,2016-10-27,2016-09-30,236250000.0,1795575000.0,317396000.0,0.68,870765000.0,0.4849505033,6648867000.0,2415378000.0,3078805000.0,1645566000.0,4233489000.0,910546000.0,3502076000.0,10355760000.0,12492160000.0,7.062508771929824,1.8709702315191248,0.3660005531769548,1.0074982052498616,0.052594981249395927,7.062508771929824,0.09781077744353057,5.7673781379223925,10.95847619047619,4.287428303147582,0.5499555555555555,1.0156653260790778,0.01254635101624603,0.2700572894599937,1.1095860026276674,0.03553236965034794,-65.29894697017467,0.4849505033206633,13.121212121212123,-0.21182550451828971,-0.09850344055419614,-0.002731541380792204,1.008374714865292,13.360050224965994,45.52805836139169,-0.43914892223985313,-0.1833112206841356,-0.19400829494502844,Leisure,Consumer Cyclical,MAT
2016Q2,2016,Q2,2016-07-28,2016-06-30,-19114000.0,957276000.0,-7128000.0,-0.0561,433567000.0,0.4529174449,5931567000.0,2310287000.0,2365892000.0,1373232000.0,3621280000.0,891816000.0,3396027000.0,10666761000.0,12502091000.0,6.777022587268994,1.72286401715078,0.3629956468501494,0.9319764167828499,-0.0010259716307934755,6.777022587268994,-0.008273430963339186,11.142827147029697,-139.51502825154336,4.617071818349841,-6.769331380140211,0.587238847475264,0.01213011147432665,0.16138669596078067,0.8100619560278234,-0.0032224199777225815,-49.07823154291393,0.45291744491661756,0.7328571428571428,-1.2416723070791778,-0.16095910119684242,-0.04644742659626698,0.11551157662907703,0.7380172425608904,0.8549627640092785,-1.2649505726471444,-0.16750099302217222,-0.19597541056783033,Leisure,Consumer Cyclical,MAT
2016Q1,2016,Q1,2016-04-28,2016-03-31,-72959000.0,869399000.0,-49146000.0,-0.21,388671000.0,0.447057105,5968945000.0,2475120000.0,2395957000.0,1234125000.0,3493825000.0,698316000.0,3542486000.0,11444248000.0,12929967000.0,7.271210340775558,1.941421655018738,0.34937949671173046,0.8425559164808171,-0.008410775780048306,7.271210340775558,-0.029476954652703707,13.163401384174586,-39.21465480612398,4.623714405766185,-1.7708850176126318,0.6884104044587265,0.011289688933689658,0.14565371267451785,1.0920952091562848,-0.012223098051665746,-85.04814137720902,0.4470571049656142,-1.3333333333333333,-5.5055517731150845,-0.0632834749036583,0.008328601609965205,-0.6126672347040973,-1.3390918386317159,-1.1671331358632628,-2.916203142899242,-0.11675924075015459,-0.17869969951688522,Leisure,Consumer Cyclical,MAT
2015Q4,2015,Q4,2016-02-25,2015-12-31,215160000.0,1999744000.0,294053000.0,0.63,1003455000.0,0.5017917293,6552689000.0,2633254000.0,3196863000.0,1645572000.0,3919435000.0,587521000.0,3745815000.0,9232366000.0,10456466000.0,7.7494231901118305,1.9427062443940466,0.3230603497281803,0.8039156116348821,0.049180828785292396,7.7494231901118305,0.08170879072053057,4.616773947065225,10.727326175869122,3.5060673979798382,0.5994190369957241,1.695750449771157,0.013969441852716842,0.3051791409602989,1.2384222628970352,0.03283537491249775,10.571560743415079,0.5017917293413557,-0.04545454545454549,-0.32023493536550146,-0.03298524078472332,0.029194286987990543,0.14081221286566462,-0.03853716083366103,-0.02234243100278283,-0.29011307494435673,-0.10363812534480585,-0.13183449336806868,Leisure,Consumer Cyclical,MAT
2015Q3,2015,Q3,2015-10-27,2015-09-30,223784000.0,1791968000.0,300773000.0,0.66,879597000.0,0.4908553055,6649530000.0,2572663000.0,3183219000.0,1441598000.0,4076867000.0,870785000.0,3660796000.0,7147764000.0,9119075000.0,7.580032410135534,2.208118351995494,0.3400252348662236,0.87885898774927,0.04866466495829484,7.580032410135534,0.08698535330900316,3.9887788174788836,7.985115110999892,2.7783522365735425,0.576095699424445,1.047756908995906,0.018036549611878623,0.2694879186950055,1.2076508152758259,0.033654107884316636,-186.46016591015808,0.49085530545188305,20.70149253731343,-0.16062776474594584,0.03864802949669877,-0.0433097591631817,0.8601715525591193,20.714914985463835,371.2438118811881,-0.38269722451863064,-0.12944004830928058,-0.10570038076502575,Leisure,Consumer Cyclical,MAT
2015Q2,2015,Q2,2015-07-28,2015-06-30,-11351000.0,988152000.0,808000.0,-0.0335,472858000.0,0.4785275949,6097802000.0,2564473000.0,2529702000.0,889674000.0,3533329000.0,853795000.0,3566687000.0,8703772000.0,10503317000.0,7.569282762691854,2.8434033140228894,0.3443863870948909,0.8188816961613555,9.881741171171573e-05,7.569282762691854,-0.004426250539584546,8.80813073292368,-191.69615011893225,3.3939807516008162,-11.333891287111268,0.6035336351231853,0.014781062739235356,0.16205052246694793,1.2404161524333632,-0.0018614904190067175,-33.12530018686751,0.47852759494490726,0.8029411764705883,-1.2356778479089325,0.03892768213639132,0.09539815367309389,0.049750470642560295,0.8048885298313767,1.0153186971523906,-1.118842200573506,-0.1409043683528003,-0.002863882689187562,Leisure,Consumer Cyclical,MAT
2015Q1,2015,Q1,2015-04-28,2015-03-31,-58177000.0,922749000.0,-52746000.0,-0.17,450448000.0,0.4881587517,6107019000.0,2666643000.0,2595220000.0,794938000.0,3440376000.0,640320000.0,3708274000.0,7737010000.000001,9154102000.0,7.875496160661547,3.2646822771084034,0.34386662297923093,0.7875069891245284,-0.00880099364370877,7.875496160661547,-0.02181656862204652,8.384739512044987,-33.24771817041099,2.9014044999649373,-2.2092923320212456,0.7376015117441279,0.016612360588909667,0.15109646785117256,1.7392689744357421,-0.009526251678601294,-84.22793877506588,0.4881587517298854,-1.3863636363636362,-3.512023228386391,0.12465503184271425,0.10200183445519961,-0.5521419630278102,-1.3880251582394567,-1.222548510816045,-8.44193487689499,-0.004671668011067247,0.011166893371341854,Leisure,Consumer Cyclical,MAT
2014Q4,2014,Q4,2015-02-25,2014-12-31,149931000.0,1993966000.0,237009000.0,0.44,1005783000.0,0.504413315,6722046000.0,2949071000.0,3185951000.0,1088949000.0,3772975000.0,562047000.0,3896261000.0,10471788000.0,11600138000.0,8.714748817966903,2.9257118561108,0.3124048838701788,0.712088654359288,0.03250444595142176,8.714748817966903,0.050840078112734485,5.251738495039534,17.461012065550154,3.5508768693598762,0.8567474371544244,1.7581857033308603,0.01226657758923309,0.2966308174624214,1.8961677727790742,0.022304369830257038,11.086618608152301,0.5044133149712683,-0.5463917525773196,-0.5099599820212931,0.09460654032937366,0.25057705532721763,-0.015037144832529981,-0.5481774129389216,-0.4211937608522049,-0.5945751059632767,-0.07227536935009453,0.1319880212244362,Leisure,Consumer Cyclical,MAT
2014Q3,2014,Q3,2014-10-28,2014-09-30,331836000.0,2021424000.0,409479000.0,0.97,1021138000.0,0.5051577502,6883518000.0,3067834000.0,3322975000.0,1210934000.0,3815684000.0,826841000.0,3876423000.0,10381155000.0,12271483000.0,9.057673457336877,2.7441421250043354,0.31270347517069036,0.7016350949888422,0.06603318697528524,9.057673457336877,0.10816621759847501,5.13556532424667,7.820998173796695,3.3838711612166756,0.38781506527320725,1.2097682625801092,0.012396597488429755,0.2936614678715157,1.6123595505617978,0.048207326544362925,-80.55900018624286,0.505157750180071,11.125,0.5379614150003101,0.2017137755522896,0.3584450680871602,1.0730819984976754,10.715304501323919,88.13343491510666,0.1178537018618994,0.024775775506943654,0.27899763939071437,Leisure,Consumer Cyclical,MAT
2014Q2,2014,Q2,2014-07-29,2014-06-30,28325000.0,1062252000.0,4594000.0,0.08,492570000.0,0.463703528,6478496000.0,2951567000.0,2885308000.0,908630000.0,3526929000.0,885359000.0,3674348000.0,13199139000.0,14801403000.0,8.714399173309713,3.1754487525175263,0.32731069062943,0.7184255007594271,-0.0017852151555257075,8.714399173309713,0.009596597332874369,12.425619344562307,116.49725507502207,4.471908989360567,4.531050308914387,0.643447460295767,0.00972351302611481,0.16396583404543277,1.5375620439562858,0.0043721567474920104,-64.60096026781781,0.4637035279764124,3.4242424242424243,0.3976400603321137,0.25283303083430464,0.4410956158116472,0.022924796119045295,3.5249598858976645,-0.26117722740431004,-0.6395400405958206,-0.06290132860542397,0.2261487475321313,Leisure,Consumer Cyclical,MAT
2014Q1,2014,Q1,2014-04-29,2014-03-31,-11218000.0,946177000.0,6218000.0,-0.033,481531000.0,0.5089227491,5871969000.0,3097537000.0,2818579000.0,674942000.0,2774432000.0,650777000.0,3775945000.0,13645422000.0,14348168000.0,9.105047031158142,4.1760314219592205,0.27248100253935265,0.5165394311674082,0.001576155058314928,9.105047031158142,-0.0036215870867724906,14.421637811952731,-304.096585844179,4.405249073699523,-11.528525583883045,0.7139865115085505,0.009477684163963562,0.16113453596229815,2.4592720559692536,-0.0019104324290540363,814.8466499462559,0.5089227491262206,-1.0302752293577981,0.767890587502747,0.27049728535479467,0.5970922576208695,-0.581584471918001,-1.0303805832920332,-0.9870271037143209,-1.6931700496596158,0.020038759870613553,0.2626342672327931,Leisure,Consumer Cyclical,MAT
2013Q4,2013,Q4,2014-02-26,2013-12-31,369249000.0,2113216000.0,479307000.0,1.09,1150844000.0,0.5445936431,6439626000.0,3251559000.0,3377993000.0,1047440000.0,3188067000.0,568843000.0,3918122000.0,16186716000.0,16751778000.0,9.557786596119929,3.2249990452913773,0.24912595855722056,0.49338732589505524,0.07890953777744934,9.557786596119929,0.11356060277546863,7.659754610981556,10.959214513783381,4.978140024523621,0.33048159913770925,1.6918059991948569,0.007538897945698188,0.32815818806868596,2.195181585580081,0.05734013124364676,17.105757006698912,0.5445936430539993,-0.09917355371900817,1.2082413775424117,0.14915879385736078,0.6202101374112077,-0.03125978551827472,-0.12673235013102008,-0.09252236474653287,0.16521401195257643,0.020684819713175373,0.26936148919169683,Leisure,Consumer Cyclical,MAT
2013Q3,2013,Q3,2013-10-24,2013-09-30,422836000.0,2206961000.0,528175000.0,1.21,1187980000.0,0.5382877178,6696255000.0,3008169000.0,3637510000.0,1471569000.0,3688086000.0,807209000.0,3672646000.0,14377404000.0,15698757000.0,8.762508010486455,2.4718582682837162,0.2580269120575605,0.5743739796534038,0.09168258047166962,8.762508010486455,0.14056258142411546,6.514570941670469,8.500579420862936,4.779453547988827,0.2915030886679469,1.2623508905376426,0.008573035855429812,0.32958138541617665,1.5572779801694654,0.06314514605551909,-145.06365590095953,0.5382877178164907,4.761904761904762,0.8668370972885647,0.19198761506241024,0.3060516293240244,0.9799402674631005,4.764792496046245,4.572054014136512,0.5679620877515162,0.264651445397814,0.10593272499437043,Leisure,Consumer Cyclical,MAT
2013Q2,2013,Q2,2013-07-25,2013-06-30,73348000.0,1169109000.0,94790000.0,0.21,600008000.0,0.5132181858,6196392000.0,2921448000.0,3127161000.0,1038391000.0,3274944000.0,793611000.0,3374408000.0,15822290000.0,16689972000.0,8.428874783612233,3.0115447841901557,0.2728524922245074,0.5787202099780657,0.019147528969480097,8.428874783612233,0.025106727896577315,13.533631166982719,53.928839232153564,5.415906769519772,1.704286415444184,0.7171032155552279,0.007900626268384664,0.1886757648644566,1.7033525906907898,0.011837211073799075,-55.47223459045188,0.5132181858150096,0.9090909090909091,5.48822828902672,0.09540733458915725,0.3072965102108965,0.111020996165177,0.9045986860896886,0.4398991356655679,0.488633402691166,0.20152112592835558,0.21979508032370412,Leisure,Consumer Cyclical,MAT
2013Q1,2013,Q1,2013-04-22,2013-03-31,38511000.0,995606000.0,65831000.0,0.11,540051000.0,0.542434457,6193671000.0,3048188000.0,3155518000.0,898460000.0,3145483000.0,599901000.0,3427808000.0,14994264999.999998,15389748999.999998,8.85329073482428,3.5121407742136546,0.26720760595775916,0.542944201604363,0.0122052040275012,8.85329073482428,0.012634063253316397,15.06044057589046,97.3375464153099,4.919074873334584,3.2218586897250137,0.7593836316325527,0.008274963794490761,0.16074570315407455,2.237500834761703,0.006217798782014737,-129.75194918700944,0.5424344570040759,-0.8735632183908046,1.8674473120159054,0.13789826473739064,0.36909433294835,-0.5594775570932506,-0.8743441660140956,-0.8237357388233341,0.635336219475777,0.1933646905844421,0.23882260008898792,Leisure,Consumer Cyclical,MAT
2012Q4,2012,Q4,2013-02-26,2012-12-31,306480000.0,2255905000.0,373479000.0,0.87,1225933000.0,0.5434329017,6526785000.0,3067044000.0,3556805000.0,1716012000.0,3459741000.0,465057000.0,3515181000.0,12582632000.0,12756765000.0,8.926204889406286,2.072715691964858,0.23133043297733877,0.4922798629559928,0.07011850971440794,8.926204889406286,0.0999268350894216,5.57764267555593,10.263827982250064,4.102527384673973,0.3470275385016967,2.2147220663273535,0.008452683031658243,0.3456380132025185,1.4933135665717956,0.04695726916085025,9.57719369285712,0.5434329016514436,-0.1634615384615385,-0.017675262883001124,0.08519013675211375,0.3998373224866991,0.09912576174205713,-0.16247878733224572,-0.23368016299831543,-0.013449212289523435,0.2196586383937735,0.280921258777641,Leisure,Consumer Cyclical,MAT
2012Q3,2012,Q3,2012-10-24,2012-09-30,365937000.0,2077816000.0,487367000.0,1.04,1115371000.0,0.5367996974,6308849000.0,2903858000.0,3272331000.0,1653530000.0,3404991000.0,796352000.0,3316642000.0,12090354000.0,13462762000.0,8.475942790426153,1.9789970547858218,0.2622511649906346,0.5697602981963994,0.08380677992039487,8.475942790426153,0.12601752565035892,5.818779911214468,8.259860303822789,4.163548630821479,0.29026854349245906,1.2085673169653621,0.0087855161230184,0.3293494581975254,1.2765338397247101,0.0580037658216261,-134.31040458574952,0.536799697374551,2.714285714285714,0.7430321481237647,0.27442720419297323,0.3857793928276939,0.8760802796195936,2.8032073000893805,2.7081022269901776,0.6767028460928105,0.2211768033326471,0.2711986952584056,Leisure,Consumer Cyclical,MAT
2012Q2,2012,Q2,2012-07-25,2012-06-30,96218000.0,1158711000.0,131433000.0,0.28,594522000.0,0.5130891137,5579621000.0,2590816000.0,2519042000.0,1236163000.0,2988805000.0,746707000.0,3057962000.0,11071772000.0,12291763000.0,7.591022560796953,2.0377911327227882,0.2853727878649822,0.6145832046737398,0.027147548841564298,7.591022560796953,0.0371381062954683,9.555248892950873,28.767413581658314,4.2734690537653,1.0978299278721237,0.755569453614336,0.009540568573847079,0.20766840615160062,1.0953134821216943,0.01724454044459292,-36.75691862318071,0.513089113678907,13.0,3.8980035022975446,0.3415609204741742,0.10347725448953844,0.2559324504458448,11.289947630604164,3.573809855233853,3.7115158390329346,0.3561873083673778,0.2553234152271488,Leisure,Consumer Cyclical,MAT
2012Q1,2012,Q1,2012-04-25,2012-03-31,7829000.0,928449000.0,28736000.0,0.02,473371000.0,0.5098513758,5540404000.0,2641088000.0,2503971000.0,1133243000.0,2899316000.0,603736000.0,3069161000.0,11414105999.999998,12179479999.999998,7.788522559716898,2.2095622915826527,0.2797629920128568,0.5868793466934838,0.0052792264434392226,7.788522559716898,0.0029643086485569583,12.29373503552699,364.48160684634047,4.321743917658177,13.43338868310129,0.7537698596737646,0.009214037437535627,0.16757785172344833,1.3485368980880534,0.0014130738480442942,85.48355351846858,0.5098513757890848,-0.981651376146789,-0.2475585707558494,0.13530955171611483,0.1534297323337326,-0.5920495637575796,-0.9788734864818918,-0.94223989258421,1.1625137565301318,0.25073679638088947,0.36616417640262555,Leisure,Consumer Cyclical,MAT
2011Q4,2011,Q4,2012-02-23,2011-12-31,370577000.0,2153754000.0,497506000.0,1.09,1160364000.0,0.53876348,5671638000.0,2610603000.0,3443707000.0,1038928000.0,3061035000.0,487000000.0,3167996000.0,9413416000.0,9602321000.0,7.698622825125332,3.314673394113933,0.2747033573017178,0.5968038801763424,0.09432953046546097,7.698622825125332,0.14195072939087253,4.370701575017388,6.35051284888161,3.6058397236194093,0.2101668479155479,2.0398151950718684,0.008273617143872107,0.3797410906690448,2.5177875656445874,0.06533861998949862,10.007735372852201,0.5387634799517493,0.26744186046511637,0.48793770722650004,0.17424457905714474,0.23370087922367433,0.21367592885069567,0.23199188816303462,0.25136705485826394,1.2233723281355597,0.1750024471648463,0.3050497225411017,Leisure,Consumer Cyclical,MAT
2011Q3,2011,Q3,2011-10-26,2011-09-30,300795000.0,1998760000.0,397570000.0,0.86,956074000.0,0.4783335668,5201457000.0,2430492000.0,2972753000.0,1398414000.0,2770965000.0,763970000.0,2876599000.0,8885448000.0,9827713000.0,7.081853146853147,2.125803231374972,0.23009149167242948,0.49241511595183196,0.08548371735136558,7.081853146853147,0.1237588932611175,4.445480197722588,7.384969829950631,3.6558227716857328,0.2616865306936618,1.3648258439467518,0.008858754223760017,0.38426925378792903,1.3623462007674407,0.05782898906979333,-64.55617957119712,0.4783335668114231,2.7391304347826084,0.3883300829491604,0.23167854161368134,0.16594502165957387,0.7188125291015944,2.7352382371568007,2.6385184914017956,0.3284083715205827,0.0798520527947418,0.055550058272362694,Leisure,Consumer Cyclical,MAT
2011Q2,2011,Q2,2011-07-20,2011-06-30,80529000.0,1161667000.0,109267000.0,0.23,556241000.0,0.4788299917,4797698000.0,2466885000.0,2531102000.0,898565000.0,2330813000.0,783533000.0,2655469000.0,9541779000.0,10083303000.0,7.107130509939498,2.8168268294447256,0.20009596268877283,0.3891547437355207,0.027060168842029234,7.107130509939498,0.03264400245653932,8.213867657426784,29.622182691949483,3.867946418256222,0.990674167070248,0.77268730225785,0.008360914668008975,0.24213007988414445,1.591956063278672,0.016784924770171027,-39.49787852320378,0.47882999172740554,3.5999999999999996,1.396958660222074,0.3496467296822526,0.3363847864694117,0.175619839077496,3.8490997772023845,1.9726046030796016,6.1131848800525725,0.08686658729331381,0.10229741831276083,Leisure,Consumer Cyclical,MAT
2011Q1,2011,Q1,2011-04-27,2011-03-31,16607000.0,951856000.0,36758000.0,0.05,473147000.0,0.4970783396,4982057000.0,2517413000.0,2751712000.0,1040165000.0,2464644000.0,607199000.0,2656023000.0,8703063000.0,8853700000.0,7.211151532512174,2.645457211115544,0.24086436586333718,0.4766798296505182,0.007723578381145402,7.211151532512174,0.006596851609171796,9.143255912659058,131.01497862347202,3.45714549023144,4.824953332931896,0.788388979560243,0.00920687348810413,0.19105682652767722,1.738169425043142,0.0033333621032437004,-99.32849039591869,0.4970783395807769,-0.9462365591397849,-0.38700871116380803,0.3361231702931804,0.299730237673151,-0.5682862914631186,-0.9489304516827396,-0.9142386516350605,1.3689237965265126,0.07293732988469047,0.11514994739299948,Leisure,Consumer Cyclical,MAT
2010Q4,2010,Q4,2011-02-24,2010-12-31,325184000.0,2124554000.0,428608000.0,0.93,1095974000.0,0.5158607407,5417733000.0,2628584000.0,3226610000.0,1350282000.0,2789149000.0,463838000.0,2720645000.0,8877613000.0,8796490000.0,7.529601833285591,2.389582324284853,0.22149485772000946,0.4565195557760376,0.08992083609106355,7.529601833285591,0.12371071268789584,4.178577244918228,6.82506903783704,3.3773366192596472,0.0,2.217541469219857,0.0,0.3921481549570641,1.7975719146074671,0.06002215317735296,9.712116935572096,0.5158607406542738,0.20779220779220783,0.2972223022548022,0.2838013646874953,0.39278071302068623,0.16900027839079454,0.14799726048675785,0.1951225633032281,0.025853671095955055,0.005903018611429197,0.18081735746472552,Leisure,Consumer Cyclical,MAT
2010Q3,2010,Q3,2010-10-27,2010-09-30,283262000.0,1833056000.0,358631000.0,0.77,937531000.0,0.5114579151,5758800000.0,2857100000.0,3565700000.0,1445800000.0,2901700000.0,741400000.0,0.0,8459676000.0,8714676000.0,7.92318358291736,2.466247060450961,0.21106827811349588,0.42543138147072207,0.07196345775474688,7.92318358291736,0.09914318714780722,4.61506686102334,7.46629975076078,2.96093101396521,0.0,1.2078837334772052,0.0,0.31830520247273736,1.7364089085627334,0.04918767798846982,-90.83337986127515,0.5114579150882461,4.5,0.407444369027168,0.23180573590748546,0.40130255626920475,0.9148291722492728,4.4922346097915655,4.164914453597557,0.2818848868218581,0.06818215007175317,0.2954056918835728,Leisure,Consumer Cyclical,MAT
2010Q2,2010,Q2,2010-07-28,2010-06-30,51575000.0,1018503000.0,69436000.0,0.14,489616000.0,0.4807212154,4475725000.0,2506975000.0,2278003000.0,1027737000.0,1968750000.0,597614000.0,2416084000.0,7676848000.0,7841979000.0,6.910074421168688,2.2165232934106682,0.15863351747482252,0.2832098445337508,0.01793269345629532,6.910074421168688,0.020572602439194648,7.537383787774803,37.21206010664081,3.0621956740693466,0.0,0.8849976740839405,0.0,0.2275615682375481,1.3135121144806503,0.011523272765864748,-47.72556479789125,0.48072121535233575,1.0,1.6197881531306573,0.2971708657468296,0.3672205587539793,0.1337587877328344,1.0761210852588359,0.5352775996639175,1.4698524693534298,0.10934490069411235,0.004490487219561013,Leisure,Consumer Cyclical,MAT
2010Q1,2010,Q1,2010-04-28,2010-03-31,24842000.0,880082000.0,45227000.0,0.07,431852000.0,0.4906951852,4503216000.0,2595622000.0,2301315000.0,723310000.0,1907594000.0,429638000.0,2364509000.0,8259167999.999999,8137276999.999999,7.146536343612334,3.1816441083352918,0.16654764061950392,0.2889480825790504,0.010090159954153292,7.146536343612334,0.00957073102323836,9.3845437129722,83.11697930923435,3.1819610097310007,0.0,1.0432736396687443,0.0,0.19543410753559234,2.1204905227357567,0.0055165019843596225,-30.729272394445847,0.4906951852213771,-0.9222222222222223,3.3737449266767268,0.287486026300311,0.2385399255753266,-0.5864080831298185,-0.9243496082270791,-0.8916484990776454,1.2291275223237876,0.004757663822676624,0.05835573290368558,Leisure,Consumer Cyclical,MAT
2009Q4,2009,Q4,2010-02-24,2009-12-31,328379000.0,1955128000.0,417410000.0,0.9,1044150000.0,0.5340571052,4780555000.0,2530989000.0,2554619000.0,1060874000.0,2249566000.0,355663000.0,2339506000.0,7256736000.0,6891689000.0,6.96858204845815,2.4080324336349084,0.15729345232927977,0.2970973006994499,0.10515586330632311,6.96858204845815,0.12974335328995898,3.7116424090903513,5.524665097341791,2.8671543021324863,0.0,2.561351616558371,0.0,0.40897510853865293,1.7592400228490848,0.06869055998728181,5.881552552939546,0.5340571052125488,0.4285714285714286,0.32305372878374244,0.2104927856986974,0.21535104863050497,0.13665681487892098,0.42871624855335405,0.24061535900895814,0.23101576433245702,-0.004778814796188146,0.1167121698789255,Leisure,Consumer Cyclical,MAT
2009Q3,2009,Q3,2009-10-28,2009-09-30,229842000.0,1791875000.0,336454000.0,0.63,918615000.0,0.5126557377,4989067000.0,2405698000.0,2703492000.0,1336672000.0,2583369000.0,606019000.0,2286112000.0,6660368000.0,7255942000.0,6.667677383592018,2.022554523473223,0.1842613057711993,0.3821310904361229,0.07634626528563022,6.667677383592018,0.0955406705247292,3.716982490408092,7.244507096179114,2.768580262360446,0.0,1.440977923134423,0.0,0.3591603399994428,1.3272051782337029,0.046069134770088276,2826.981324278438,0.512655737704918,9.500000000000002,0.03236271245464866,0.23482784468558668,0.22968472893495193,1.2622641974092499,9.705761796078066,9.34829145264971,0.009095486723016265,0.05032858766833734,0.09775578372247412,Leisure,Consumer Cyclical,MAT
2009Q2,2009,Q2,2009-07-29,2009-06-30,21469000.0,898197000.0,32513000.0,0.06,406060000.0,0.4520834516,4477574000.0,2169687000.0,2162188000.0,1047521000.0,2307887000.0,589554000.0,2056186000.0,5758740000.0,6390265000.0,6.047065217391304,2.0640999082595957,0.2354422283138146,0.48588114322480613,0.009090769480166764,6.047065217391304,0.009894975634734411,6.411444260000868,67.05878243048116,2.6541800729782685,0.0,0.8347615315984626,0.0,0.20059902974244534,1.1167718833321718,0.004794783961136097,-32.59491951368607,0.45208345162586827,1.4285714285714286,0.0648139157932749,0.3051471575213389,0.28045403883022735,0.17401813387611603,1.4210763739065626,1.5889076056440072,-0.3818096333387613,0.00951373894973969,0.13705608022932989,Leisure,Consumer Cyclical,MAT
2009Q1,2009,Q1,2009-04-29,2009-03-31,-50986000.0,785646000.0,-55209000.0,-0.14,345872000.0,0.440238988,4105949000.0,2046043000.0,1833633000.0,770967000.0,2059906000.0,487886000.0,2034654000.0,4138013230.0,4633141230.0,5.7010150714283725,2.3783547155714837,0.2191941497568528,0.43987345329496985,-0.01459862961546566,5.7010150714283725,-0.02491931987744148,5.2670200446511535,-20.2899483681795,2.022446854733747,0.0,0.9013867993752639,0.0,0.1913433410887471,1.2584014620599844,-0.012417592132780996,-17.61313885732041,0.4402389880429608,-1.2857142857142858,-7.763928393354695,0.20021669686937668,0.10536071972964824,-0.61232326719467,-1.289034642660756,-1.2375909110470371,-2.830633224012505,0.07272753540724829,0.027544857483315574,Leisure,Consumer Cyclical,MAT
2008Q4,2008,Q4,2009-02-26,2008-12-31,176401000.0,1939957000.0,232370000.0,0.49,892166000.0,0.4598895749,4675039000.0,2117135000.0,2386850000.0,1259974000.0,2557904000.0,485925000.0,2085573000.0,5742256000.0,6024562000.0,5.899103070291537,1.8943644868862373,0.19251176300347442,0.4251027922168402,0.06018755428865639,5.899103070291537,0.08332061961093648,2.959991381252265,8.138071779638437,2.7122767324710044,0.0,2.156281319133611,0.0,0.41496060246770133,1.1835450572789596,0.03773251945063988,5.507609792404403,0.45988957487202037,-0.2575757575757576,-0.015961820068633063,0.32925658059954527,0.13969367788846748,-0.00878153921361672,-0.25912439415702776,0.06012080732873463,-0.31549982779197105,0.14027458299747608,0.09118080375811753,Leisure,Consumer Cyclical,MAT
2008Q3,2008,Q3,2008-10-24,2008-09-30,238098000.0,1946315000.0,219192000.0,0.66,900070000.0,0.4624482676,5523790000.0,2421208000.0,3215538000.0,1951135000.0,3102582000.0,751133000.0,2180849000.0,6510293240.0,7501801240.0,6.709158974842122,1.6480346054988506,0.2603849892917725,0.5940472689665655,0.04403074372795749,6.709158974842122,0.09833851531962558,3.3449329836126216,6.835728607548153,2.688861609576707,0.0,1.3928891421359466,0.0,0.35235137469020367,1.1068552406676113,0.04310410062656256,-33.3346641338242,0.46244826762368885,21.0,0.0733815775783067,0.38990080681023914,0.2625942790383965,0.8170971506094877,19.20690825765934,6.161265028750654,0.18211675483585946,0.3068968877526094,0.18658889112866375,Leisure,Consumer Cyclical,MAT
2008Q2,2008,Q2,2008-07-24,2008-06-30,11783000.0,1112431000.0,30608000.0,0.03,495334000.0,0.4452716618,4633140000.0,2329259000.0,2377904000.0,1161591000.0,2303881000.0,676108000.0,1942696000.0,6184805440.0,6817385440.0,6.447561603489988,2.0471095247810975,0.2195027562301161,0.43661396177926115,0.007217485170328084,6.447561603489988,0.005058690338858839,5.559720504013282,131.2230637358907,2.655267379024832,0.0,0.912719565513202,0.0,0.2401030402707451,1.1724057779373291,0.0025431996443017048,-19.78245156585349,0.44527166179295613,1.2307692307692308,-0.3135482062252608,0.7606957471733737,0.35457311108461576,0.2482083278734792,1.2526047249496206,2.473663938372653,1.1422017392487536,0.42282980031181716,0.27570822553216134,Leisure,Consumer Cyclical,MAT
2008Q1,2008,Q1,2008-04-25,2008-03-31,-46646000.0,919299000.0,-20770000.0,-0.13,396836000.0,0.4316723939,4441492000.0,2339274000.0,2201753000.0,826514000.0,2102218000.0,534158000.0,1930838000.0,7198844899.999999,7483981899.999999,6.466530845802776,2.6639028498004875,0.20488610584010958,0.3890095816052331,-0.004985960807747059,6.466530845802776,-0.019940374663250222,7.83079814075725,-38.58232699481198,3.077384222626336,0.0,0.9781057290165083,0.0,0.20697977166231527,1.6371071754380446,-0.010502326695623903,-24.227767120337084,0.43167239385662337,-1.1428571428571428,-2.7206741585781677,0.49438541917901635,0.4016426409409093,-0.6223271218379428,-1.1420073308247787,-1.0573645980059105,-9.245507703194923,0.3502440517054925,0.12069067411232312,Leisure,Consumer Cyclical,MAT
2007Q4,2007,Q4,2008-02-26,2007-12-31,328476000.0,2188626000.0,362070000.0,0.91,1050740000.0,0.4800911622,4805455000.0,2306742000.0,2592936000.0,1570429000.0,2498713000.0,428710000.0,1977456000.0,6887739040.0,6935594040.0,6.376601585068182,1.6511004317928413,0.19748452539873956,0.4114040495209261,0.10631237013808317,6.376601585068182,0.14239823959506526,3.1470607769440737,5.2421935240321975,2.985916517755345,0.0,2.654209139045042,0.0,0.45544615442242203,1.2049853893426574,0.06835481759791737,6.134245168920784,0.4800911622177567,0.4918032786885247,1.1384461644098922,0.588236970558414,0.41235374004903524,0.21513289974002905,0.38743822597676875,0.16598181162407255,0.32874562656913175,0.3604878378359288,0.11210707848754652,Leisure,Consumer Cyclical,MAT
2007Q3,2007,Q3,2007-10-26,2007-09-30,236750000.0,1838574000.0,310528000.0,0.61,864712000.0,0.4703166693,5128553000.0,2363036000.0,2869342000.0,1750760000.0,2765517000.0,732257000.0,1923657000.0,9229805940.0,9916877940.0,6.116372370879988,1.6389122438255386,0.1879469706172482,0.4079057619096789,0.07181849015647548,6.116372370879988,0.10018890952147999,5.020089449758346,9.746363189017952,3.905909998832011,0.0,1.3299456338416704,0.0,0.3584976113145365,1.0950267312481436,0.046163118524854864,-57.99693319844417,0.4703166693317756,9.166666666666668,-0.04565185721077831,0.24560037495808495,0.45906636203929896,0.9512322807460929,9.38195053499386,7.427040082498847,-0.006922792539397681,0.1832320552151012,0.12801044025602715,Leisure,Consumer Cyclical,MAT
2007Q2,2007,Q2,2007-08-03,2007-06-30,22804000.0,1002625000.0,36849000.0,0.06,443162000.0,0.4420017454,4648024000.0,2725505000.0,2434958000.0,920434000.0,1922519000.0,606735000.0,1686907000.0,10019796840.0,9912288840.0,6.879183535421862,2.645445518092552,0.13664150615401296,0.23302580622673597,0.006857114033010568,6.879183535421862,0.008366889805742421,9.993563735195114,109.84692203122259,3.6763083685408757,0.0,0.9220878966929549,0.0,0.21570994469908072,1.7418891522912017,0.0049061708803569,-50.321657534590564,0.442001745418277,1.0,0.28219053359879676,0.37199513229442305,0.9099383980989256,0.05845908389580736,0.9062108166847781,0.786098589501236,0.024271956426610508,0.3193765438222398,0.456653438506372,Leisure,Consumer Cyclical,MAT
2007Q1,2007,Q1,2007-05-03,2007-03-31,11963000.0,940265000.0,20631000.0,0.03,418686000.0,0.4452851058,4467610000.0,2632681000.0,2365362000.0,846678000.0,1834929000.0,448553000.0,1664103000.0,10749074310.0,10414877310.0,6.752489849518958,2.793697249721854,0.14549166108948633,0.2468966046399089,0.004807845370888989,6.752489849518958,0.004544037048164969,11.431962595651227,224.6316624174538,4.082938384863187,0.0,1.1628035037108213,0.0,0.2104626410989321,2.0252988739520807,0.0026777180640208077,-30.652350482067543,0.445285105794643,-0.958904109589041,4.359892975907621,0.40620326147584784,0.9112174772453961,-0.5864200579643719,-0.9582227468290775,-0.9469180240979975,0.46088634860137884,0.32224306942202363,0.3092294874711412,Leisure,Consumer Cyclical,MAT
