Quarters,Year,Quarter,FillingDate,Date,NetIncome,Revenue,OperatingIncome,EPSDiluted,GrossProfit,GrossProfitRatio,TotalAssets,CommonStockEquity,CurrentAssets,CurrentLiability,TotalLiability,Inventory,RetainedEarnings,MarketCap,EnterpriseValue,bookValuePerShare,currentRatio,debtToAssets,debtToEquity,roic,shareholdersEquityPerShare,roe,priceToSalesRatio,peRatio,pbRatio,payoutRatio,inventoryTurnover,dividendYield,assetTurnover,quickRatio,returnOnAssets,priceToFreeCashFlowsRatio,grossProfitMargin,epsdilutedGrowth,fiveYNetIncomeGrowthPerShare,fiveYRevenueGrowthPerShare,fiveYShareholdersEquityGrowthPerShare,grossProfitGrowth,netIncomeGrowth,operatingIncomeGrowth,threeYNetIncomeGrowthPerShare,threeYRevenueGrowthPerShare,threeYShareholdersEquityGrowthPerShare,Industry,Sector,Symbol
2023Q1,2023,Q1,2023-05-10,2023-03-31,-12500000.0,257200000.0,2500000.0,-0.14,53400000.0,0.2076205288,968400000.0,-10700000.0,585500000.0,410400000.0,978600000.0,109700000.0,-1375100000.0,537522000.0,884322000.0,-0.12063134160090191,1.4266569200779726,0.42296571664601407,-38.2803738317757,0.0057008902510216,-0.12063134160090191,1.1682242990654206,2.089898911353033,-10.75044,-50.235700934579434,-0.296,1.8577939835916135,0.006883439189465734,0.2655927302767451,1.0684697855750487,-0.012907889301941346,-35.59748344370861,0.20762052877138415,-8.0,0.9896278164216378,-0.9174498214835181,-1.017436771297365,-0.08247422680412371,-3.192982456140351,-0.7311827956989247,0.7925872247605653,-0.09430707586712754,0.9827710356526259,Specialty Industrial Machinery,Industrials,BW
2022Q4,2022,Q4,2023-03-16,2022-12-31,5700000.0,249900000.0,9300000.0,0.02,58200000.0,0.2328931573,942700000.0,-2600000.0,557600000.0,372000000.0,944800000.0,102600000.0,-1358900000.0,511798999.99999994,846999000.0,-0.029312288613303268,1.4989247311827958,0.43693645910682083,-158.42307692307693,0.009347438249114255,-0.029312288613303268,-2.1923076923076925,2.048015206082433,22.44732456140351,-196.84576923076924,0.6587719298245615,1.868421052631579,0.007336864667574576,0.2650896361514798,1.1091397849462366,0.006046462289169407,15.734589725458848,0.23289315726290516,1.0869565217391304,1.0052998181238129,-0.9388063424012831,-1.0014267961673213,0.5005801211808689,1.2771564718467374,0.782292065925642,-0.7509644212262053,-0.2504358210292295,0.9952523658929174,Specialty Industrial Machinery,Industrials,BW
2022Q3,2022,Q3,2022-11-08,2022-09-30,-20566000.0,214870000.0,5218000.0,-0.23,38785000.0,0.1805044911,881567000.0,-18019000.0,498593000.0,319533000.0,898695000.0,97832000.0,-1360896000.0,563487980.0,911381980.0,-0.20401716466072622,1.5603803050076206,0.4496141529798643,-21.997058660303015,0.015627966831634067,-0.20401716466072622,1.1413507963815972,2.622459999069205,-6.849751774773899,-31.27187857261779,-0.1806379461246718,1.7998712077847738,0.006592864678320201,0.24373643750276497,1.1470677520005759,-0.02332891317392779,-56.26440139790314,0.1805044910876344,-5.764705882352941,0.9811432164379909,-0.9449015257797967,-1.0065921593921103,-0.186539147213658,-5.869071476285905,0.42257360959651036,0.8328700585682423,-0.4993472364955248,0.972041041002478,Specialty Industrial Machinery,Industrials,BW
2022Q2,2022,Q2,2022-08-08,2022-06-30,-2994000.0,221019000.0,3668000.0,-0.034,47679000.0,0.2157235351,913939000.0,7204000.0,515554000.0,302535000.0,882222000.0,99112000.0,-1339415000.0,530814870.0,854562870.0,0.08183666746185916,1.7041135736361082,0.4324927593635899,54.86840644086619,0.00544900168827879,0.08183666746185916,-0.4156024430871738,2.4016707613372605,-44.32321893787576,73.6833523042754,-1.240814963259853,1.7489305028654452,0.0069986735676790665,0.2418312381898573,1.2567471532219412,-0.003275929794001569,-22.77295765584109,0.21572353508069442,0.6555217831813576,0.9977928828678211,-0.9296731026194008,-0.9980410067836215,0.16321452096904046,0.6552280055274067,3.57356608478803,0.9977400305474257,-0.981414878674934,1.000427678584832,Specialty Industrial Machinery,Industrials,BW
2022Q1,2022,Q1,2022-05-09,2022-03-31,-8684000.0,204049000.0,802000.0,-0.0987,40989000.0,0.2008782204,954699000.0,18931000.0,540969000.0,317301000.0,910757000.0,90401000.0,-1333133000.0,718014720.0,1015833720.0,0.21514455859623602,1.7049079580587518,0.4252188386077706,21.443980772278273,0.00191830987999825,0.21514455859623602,-0.45871850404099096,3.5188347896828702,-20.670621833256565,37.92798689979399,-0.42779824965453705,1.803741109058528,0.0051739886335477915,0.21373123885119813,1.3059902111874844,-0.00909606064319749,-16.69685184754552,0.20087822042744635,-1.282,0.8630523870645445,-0.942036064784839,-0.9962110714748367,-0.2307879970724567,-1.2876258611552729,-0.9737548268865763,0.9665222753871097,-0.8312178814220481,1.0111217217182034,Specialty Industrial Machinery,Industrials,BW
2021Q4,2021,Q4,2022-03-08,2021-12-31,30192000.0,192295000.0,30558000.0,0.35,53287000.0,0.2771106893,913265000.0,33149000.0,582434000.0,253383000.0,854643000.0,79527000.0,-1321154000.0,778426000.0,956290000.0,0.3841135573580533,2.2986309263052376,0.44098700815206976,12.149325771516486,0.08698029833985177,0.3841135573580533,0.9107967057829799,4.048082373436647,6.4456312930577635,23.4826389936348,0.12304583995760467,1.747934663699121,0.004772451074347465,0.21055772420929303,1.8614942596780368,0.03305940772941041,-133.5665751544269,0.27711068930549415,2.1818181818181817,1.0477543597846244,-0.9427211674028161,-0.9932047472047525,0.17587218924465434,1.213003005204134,1.0701849468193212,1.0253033468353605,-0.8312564960240586,1.0226623857477921,Specialty Industrial Machinery,Industrials,BW
2021Q3,2021,Q3,2021-11-10,2021-09-30,13643000.0,159960000.0,14761000.0,0.11,45317000.0,0.2833020755188797,729358000.0,-2761000.0,446768000.0,230343000.0,708958000.0,72999000.0,-1354313000.0,551272820.0,694378820.0,-0.03210390456035906,1.9395770655066575,0.3549052728564025,-93.75335023542195,0.044870671516915796,-0.03210390456035906,-4.941325606664252,3.446316704176044,10.10175218060544,-199.66418688880842,0.26980869310269,1.5704735681310702,0.006677274602437319,0.21931616572382837,1.5232153788046523,0.018705491678983433,-23.158831288859016,0.2833020755188797,4.5,-0.8224817442366863,-0.954954916669834,-1.0005041282254485,0.02850593495381403,3.3643634037108123,4.302083333333333,1.0253181236672368,-0.8936368548228942,0.9902481716017869,Specialty Industrial Machinery,Industrials,BW
2021Q2,2021,Q2,2021-08-12,2021-06-30,3126000.0,202860000.0,2784000.0,0.02,44061000.0,0.21719905353445726,665140000.0,-16756000.0,460856000.0,237562000.0,680859000.0,71003000.0,-1364275000.0,675505120.0,745681120.0,-0.1954645140217442,1.939939889376247,0.3213969991280031,-12.758056815469086,0.005451651662499415,-0.1954645140217442,-0.18656003819527334,3.3299079167899044,54.023122200895706,-40.31422296490809,0.0,2.2365111333323946,0.0,0.3049884234897916,1.576422155058469,0.004699762456024295,-20.545184464247697,0.21719905353445726,1.0909090909090908,1.0058294930341558,-0.9373228853824302,-1.0030755402857479,0.19526354339039145,1.2021469218830834,1.4308263695450325,1.0017179577054895,-0.8982985934045632,-1.0523419496698259,Specialty Industrial Machinery,Industrials,BW
2021Q1,2021,Q1,2021-05-13,2021-03-31,-15464000.0,168248000.0,-6462000.0,-0.22,36863000.0,0.2190991869145547,582357000.0,-196507000.0,391376000.0,267683000.0,777801000.0,67864000.0,-1365670000.0,676158000.0,894034000.0,-2.7521988795518206,1.4620876185637488,0.46656775826511915,-1.3826937462787585,-0.06704091800665066,-2.7521988795518206,0.07869439765504536,4.018817459940088,-10.931162700465599,-3.4408850575297576,0.0,1.9360043616645055,0.0,0.2889086934646617,1.1016202000127016,-0.02655415835990638,-12.212954266310238,0.2190991869145547,-3.4444444444444446,-1.213449471631424,-0.9396196202526979,-1.0390297086533289,-0.12395731837733787,-4.370531822144725,-3.9506849315068493,0.9840592984469368,-0.9329154716169752,-1.3978191885354179,Specialty Industrial Machinery,Industrials,BW
2020Q4,2020,Q4,2021-03-08,2020-12-31,4588000.0,149853000.0,2190000.0,0.09,42079000.0,0.2808018524820991,591792000.0,-339366000.0,388800000.0,270832000.0,930054000.0,67161000.0,-1350206000.0,182871000.0,513879000.0,-6.513742802303263,1.435576298221776,0.6562204287993079,-1.1443279527118215,0.008964256722869388,-6.513742802303263,-0.013519327216044034,1.2203359292106264,9.964636006974716,-0.5388606990682626,0.0,1.6047110674349696,0.0,0.253219036418201,1.0353466355526673,0.00775272393002947,8.90576604655693,0.2808018524820991,-0.8695652173913044,1.175226015334432,-0.9407500446913052,-1.090208770997951,-0.2663667904527782,-0.8678723649349154,-0.8443939178627256,1.0072626550307007,-0.9375271247563236,-1.3170609906258046,Specialty Industrial Machinery,Industrials,BW
2020Q3,2020,Q3,2020-11-13,2020-09-30,34724000.0,132513000.0,14074000.0,0.69,57357000.0,0.43284055149306105,605754000.0,-321651000.0,393565000.0,276714000.0,926532000.0,66966000.0,-1354794000.0,114839999.99999999,472254000.0,-6.498,1.4222807664230939,0.6543052130072604,-1.2322299635319025,0.12331282695326967,-6.498,-0.10795551700445515,0.8666319530913947,0.8268056675498214,-0.3570329332102185,0.0,1.1223008690977512,0.0,0.21875711922661675,1.0544967005644816,0.05732360000924468,-6.183169116459376,0.43284055149306105,2.769230769230769,0.2261008233608577,-0.931270341499365,-1.0903327920291173,0.7653739612188366,2.918029164825453,2.82708035830196,1.056807582918121,-0.9393709094629656,-1.2099619990365382,Specialty Industrial Machinery,Industrials,BW
2020Q2,2020,Q2,2020-08-12,2020-06-30,-18104000.0,135397000.0,-7703000.0,-0.39,32490000.0,0.2399610035672873,577953000.0,-339785000.0,367858000.0,274085000.0,916653000.0,61390000.0,-1389518000.0,106824839.99999999,450653840.0,-7.252150342560776,1.3421310907200321,0.6586071877817055,-1.1202495695807644,-0.09679184835683233,-7.252150342560776,0.0532807510631723,0.7889749403605691,-1.475155214317278,-0.31438951101431784,0.0,1.6762827822120867,0.0,0.23426991468164365,0.9600999689877228,-0.03132434644339591,-8.12850707654847,0.2399610035672873,0.42647058823529416,-1.7565124318987346,-0.9290385692585884,-1.100809442871297,-0.04232741849908624,0.42574383048912007,0.25199067780151485,0.9749252569612277,-0.919055144054786,-1.173600829137568,Specialty Industrial Machinery,Industrials,BW
2020Q1,2020,Q1,2020-05-15,2020-03-31,-31526000.0,148554000.0,-10298000.0,-0.68,33926000.0,0.22837486705171184,596109000.0,-324877000.0,384216000.0,288411000.0,919759000.0,60713000.0,-1371414000.0,47328000.0,376630000.0,-7.001659482758621,1.332182198321146,0.6117773762852096,-1.1225356057831117,-0.12057667058236102,-7.001659482758621,0.09703980275612001,0.3185912193545781,-0.3753092685402525,-0.1456797495667591,0.0,1.8880305700591307,0.0,0.24920610156867284,0.9738740894071308,-0.05288630099528777,-1.2502443534539691,0.22837486705171184,-3.6153846153846154,-1.5733320621586369,-0.9183422426724898,-1.1116806697290027,-0.24160593731837082,-3.5452930728241565,-2.0282576135796306,0.057180119423166365,-0.9199736608422392,-1.123306801300474,Specialty Industrial Machinery,Industrials,BW
2019Q4,2019,Q4,2020-03-30,2019-12-31,12386000.0,180416000.0,10015000.0,0.26,44734000.0,0.24794918410783967,626519000.0,-296356000.0,412220000.0,602494000.0,921458000.0,63103000.0,-1339888000.0,174720000.0,457066000.0,-6.174083333333333,0.684189386118368,0.5205237191529706,-1.1004265140574174,0.10433495016815639,-6.174083333333333,-0.04179432844281877,0.9684285207520398,3.5265622476990153,-0.5895612034175114,0.0,2.150167186980017,0.0,0.28796572809443927,0.49928298041142316,0.019769552080623254,7.720724701723376,0.24794918410783967,1.1870503597122302,1.0573711120881173,-0.9265866061877334,-1.0954484130606457,0.10807262639023062,1.217469932402774,4.152344979540447,1.0352226298048257,-0.903379167698289,-1.10922409851266,Specialty Industrial Machinery,Industrials,BW
2019Q3,2019,Q3,2019-11-07,2019-09-30,-56955000.0,198644000.0,-3177000.0,-1.39,40371000.0,0.20323291919212258,672610000.0,-298295000.0,494991000.0,655637000.0,962687000.0,64526000.0,-1352274000.0,195810410.0,470292410.0,-7.297022921304337,0.7549772206266577,0.4557544490863948,-1.0276571850014247,-0.1526018616385322,-7.297022921304337,0.19093514809165424,0.9857353355751999,-0.8594961373013783,-0.6564320890393738,0.0,2.452856212999411,0.0,0.2953331053656651,0.539716336936445,-0.08467759920310433,-21.04130775843542,0.20323291919212258,0.9073333333333333,-3.659886550810252,-0.8705658693541044,0.0,-0.08836148496070816,-1.0606005788712012,0.2538750587130108,-2.5590975414985837,-0.8823153720570895,-1.114585290068342,Specialty Industrial Machinery,Industrials,BW
2019Q2,2019,Q2,2019-08-08,2019-06-30,-27640000.0,248115000.0,-4258000.0,-15.0,44284000.0,0.1784817524131955,772039000.0,-351435000.0,586594000.0,805129000.0,1115074000.0,63828000.0,-1295319000.0,6305047.8,351616047.8,-191.35086573015354,0.7285714463148142,0.49285204503917546,-1.0827066171553772,-0.10834432568583707,-191.35086573015354,0.07864896780343449,0.0254117961429176,-0.05702829052098408,-0.01794086474027914,0.0,3.193441749702325,0.0,0.3213762517178536,0.5576994494050022,-0.03580130019338401,-0.0405571030676504,0.1784817524131955,-4.172413793103448,-33.64865302331788,3.4188024247535562,0.0,0.4345783796041336,0.444589570983623,0.8667793004192479,-1.4058453128900164,2.5781079788957286,-4.010814004839521,Specialty Industrial Machinery,Industrials,BW
2019Q1,2019,Q1,2019-05-09,2019-03-31,-49765000.0,231936000.0,-31962000.0,-2.9,30869000.0,0.13309274972406182,764877000.0,-326559000.0,556769000.0,765891000.0,1082729000.0,63789000.0,-1267679000.0,73433220.0,262490220.0,-19.344537118214344,0.7269559245375647,0.3040802638855659,-0.7122265808016316,0.4091871538403145,-19.344537118214344,0.1523920639149434,0.31660984064569536,-0.36889992966944635,-0.22486968664161758,0.0,3.152063835457524,0.0,0.30323306884636353,0.5747031888349647,-0.06506274865109031,-1.9332671651221567,0.13309274972406182,0.7902534389395214,-3.9444083636840603,-0.5625885585551855,0.0,1.4122958154692737,0.7867850884521621,0.7678428751979314,-3.9053077864999537,-0.6479462381850256,-1.274330337595501,Specialty Industrial Machinery,Industrials,BW
2018Q4,2018,Q4,2019-04-02,2018-12-31,-233403000.0,222912000.0,-137674000.0,-13.82621,-74871000.0,-0.33587693798449614,745497000.0,-286126000.0,549619000.0,711989000.0,1022794000.0,61323000.0,-1217914000.0,65904204.8,198845204.8,-16.949387484302065,0.7719487239269146,0.2362920306855695,-0.6156553406541174,1.268306223925378,-16.949387484302065,0.8157350258277821,0.2956512202124605,-0.07059057167217217,-0.23033280722478905,0.0,4.855975735042317,0.0,0.2990112636268154,0.6036694387132385,-0.3130837548642047,-0.9572560140601624,-0.33587693798449614,-1.194636507936508,-2.07401900893688,-0.7420879566749612,-1.2620295273619464,-8.15647103804244,-1.2084153357050942,-2.049460650763063,-26.511610728933906,-0.7279865104599617,-1.2347319291738525,Specialty Industrial Machinery,Industrials,BW
2018Q3,2018,Q3,2018-11-08,2018-09-30,-105688000.0,294963000.0,-45147000.0,-6.3,10462000.0,0.035468855415764014,969352000.0,-55530000.0,650365000.0,543407000.0,1016107000.0,64655000.0,-984511000.0,165320327.7,346881327.7,-3.292090800761218,1.196828528156612,0.22081142866574785,-3.854565099945975,-2.998940395884619,-3.292090800761218,1.90325949936971,0.5604781877727036,-0.391057470337219,-2.9771353808752026,0.0,4.400293867450313,0.0,0.3042888445064332,0.807840164002304,-0.10902953725787949,-2.602731945275355,0.035468855415764014,0.7028301886792453,-12.96193207517728,-0.5342152171450809,0.0,1.254760629230994,0.6023298515998916,0.6713019927048219,-11.95144551261715,-0.5510452485695546,-1.045765428385062,Specialty Industrial Machinery,Industrials,BW
2018Q2,2018,Q2,2018-08-09,2018-06-30,-265768000.0,291337000.0,-137351000.0,-21.2,-41066000.0,-0.14095703600984427,1104107000.0,46757000.0,672771000.0,571433000.0,1048552000.0,67274000.0,-878823000.0,297992660.0,469904660.0,3.7343758735533954,1.1773401256140266,0.18152588471950634,4.286502555767051,-0.5505910935778855,3.7343758735533954,-5.684025921252433,1.0228452273483972,-0.2803127727943169,6.3732202664841635,0.0,4.9410321966881705,0.0,0.2638666361140723,0.7911286187532046,-0.24070855451509682,-4.450840303501016,-0.14095703600984427,-0.5577869138551185,-47.048542427613455,-0.23891497497938693,0.0,-2.8537912912912913,-1.2067705695282855,-0.33728300343689455,-42.557844209231355,-0.4286295715601751,-0.9480898308084441,Specialty Industrial Machinery,Industrials,BW
2018Q1,2018,Q1,2018-05-08,2018-03-31,-120433000.0,311357000.0,-102709000.0,-13.60905,-10656000.0,-0.034224379088955766,1266512000.0,61323000.0,722112000.0,734186000.0,1196516000.0,77528000.0,-613017000.0,387356406.70000005,693879406.7,6.918215508115926,0.9835545760883482,0.27153710347789833,5.6080915806467395,-0.28704609389229413,6.918215508115926,-1.9639123982844935,1.2440908882729473,-0.8040910852922372,6.316657807021836,0.0,4.153505830151687,0.0,0.24583817602991523,0.7522112925062586,-0.09509029523604988,-4.399727475835123,-0.034224379088955766,-0.12237366023270468,-14.570428084866819,0.11829045647744803,0.0,-1.2341309076527585,-0.1205362958000707,-3.3943439010824457,-12.464933420012613,-0.10409820619201861,-0.8896503117327343,Specialty Industrial Machinery,Industrials,BW
2017Q4,2017,Q4,2018-03-01,2017-12-31,-107478000.0,408099000.0,-23373000.0,-12.12524,45513000.0,0.11152440951827865,1322229000.0,182103000.0,732257000.0,744327000.0,1131526000.0,82162000.0,-492150000.0,503474688.79999995,710421688.8,20.544131870169995,0.9837840089100623,0.19937091078776822,1.4476093200002196,-0.16170545763204397,20.544131870169995,-0.590204444737319,1.2337072347641136,-1.1711110385381194,2.764779760904543,0.0,4.413061999464473,0.0,0.30864472039260976,0.7907290747211911,-0.08128546567954567,-11.803692239883715,0.11152440951827865,0.01935460495087939,-1.6958374363008624,-0.10075565969269144,-0.6823974217954574,-0.03751559625266987,0.05970149253731343,0.7768644747393745,-1.6958374363008624,-0.10075565969269144,-0.6823974217954574,Specialty Industrial Machinery,Industrials,BW
2017Q3,2017,Q3,2017-11-08,2017-09-30,-114302000.0,408703000.0,-104748000.0,-12.364551,47287000.0,0.11570015390148837,1459897000.0,286467000.0,760028000.0,647515000.0,1165114000.0,91099000.0,-387030000.0,308233491.29999995,469778491.29999995,30.948457481914133,1.1737612256086731,0.14362794087528094,0.7319586549236038,-0.20117854591649545,30.948457481914133,-0.3990058191693982,0.7541747706769951,-0.6741646937498905,1.0759825435390462,0.0,3.9672883346688765,0.0,0.2799533117747348,0.9342517161764592,-0.07829456461654487,-4.279297106720904,0.11570015390148837,0.19741096731490815,-24.574894519533427,0.1761043498352559,0.0,1.847103292608649,0.24302809952383791,0.2758320313040112,-24.574894519533427,0.1761043498352559,0.0,Specialty Industrial Machinery,Industrials,BW
2017Q2,2017,Q2,2017-08-09,2017-06-30,-150999000.0,349829000.0,-144646000.0,-15.405831,-55822000.0,-0.15956938961606956,1586806000.0,409344000.0,804515000.0,722181000.0,1169205000.0,89587000.0,-272728000.0,1152340291.2,1215871291.2,41.774860054463744,1.1140074302702507,0.08280659387473957,0.32099652126328954,-0.2710203761431872,41.774860054463744,-0.36888045262664165,3.294010191264875,-1.9078607990781395,2.8150902204502812,0.0,4.528011876723185,0.0,0.22046110236538052,0.8849000458333852,-0.09515908056813498,-112.89705997844617,-0.15956938961606956,-21.07142273842799,-34.43046792788828,0.16774637065385456,0.0,-1.8874721780604133,-20.433498935415187,-15.44078199590816,-34.43046792788828,0.16774637065385456,0.0,Specialty Industrial Machinery,Industrials,BW
2017Q1,2017,Q1,2017-05-09,2017-03-31,-7045000.0,391104000.0,-8798000.0,-0.697999,62900000.0,0.16082678775977746,1537840000.0,555102000.0,747495000.0,547212000.0,973745000.0,89330000.0,-121729000.0,913073449.8000001,969450449.8000001,56.78242731880604,1.366006227933598,0.06674751599646257,0.18491556506732096,-0.008466385036899829,56.78242731880604,-0.012691361227305973,2.3346052451521846,-32.40147089425125,1.644875085659933,0.0,3.6740624650173515,0.0,0.2543203454195495,1.0725934372784223,-0.004581100764708942,-11.525649130912258,0.16082678775977746,0.9047618852698353,-1.7197795582882032,0.2736752517448372,0.0,75.1745283018868,0.9015511458915595,0.8498301671019168,-1.7197795582882032,0.2736752517448372,0.0,Specialty Industrial Machinery,Industrials,BW
2016Q4,2016,Q4,2017-02-28,2016-12-31,-71560000.0,379984000.0,-58587000.0,-7.328988,-848000.0,-0.002231672912543686,1529143000.0,552149000.0,777534000.0,617538000.0,968192000.0,85807000.0,-114684000.0,1620498591.6000001,1538852591.6000001,56.5267502081302,1.2590868901994694,0.009313059668062437,0.025791951085667092,-0.11602561345207685,56.5267502081302,-0.12960269782250805,4.264649542085983,-5.66132822666294,2.93489364573693,0.0,4.438239304485648,0.0,0.2484947450957824,1.0007481320987535,-0.046797454521911946,40.55910776392852,-0.002231672912543686,-9.1666675952473,-0.6288139870878443,-0.2401908360401615,-0.12612313252846302,-1.0114972138237726,-9.045873622666967,-6.2624629479924545,-0.6288139870878443,-0.2401908360401615,-0.12612313252846302,Specialty Industrial Machinery,Industrials,BW
2016Q3,2016,Q3,2016-11-02,2016-09-30,8894000.0,410955000.0,11133000.0,0.897427,73757000.0,0.1794770716988478,1579223000.0,633805000.0,772601000.0,561553000.0,936808000.0,99453000.0,-43124000.0,1642187580.0,1621822580.0,63.682021636042336,1.3758291737378305,0.028306958548602698,0.07053115705934791,0.013911651204264318,63.682021636042336,0.01403270722067513,3.9960277402635325,46.15998369687429,2.5909981461174967,0.0,3.390526178194725,0.0,0.2602260732018214,1.0771734813989062,0.0056318835275322105,-53.500165499266984,0.1794770716988478,1.1439999987163303,0.7060424251927202,0.09983889067215172,0.0,1.8311454015046829,1.1400850527642148,1.1533787972721636,0.7060424251927202,0.09983889067215172,0.0,Specialty Industrial Machinery,Industrials,BW
2016Q2,2016,Q2,2016-08-09,2016-06-30,-63490000.0,383208000.0,-72585000.0,-6.232132,26052000.0,0.06798396693179683,1531584000.0,645054000.0,843948000.0,519768000.0,885889000.0,93587000.0,-52018000.0,1490978443.5,1242986443.5,63.55452891562882,1.6237013436764094,0.0019652856128034766,0.004666276001699082,-0.09803513901500897,63.55452891562882,-0.0984258682218853,3.8907810992985534,-5.8709184261301,2.3114009734068777,0.0,3.816299272334833,0.0,0.250203710668171,1.3073563589909345,-0.04145381513518031,116.24656506315297,0.06798396693179683,-7.250000752150398,-14.570553704510102,0.2349550239446047,0.0,-0.6749837816258296,-7.042638241172551,-5.203926792540252,-14.570553704510102,0.2349550239446047,0.0,Specialty Industrial Machinery,Industrials,BW
2016Q1,2016,Q1,2016-05-10,2016-03-31,10507000.0,404116000.0,17266000.0,0.997141,80156000.0,0.19834898890417602,1610097000.0,730188000.0,924311000.0,525963000.0,879119000.0,91026000.0,11479000.0,2215970428.0,1932227428.0,70.51548613896937,1.7573688643497736,0.0019092017437458736,0.004209874717196119,0.014485837324769142,70.51548613896937,0.014389444910077952,5.483500846291659,52.72604996668887,3.0347943652867477,0.0,3.5589831476720937,0.0,0.25098860503435505,1.4600893979234282,0.006525693793603739,-52.434111684255356,0.19834898890417602,3.0069660252797683,0.013458325264467556,0.24245637708794254,0.0,0.23404255319148937,3.0190238278247503,2.7312744409906746,0.013458325264467556,0.24245637708794254,0.0,Specialty Industrial Machinery,Industrials,BW
2015Q4,2015,Q4,2016-02-25,2015-12-31,-5204000.0,502678000.0,-9973000.0,-0.49684,64954000.0,0.1292159195349707,1663045000.0,747708000.0,978184000.0,561352000.0,914618000.0,90119000.0,965000.0,2161088917.4,1797901917.4,72.20742207485812,1.7425501289743335,0.0012056198118511525,0.0026815280831554563,-0.006999162584981783,72.20742207485812,-0.00695993623179102,4.299151578943181,-103.81864514796311,2.8902845996030537,0.0,4.857177731665908,0.0,0.3022636188437475,1.4845747409824852,-0.0031291997510590514,33.827798660092355,0.1292159195349707,-1.9059347808645803,0.8882646661722375,-0.05184098126473217,0.1162926504466983,-0.16642283308949976,-1.8435727022207813,-2.0354028239202657,0.8882646661722375,-0.05184098126473217,0.1162926504466983,Specialty Industrial Machinery,Industrials,BW
2015Q3,2015,Q3,2015-11-03,2015-09-30,6169000.0,419977000.0,9632000.0,0.548428,77922000.0,0.18553873188293646,1611674000.0,775623000.0,981022000.0,519770000.0,835111000.0,96358000.0,6169000.0,1811447232.0,1480437232.0,71.9340103857908,1.8874155876637744,0.0019482848268322253,0.00404835854532421,0.00965052414655089,71.9340103857908,0.007953606326785049,4.313205799365203,73.40927346409467,2.335473847474869,0.0,3.5498349903484923,0.0,0.2605843365345597,1.5051792138830637,0.003827697164563057,59.00095212038304,0.18553873188293646,0.09999979942676177,0.09226969731036416,0.03748714401807848,0.0,-0.04838552098089981,0.12429378531073447,0.9823008849557522,0.09226969731036416,0.03748714401807848,0.0,Specialty Industrial Machinery,Industrials,BW
2015Q2,2015,Q2,2015-08-04,2015-06-30,5487000.0,437485000.0,4859000.0,0.498571,81884000.0,0.18716984582328536,1537399000.0,772822000.0,897651000.0,447891000.0,763457000.0,97113000.0,0.0,2004589937.056266,1700249937.056266,71.93919672604056,2.0041728902791083,0.002095747427961121,0.004169135971802045,0.005120012803634915,71.93919672604056,0.007099953158683371,4.582076955909954,91.33360383890405,2.5938572362798498,0.0,3.6617239710440415,0.0,0.28456178259514936,1.5897640274084543,0.003569014940168427,-75.96884591110266,0.18716984582328536,-0.5652168984016911,0.10805897908882778,0.3320343285857826,0.0,-0.06709352534378453,-0.567612293144208,-0.745322081870119,0.10805897908882778,0.3320343285857826,0.0,Specialty Industrial Machinery,Industrials,BW
2015Q1,2015,Q1,2015-03-31,2015-03-31,12690000.0,419842000.0,19079000.0,1.146712,87773000.0,0.20906198045931565,1493297000.0,671336000.0,841045000.0,485353000.0,820865000.0,99024000.0,0.0,2140571514.5507278,1917022514.5507278,62.693566395584995,1.7328521715122807,0.0021556328044588587,0.004794916405495907,0.019310538593802384,62.693566395584995,0.018902606146549567,5.098516857652945,42.17043960895839,3.1885248438199767,0.0,3.353419373081273,0.0,0.28115103693371113,1.355355792588075,0.008497974615900253,51.4461525319825,0.20906198045931565,1.2558351534838685,0.1836464798983448,0.24822883959659892,0.0,6.898227301358769,1.2634802649336627,1.2102554495162108,0.1836464798983448,0.24822883959659892,0.0,Specialty Industrial Machinery,Industrials,BW
2014Q4,2014,Q4,2014-12-31,2014-12-31,-48163000.0,548246000.0,-90742000.0,-4.48223,11113000.0,0.020270097729851198,1522806000.0,692661000.0,854694000.0,488090000.0,829118000.0,100017000.0,0.0,2140571514.5507278,1924701514.5507278,64.68502864904058,1.7510991825278126,0.0021112341296264923,0.004641520166430621,-0.06846447972730538,64.68502864904058,-0.06953329262077697,3.904399693843143,-11.111078600537382,3.0903595186544757,0.0,5.370417029105052,0.0,0.3600235354995975,1.3703230961503001,-0.03162779763147768,29.117479623896184,0.020270097729851198,-9.586729757947873,0.0,0.0,0.0,-0.8742446531628381,-9.586735603494384,-4.552658366611855,0.0,0.0,0.0,Specialty Industrial Machinery,Industrials,BW
2014Q3,2014,Q3,2014-09-30,2014-09-30,5609000.0,402016000.0,25542000.0,0.521995,88370000.0,0.21981712170659876,,,,,,,,2140571514.5507278,,,0.0,0.0,0.0,0.0,,0.0,5.3245928384709265,95.4078942124589,0.0,0.0,0.0,0.0,0.0,0.0,0.0,-46.88169943605265,0.21981712170659876,0.1363453303814194,0.0,0.0,0.0,0.2802051341484615,0.1363452188006483,7.057413249211357,0.0,0.0,0.0,Specialty Industrial Machinery,Industrials,BW
2014Q2,2014,Q2,2014-06-30,2014-06-30,4936000.0,327379000.0,3170000.0,0.459363,69028000.0,0.21085042107160204,,,,,,,,2140571514.5507278,,,0.0,0.0,0.0,0.0,,0.0,6.538511983208232,108.41630442416572,0.0,0.0,0.0,0.0,0.0,0.0,0.0,-378.8622149647306,0.21085042107160204,-0.38576009285209983,0.0,0.0,0.0,0.04578371663182135,-0.5548741996573181,-0.7002930887775362,0.0,0.0,0.0,Specialty Industrial Machinery,Industrials,BW
2014Q1,2014,Q1,2014-03-31,2014-03-31,11089000.0,347892000.0,10577000.0,0.747856,66006000.0,0.18973129591942328,,,,,,,,2214024967.2460217,,,0.0,0.0,0.0,0.0,,0.0,6.364115780891834,49.91489239890933,0.0,0.0,0.0,0.0,0.0,0.0,0.0,-32.17872459807601,0.18973129591942328,0.0,0.0,0.0,0.0,0.0,0.0,0.0,0.0,0.0,0.0,Specialty Industrial Machinery,Industrials,BW
