Quarters,Year,Quarter,FillingDate,Date,NetIncome,Revenue,OperatingIncome,EPSDiluted,GrossProfit,GrossProfitRatio,TotalAssets,CommonStockEquity,CurrentAssets,CurrentLiability,TotalLiability,Inventory,RetainedEarnings,MarketCap,EnterpriseValue,bookValuePerShare,currentRatio,debtToAssets,debtToEquity,roic,shareholdersEquityPerShare,roe,priceToSalesRatio,peRatio,pbRatio,payoutRatio,inventoryTurnover,dividendYield,assetTurnover,quickRatio,returnOnAssets,priceToFreeCashFlowsRatio,grossProfitMargin,epsdilutedGrowth,fiveYNetIncomeGrowthPerShare,fiveYRevenueGrowthPerShare,fiveYShareholdersEquityGrowthPerShare,grossProfitGrowth,netIncomeGrowth,operatingIncomeGrowth,threeYNetIncomeGrowthPerShare,threeYRevenueGrowthPerShare,threeYShareholdersEquityGrowthPerShare,Industry,Sector,Symbol
2023Q1,2023,Q1,2023-04-28,2023-03-31,-5627000.0,0.0,-6797000.0,-0.5,0.0,0.0,36613000.0,34129000.0,34519000.0,1167000.0,2484000.0,0.0,-112912000.0,52561080.0,51925080.0,3.0388211201139703,29.579263067694946,0.04471089503728184,0.047965073690995924,-0.15997458105818113,3.0388211201139703,-0.16487444695127312,0.0,-2.3352177003732004,1.540070907439421,0.0,0.0,0.0,0.0,29.31191088260497,-0.1536885805588179,-10.277880328509973,0.0,0.01960784313725492,0.9537000889140597,-1.0,1.0846974538885055,0.0,0.013845075359270943,-0.0521671826625387,0.6814978473500309,0.0,154.2109893890683,Medical Devices,Healthcare,NVNO
2022Q4,2022,Q4,2023-03-02,2022-12-31,-5706000.0,0.0,-6460000.0,-0.51,0.0,0.0,41661000.0,38729000.0,39436000.0,1530000.0,2932000.0,0.0,-106520000.0,57272999.99999999,54433999.99999999,3.4487088156723065,25.77516339869281,0.041189601785842876,0.04430788298174495,-0.14147018030513175,3.4487088156723065,-0.14733145704769035,0.0,-2.5093322818086223,1.4788143251826795,0.0,0.0,0.0,0.0,25.518954248366015,-0.13696262691726074,-14.818369987063388,0.0,0.0555555555555556,0.9369447454262079,-1.0,1.120123916762835,0.0,0.05903693931398417,-0.05023573402698748,0.8409904383169461,0.0,1.4974519863054747,Medical Devices,Healthcare,NVNO
2022Q3,2022,Q3,2022-10-27,2022-09-30,-6064000.0,0.0,-6151000.0,-0.54,0.0,0.0,45456000.0,42671000.0,40708000.0,1304000.0,2785000.0,0.0,-100340000.0,70518120.0,69412120.0,3.800071244100098,31.217791411042946,0.0393567405843013,0.04192542944857163,-0.13227762168070034,3.800071244100098,-0.14211056689554968,0.0,-2.907244393139842,1.6526005952520448,0.0,0.0,0.0,0.0,30.925613496932517,-0.1334037310806054,-15.681147431621081,0.0,0.15624999999999997,0.9071498292600831,-1.0,1.18053009869933,0.0,0.1594122539506515,0.11952476381334097,0.7866876010037236,0.0,-0.11666153031658957,Medical Devices,Healthcare,NVNO
2022Q2,2022,Q2,2022-08-03,2022-06-30,-7214000.0,0.0,-6986000.0,-0.64,0.0,0.0,49932000.0,46558000.0,37760000.0,1816000.0,3374000.0,0.0,-94243000.0,42445620.0,35236620.0,4.146228515451064,20.792951541850222,0.037270688135864774,0.03997164826667812,-0.14193246226681422,4.146228515451064,-0.15494651832123374,0.0,-1.4709460770723592,0.9116718931225568,0.0,0.0,0.0,0.0,20.6613436123348,-0.14447648802371224,-10.65937217478654,0.0,-0.36170212765957455,0.7743222875828221,-1.0,1.2861376002182199,0.0,-0.35601503759398495,-0.3094657919400187,0.8040579861147271,0.0,-0.4710037323417651,Medical Devices,Healthcare,NVNO
2022Q1,2022,Q1,2022-04-29,2022-03-31,-5320000.0,0.0,-5335000.0,-0.47,0.0,0.0,54224000.0,51317000.0,51650000.0,1270000.0,2907000.0,0.0,-87181000.0,71528730.0,22124730.0,4.570041855908808,40.669291338582674,0.035666863381528476,0.03768731609408189,-0.09649344240530869,4.570041855908808,-0.10366934933842586,0.0,-3.3613125,1.3938603191924703,0.0,0.0,0.0,0.0,40.423622047244095,-0.09811153732664503,-21.099920353982302,0.0,0.5204081632653061,0.8213785420357774,-1.0,0.0,0.0,0.4093116248693574,0.40517490032080417,0.8522747160971073,-1.0,-0.21728829280326492,Medical Devices,Healthcare,NVNO
2021Q4,2021,Q4,2022-03-28,2021-12-31,-9006441.0,0.0,-8969023.0,-0.98,0.0,0.0,57699142.0,54404208.0,55040090.0,1580063.0,3294934.0,0.0,-81851233.0,60493063.16,7771298.159999996,5.926691623661532,34.83411104493935,0.034766114893008286,0.03687168830763973,-0.15932749331907461,5.926691623661532,-0.16554677167619092,0.0,-1.6791611458954765,1.1119188273083582,0.0,0.0,0.0,0.0,34.63642905377824,-0.15609315299697177,-19.118375326945905,0.0,-2.769230769230769,0.7205358173735354,-1.0,1.6162420158487438,0.0,-2.7694751913628584,-2.313844548612227,0.7418929295395447,-1.0,0.36404159138123243,Medical Devices,Healthcare,NVNO
2021Q3,2021,Q3,2021-11-12,2021-09-30,-2389309.0,0.0,-2706531.0,-0.26,0.0,0.0,59172227.0,58054095.0,58206968.0,1118132.0,1118132.0,0.0,-72863501.0,95283459.12,37718834.120000005,6.324303417039925,52.057331334761905,0.005615759569096495,0.005723920078333836,-0.046093178272423624,6.324303417039925,-0.041156597135826506,0.0,-9.969771502974293,1.641287477136626,0.0,0.0,0.0,0.0,51.78004207016703,-0.04037889261798445,-39.92726324637764,0.0,0.07142857142857148,0.8939106005423703,-1.0,0.0,0.0,-0.004800043736161605,-0.13459357785050532,0.9169069815210315,-1.0,-0.16324564688520268,Medical Devices,Healthcare,NVNO
2021Q2,2021,Q2,2021-08-11,2021-06-30,-2377895.0,0.0,-2385463.0,-0.28,0.0,0.0,42352130.0,40874236.0,41438867.0,1393312.0,1477894.0,0.0,-70474192.0,58477845.33,18162210.33,4.801921133300415,29.741269005075676,0.017084075818618805,0.017701786523912032,-0.05678507011535487,4.801921133300415,-0.05817588859642538,0.0,-6.148068494403664,1.4306773912544812,0.0,0.0,0.0,0.0,29.454409349808227,-0.0561458184039386,-20.9035713358868,0.0,0.4166666666666666,0.9018677710784898,-1.0,1.3313879551981853,0.0,0.14244761594959188,0.15055176711475118,0.9827658360218603,-1.0,-0.6758211468708171,Medical Devices,Healthcare,NVNO
2021Q1,2021,Q1,2021-05-12,2021-03-31,-2772886.0,0.0,-2808250.0,-0.48,0.0,0.0,45054657.0,43011572.0,44165524.0,1873921.0,2043085.0,0.0,-68096297.0,38236471.92,-4798117.079999998,7.491723350400577,23.56850902466006,0.017802776747362654,0.018648423266185203,-0.06338725796597201,7.491723350400577,-0.0644683714419924,0.0,-3.4473534000315915,0.8889810379402083,0.0,0.0,0.0,0.0,23.393028308023656,-0.061544936409126366,-9.891284627540923,0.0,0.8413368440762387,0.8179077297414654,-1.0,0.0,0.0,0.36605301825353115,0.32468195183208204,0.9553676144270972,-1.0,1.2088079119945678,Medical Devices,Healthcare,NVNO
2020Q4,2020,Q4,2021-03-31,2020-12-31,-4374003.0,0.0,-4158411.0,-3.0252770229191897,0.0,0.0,10537835.0,7097856.0,9569051.0,3186233.0,3439979.0,0.0,-65323411.0,12506334.35,4052398.3499999996,4.909228610220228,3.0032489777112974,0.08357010714250128,0.12407239594604343,-0.48656577021669345,4.909228610220228,-0.6162428485446872,0.0,-0.7148105722606958,1.761987612879157,0.0,0.0,0.0,0.0,2.92966145288182,-0.4150760568940394,-4.735034589892452,0.0,-1.016851348612793,0.1382957064607129,-1.0,1.5104488519271762,0.0,-1.214944127642271,-1.1632623016230146,0.6245652905445279,-1.0,1.1709961033137732,Medical Devices,Healthcare,NVNO
2020Q3,2020,Q3,2020-11-17,2020-09-30,-1974769.0,0.0,-1922287.0,-1.5,0.0,0.0,7042681.0,4794961.0,5977656.0,1915424.0,2247720.0,0.0,-60949408.0,15650990.674999999,10974806.674999999,3.3164324165058003,3.1208004076382045,0.135292085499826,0.19871256512826693,-0.30092632961166105,3.3164324165058003,-0.4118425572178794,0.0,-1.9813698051518935,3.264049629392189,0.0,0.0,0.0,0.0,2.9387764797768012,-0.2804001771484467,-5.981392997359563,0.0,0.25,0.44329873646252327,-1.0,0.0,0.0,-0.2137814421533219,-0.2434679165901205,0.7651627590704563,-1.0,1.157553854394441,Medical Devices,Healthcare,NVNO
2020Q2,2020,Q2,2020-08-14,2020-06-30,-1626956.0,0.0,-1545908.0,-2.0,0.0,0.0,3733384.0,369445.0,1784732.0,2953091.0,3363939.0,0.0,-58974639.0,8285210.15,7746275.15,0.4303022114653302,0.6043606512633711,0.27454743471338605,2.7744075572818687,-0.7337960732453707,0.4303022114653302,-4.403784054460068,0.0,-1.273115276319704,22.426099013384942,0.0,0.0,0.0,0.0,0.5295895046918635,-0.4357858714774585,-5.744789535248954,0.0,-0.3333333333333333,0.3343388553400109,-1.0,1.0296958167400687,0.0,-0.402840937505928,-0.024784557049293346,0.3343388553400109,-1.0,1.0296958167400687,Medical Devices,Healthcare,NVNO
2020Q1,2020,Q1,2020-06-08,2020-03-31,-1159758.0,0.0,-1508520.0,-1.5,0.0,0.0,2769717.0,-14623.0,840144.0,2252830.0,2784340.0,0.0,-57347683.0,5437299.875,5507491.875,-0.01983422424351756,0.3729282724395538,0.2853443149606982,-54.04657047117554,-0.9632808713537413,-0.01983422424351756,79.3105381932572,0.0,-1.1720763889966699,-371.8320368597415,0.0,0.0,0.0,0.0,0.3196561658003489,-0.4187279783458021,-4.697690746223782,0.0,0.5305790279440865,0.4069255764444753,-1.0,0.0,0.0,0.49372193335553854,0.34383302566172597,0.4069255764444753,-1.0,0.0,Medical Devices,Healthcare,NVNO
2019Q4,2019,Q4,2020-03-18,2019-12-31,-2290753.0,0.0,-2298988.0,-3.1954260446236145,0.0,0.0,3434200.0,989940.0,1423878.0,1876312.0,2444260.0,0.0,-56187925.0,9857168.75,9406570.75,1.3808909378770653,0.7588705929504261,0.24944179139246403,0.8653383033315151,-0.850467186000623,1.3808909378770653,-2.314032163565469,0.0,-1.0757563942948019,9.95733958623755,0.0,0.0,0.0,0.0,0.6967023608014019,-0.6670412323102906,-6.024508794275439,0.0,-0.2781704178494458,0.0898313372695783,-1.0,1.143581456444818,0.0,-0.26219588461040444,-0.25351438413900723,0.0898313372695783,-1.0,1.143581456444818,Medical Devices,Healthcare,NVNO
2019Q3,2019,Q3,2019-10-31,2019-09-30,-1814895.0,0.0,-1834034.0,-2.5,0.0,0.0,5751434.0,3083998.0,3060262.0,2015594.0,2667436.0,0.0,-53897172.0,15305494.750000002,13285028.750000002,4.301942431491802,1.5182928704887988,0.1604718058139935,0.29926835231410653,-0.3720237636423088,4.301942431491802,-0.588487735724861,0.0,-2.1083168378886934,4.962874408478864,0.0,0.0,0.0,0.0,1.460318397455043,-0.3155552163164873,-10.056654984108963,0.0,0.23076923076923078,-0.0318625353291268,-1.0,0.0,0.0,0.0673825540602552,0.06424401859436138,-0.0318625353291268,-1.0,0.0,Medical Devices,Healthcare,NVNO
2019Q2,2019,Q2,2019-08-05,2019-06-30,-1946023.0,0.0,-1959949.0,-3.25,0.0,0.0,7253156.0,4652015.0,4629922.0,1882989.0,2601141.0,0.0,-52082277.0,14912365.875,11436282.875,7.837916387965501,2.4588152134717727,0.13638931797413428,0.21265043212457396,-0.2955950218693222,7.837916387965501,-0.4183182986297336,0.0,-1.9157489242162091,3.205571322319468,0.0,0.0,0.0,0.0,2.3714084362680823,-0.2683001716769914,-9.280606283423708,0.0,0.0,-0.15175764473522135,-1.0,1.5409066523000172,0.0,-0.23657040679254204,-0.2386388269026714,-0.15175764473522135,-1.0,1.5409066523000172,Medical Devices,Healthcare,NVNO
2019Q1,2019,Q1,2019-05-09,2019-03-31,-1573726.0,31243.0,-1582341.0,-3.25,0.0,0.0,5488010.0,2865047.0,2945640.0,1838501.0,2622963.0,0.0,-50136254.0,20609274.0,18912326.0,5.838729399201544,1.6021965720986826,0.192339846319522,0.3684278128770662,-0.3179835186598215,5.838729399201544,-0.5492845318069826,659.6445283743559,-3.2739616044978606,7.193345868322579,0.0,0.0,0.0,0.0056929560988409275,1.5115716553866438,-0.2867571305445872,-13.78219486342708,0.0,0.14503129976095103,-0.20914614780256233,-0.8450791814016537,0.0,-1.0,0.11669958571947354,0.1203953698963213,-0.20914614780256233,-0.8450791814016537,0.0,Medical Devices,Healthcare,NVNO
2018Q4,2018,Q4,2019-03-14,2018-12-31,-1781643.0,30462.0,-1798923.0,-3.801308748602494,30462.0,1.0,3559436.0,2036443.0,2836973.0,1522993.0,1522993.0,0.0,-48562528.0,17283017.5,14542372.5,4.344949348399375,1.8627616804542109,0.0,0.0,-0.8833652599164327,4.344949348399375,-0.8748798763333911,567.3631902041889,-2.42515160163961,8.486865333328751,0.0,0.0,0.0,0.008558097406443043,1.8205382427890344,-0.5005408160169196,-11.929178383243535,1.0,-0.16963346110845967,-0.08274516512821195,-0.906468627863077,1.4517765585320133,-0.2688301089722049,-0.21351604655059442,-0.2092404985860221,-0.08274516512821195,-0.906468627863077,1.4517765585320133,Medical Devices,Healthcare,NVNO
2018Q3,2018,Q3,2018-11-07,2018-09-30,-1468166.0,41662.0,-1487647.0,-3.25,41662.0,1.0,5435795.0,3542438.0,4364171.0,1893357.0,1893357.0,0.0,-46780885.0,33980170.0,29790723.0,7.558136260059912,2.3049910819776724,0.0,0.0,-0.4199500457029876,7.558136260059912,-0.41445072574311814,815.6154289280399,-5.786159398869065,9.592311848506593,0.0,0.0,0.0,0.007664380279241583,2.2275297263009564,-0.2700922312191685,-19.384264596740287,1.0,0.7994994661487573,-0.2767546708449602,-0.8680158756876997,0.0,-0.5002339167256457,0.7090097480622498,0.5219303813027854,-0.2767546708449602,-0.8680158756876997,0.0,Medical Devices,Healthcare,NVNO
2018Q2,2018,Q2,2018-08-10,2018-06-30,-5045413.0,83363.0,-3111779.0,-16.209433149994858,83363.0,1.0,7205703.0,4610619.0,6109020.0,2595084.0,2595084.0,0.0,-45312719.0,29181000.0,23238576.0,14.812567466844865,2.3540740877751936,0.0,0.0,-0.6749156675058164,14.812567466844865,-1.0943027389597797,350.04738313160516,-1.4459173114272312,6.329085096816718,0.0,0.0,0.0,0.01156903080795864,2.301038424960425,-0.7001971910304935,-18.935643082497656,1.0,-0.4570276988759423,-4.694052177174568,2.028294925201559,2.0222380392780566,1.6835023338161919,-0.06275446357199083,-1.1365710542722096,-4.694052177174568,2.028294925201559,2.0222380392780566,Medical Devices,Healthcare,NVNO
2018Q1,2018,Q1,2018-03-31,2018-03-31,-4747487.0,31065.0,-1456436.0,-11.125,31065.0,1.0,2800096.0,-15740562.0,446937.0,13369903.0,18540658.0,0.0,-40267306.0,57472058.0,61860090.0,-35.878541568843765,0.03342858957166705,1.6774999857147754,-0.29841126384178657,0.13188292266123453,-35.878541568843765,0.301608481323602,1850.0582005472397,-3.026446307277934,-3.6512074981820857,0.0,0.0,0.0,0.011094262482429174,0.02544476201510213,-1.6954729409277396,-35.358303305178545,1.0,-0.3806045235030678,-3.07982383018949,-0.8277114714821305,0.0,-0.5972854198265469,-0.5196631668170596,0.24486169706968577,-3.07982383018949,-0.8277114714821305,0.0,Medical Devices,Healthcare,NVNO
2017Q4,2017,Q4,2017-12-31,2017-12-31,-3124039.0,175123.0,-1928701.0,-8.058064283153335,77139.0,0.44048468790507245,2214888.0,-11130451.0,170413.0,8174584.0,13345339.0,0.0,-35519819.0,50787521.0,53328703.0,-28.709593464898592,0.02084668773358987,1.1823938727375831,-0.23528875873942573,0.2265972678871293,-28.709593464898592,0.28067496995404767,290.0105697138583,-4.0642515186270085,-4.562934691505313,0.0,0.0,0.0,0.07906630041789924,0.013807308115006219,-1.4104726740133136,-39.68134690331311,0.44048468790507245,-0.3172906146086553,-1.2952174421728266,-0.3499542821364623,-1.9851490299198005,1.7342305898478028,-0.38546424890503567,-0.06430232416975412,-1.2952174421728266,-0.3499542821364623,-1.9851490299198005,Medical Devices,Healthcare,NVNO
2017Q3,2017,Q3,2017-09-30,2017-09-30,-2254868.0,27880.0,-1812174.0,-6.11715,-105061.0,-3.7683285509325684,1931225.0,-8160708.0,548958.0,5525525.0,10091933.0,0.0,-32395780.0,50787521.0,52145254.0,-21.04951623844763,0.09934947357943363,0.864330153141141,-0.2045430371972628,0.27916140079969287,-21.04951623844763,0.2763078889723784,1821.6470946915351,-5.630875177615719,-6.223420933575861,0.0,0.0,0.0,0.014436432834081995,0.07548603978807443,-1.1675843052984505,-41.99675933582509,-3.7683285509325684,-0.9694147758827457,-1.3705833935619236,-0.8932233794092433,0.0,-3.707757731958763,-0.8054658774997758,-0.4712273583044515,-1.3705833935619236,-0.8932233794092433,0.0,Medical Devices,Healthcare,NVNO
2017Q2,2017,Q2,2017-06-30,2017-06-30,-1248912.0,38800.0,-1231743.0,-3.106075,38800.0,1.0,1731766.0,-6357169.0,371765.0,3522527.0,8088935.0,0.0,-30140912.0,57472058.0,58494687.0,-14.490330918722277,0.10553929040146463,0.5997028466894488,-0.163365957393928,0.23159053920713327,-14.490330918722277,0.1964572595128429,1481.2386082474227,-11.504425051564882,-9.040511271605332,0.0,0.0,0.0,0.022404874561574716,0.06095510410566051,-0.7211782654238506,-51.571550608660694,1.0,-0.07741187358302609,0.0,0.0,0.0,5.604794683123665,-0.07327117260344605,-0.08943163495717871,0.0,0.0,0.0,Medical Devices,Healthcare,NVNO
2017Q1,2017,Q1,2017-03-31,2017-03-31,-1163650.0,180308.0,-1130629.0,-2.882904,-8426.0,-0.046731148922954054,,,,,,,,57472058.0,,,0.0,0.0,0.0,0.0,,0.0,318.7438050447013,-12.3473677652215,0.0,0.0,0.0,0.0,0.0,0.0,0.0,-94.28449701423978,-0.046731148922954054,0.17884850351175846,0.0,0.0,0.0,-1.0907387465001077,0.24450772405070853,0.004354625942474907,0.0,0.0,0.0,Medical Devices,Healthcare,NVNO
2016Q4,2016,Q4,2016-12-31,2016-12-31,-1540254.0,304859.0,-1135574.0,-3.510806486171071,92860.0,0.3045998313974657,1782867.0,-4219359.0,393221.0,2066588.0,6002226.0,90908.0,-27728350.0,57472058.0,58048316.0,-9.617474094976728,0.1902754685500932,0.3549182300194013,-0.14996875117760777,0.3166168839623854,-9.617474094976728,0.36504454823588134,188.52012897765852,-9.328340974930109,-13.621040067934489,0.0,2.3320169842038103,0.0,0.17099368601247317,0.11916453594040032,-0.8639197427514222,-80.12834855350296,0.3045998313974657,-0.43095746855199846,0.0,0.0,0.0,1.9152555737349446,-0.43095746855199835,-0.07100624642195934,0.0,0.0,0.0,Medical Devices,Healthcare,NVNO
2016Q3,2016,Q3,2016-09-30,2016-09-30,-1076380.0,295472.0,-1060287.0,-2.4534666915877623,-101458.0,-0.343376022093464,,,,,,,,57472058.0,,,0.0,0.0,0.0,0.0,,0.0,194.50932068013213,-13.34845918727587,0.0,0.0,0.0,0.0,0.0,0.0,0.0,-121.37761511136267,-0.343376022093464,0.0,0.0,0.0,0.0,0.0,0.0,0.0,0.0,0.0,0.0,Medical Devices,Healthcare,NVNO
