Quarters,Year,Quarter,FillingDate,Date,NetIncome,Revenue,OperatingIncome,EPSDiluted,GrossProfit,GrossProfitRatio,TotalAssets,CommonStockEquity,CurrentAssets,CurrentLiability,TotalLiability,Inventory,RetainedEarnings,MarketCap,EnterpriseValue,bookValuePerShare,currentRatio,debtToAssets,debtToEquity,roic,shareholdersEquityPerShare,roe,priceToSalesRatio,peRatio,pbRatio,payoutRatio,inventoryTurnover,dividendYield,assetTurnover,quickRatio,returnOnAssets,priceToFreeCashFlowsRatio,grossProfitMargin,epsdilutedGrowth,fiveYNetIncomeGrowthPerShare,fiveYRevenueGrowthPerShare,fiveYShareholdersEquityGrowthPerShare,grossProfitGrowth,netIncomeGrowth,operatingIncomeGrowth,threeYNetIncomeGrowthPerShare,threeYRevenueGrowthPerShare,threeYShareholdersEquityGrowthPerShare,Industry,Sector,Symbol
2023Q1,2023,Q1,2023-05-04,2023-03-31,11694000.0,164622000.0,17488000.0,0.0441,80604000.0,0.4896307905,4157363000.0,1677066000.0,737423000.0,155236000.0,2480297000.0,144163000.0,-108624000.0,1047090110.0,3047811110.0,10.394672087963853,4.750334973846273,0.5468295647986476,1.3555632276845395,0.004906481136147943,10.394672087963853,0.006972891943429775,6.360572159249675,22.38519988883188,0.6243583198276037,0.5750812382418334,0.5827986376532119,0.006422560900704143,0.03959769690546628,3.44874255971553,0.0028128407358222027,12.124290610562394,0.48963079053832415,-0.4588957055214724,0.17878970893231091,-0.014949774752320429,0.4310815902161142,-0.19341151983348678,-0.4591119333950046,-0.5510602248806284,1.37560970912324,0.08938310260100908,0.602969561874547,REIT—Diversified,Real Estate,ESRT
2022Q4,2022,Q4,2023-02-28,2022-12-31,21620000.0,181273000.0,38954000.0,0.0815,99932000.0,0.5512790101,4163594000.0,1683091000.0,712620000.0,162763000.0,2480503000.0,85782000.0,-109468000.0,1089992800.0,3100365800.0,10.40743878308187,4.378267788133667,0.54635658520019,1.351565066891808,0.009208254156792483,10.40743878308187,0.012845413587262959,6.01299035156918,12.603987049028678,0.6476137059731173,0.31059204440333027,0.9482292322398639,0.006160591152528714,0.04353762638720298,3.248428696939722,0.005192629252515975,29.310336667742284,0.5512790101118203,1.150395778364116,0.2217860346188787,-0.020414536299104145,0.41553646261749727,0.017264546602060345,1.1367859260723463,0.09646184592000451,0.350112454233581,0.03599309194713205,0.4909039134978291,REIT—Diversified,Real Estate,ESRT
2022Q3,2022,Q3,2022-11-03,2022-09-30,10118000.0,183712000.0,35527000.0,0.0379,98236000.0,0.5347282703,4201140000.0,1673829000.0,783017000.0,174685000.0,2527311000.0,0.0,-116232000.0,1063802399.9999999,2982733400.0,10.32176486911479,4.482451269427827,0.5489412397587321,1.377786500293638,0.007746848808968488,10.32176486911479,0.006044822977735479,5.790598327817452,26.284898201225538,0.6355502264568244,0.6665348883178493,0.0,0.006339523204685382,0.043729083058407954,3.7641755159286716,0.0024083939121286126,11.779844308857562,0.5347282703361783,-0.7894444444444445,-0.48190670903455274,-0.043833302523583494,0.4048230892980898,-0.1859727044473355,-0.7922168600472328,-0.23596206370029463,-0.3095086001875666,0.0475793932285903,0.4966447033399873,REIT—Diversified,Real Estate,ESRT
2022Q2,2022,Q2,2022-08-04,2022-06-30,48695000.0,198022000.0,46499000.0,0.18,120679000.0,0.6094221854,4217231000.0,1666093000.0,771881000.0,193845000.0,2551138000.0,0.0,-114860000.0,1174839540.0,3122915540.0,9.9695604303546,3.981949495731125,0.7713445149198609,1.952434828067821,0.009328352628767588,9.9695604303546,0.02922705995403618,5.932873822100575,6.031623061916008,0.7051464354030658,0.1407331348187699,0.0,0.00583313700865056,0.04695545489445563,3.282467951198122,0.011546676006128192,73.49637410071942,0.6094221854137419,3.8616852146263914,1.7360666839706458,0.05645909686442435,0.3594236903327998,0.38967065868263473,3.827652285000871,6.68832671957672,3.550391726995893,0.18863443294299426,0.44042574708390847,REIT—Diversified,Real Estate,ESRT
2022Q1,2022,Q1,2022-05-05,2022-03-31,-17221000.0,164034000.0,6048000.0,-0.0629,86840000.0,0.529402441,4243330000.0,1662032000.0,779184000.0,192457000.0,2581298000.0,0.0,-129747000.0,1666758420.0,3575154420.0,9.79215346636737,4.0486134565123635,0.551008759629819,1.4067791715201632,0.0013738015626218875,9.79215346636737,-0.01036141301731856,10.16105453747394,-24.196597468207422,1.0028437599276065,-0.4063643226293479,0.0,0.004198568860387097,0.0386569038938758,3.502501857557792,-0.004058369252450316,24.622315749043477,0.5294024409573626,-3.2789115646258504,-2.5537592021563977,-0.0831363178161424,0.31618461277877086,-0.04777569437591149,-3.227049582719686,-0.7397590361445783,-4.018412634644711,0.015868066940130092,0.3969010832873246,REIT—Diversified,Real Estate,ESRT
2021Q4,2021,Q4,2022-02-25,2021-12-31,-4074000.0,160334000.0,23240000.0,-0.0147,91197000.0,0.5687938927,4282447000.0,998128000.0,794756000.0,179860000.0,2598115000.0,0.0,-133610000.0,1538080200.0,3453642200.0,5.775602078487195,4.418747915045035,0.5462430708424413,2.343644302133594,0.011086305226918268,5.775602078487195,-0.004081640831636824,9.592975912782068,-94.38391016200295,1.5409648862670922,-1.727049582719686,0.0,0.004574533889715244,0.03743980952945827,3.7099077059935506,-0.0009513252586663653,33.83444862403484,0.5687938927488867,0.6325000000000001,-1.2100725275710136,-0.2067471330271718,-0.23826401519957338,-0.047600647485770975,0.3126370845284292,0.7602060137847458,-1.17553672126864,-0.20015431701883385,-0.2038290606197132,REIT—Diversified,Real Estate,ESRT
2021Q3,2021,Q3,2021-11-05,2021-09-30,-5927000.0,165048000.0,13203000.0,-0.04,95755000.0,0.5801645581891328,4112163000.0,1038978000.0,931547000.0,179756000.0,2398482000.0,0.0,-88654000.0,1730114820.0,3312211820.0,6.023270374621726,5.182285987672178,0.526313037688438,2.0830903060507535,0.004092862366990791,6.023270374621726,-0.0057046443716806325,10.48249491057147,-72.97599207018727,1.6652083297240172,-1.1997637928125526,0.0,0.004110131835065143,0.04013654128010004,4.62986492801353,-0.0014413339159950614,20.77018439818483,0.5801645581891328,-5.0,-1.2900967095392595,-0.255468048006936,-0.280553903996584,0.08821156228336345,-2.896033269353807,-0.5014725872224739,-1.3475384714713148,-0.13938800324545525,-0.1651081466678065,REIT—Diversified,Real Estate,ESRT
2021Q2,2021,Q2,2021-08-05,2021-06-30,3126000.0,153408000.0,26484000.0,0.01,87993000.0,0.5735880788485607,4123472000.0,1055659000.0,900350000.0,164840000.0,2390264000.0,0.0,-73260000.0,2059380000.0,3683607000.0,6.151321271450631,5.461963115748604,0.5250019886154192,2.0506915585430523,0.01114400597915054,6.151321271450631,0.0029611834882286798,13.424202127659575,164.69769673704414,1.9508004005081185,2.27575175943698,0.0,0.0034544377433984984,0.03720359929690319,4.798501577287066,0.0007580990000659639,199.37844902701133,0.5735880788485607,2.7688160407383835,-0.8029323213451719,-0.33959230150467096,0.42286472506655076,0.11397645271553361,2.9898154042011456,0.4433484113575672,-0.8217252235380875,-0.1725510151197065,-0.1546682155851791,REIT—Diversified,Real Estate,ESRT
2021Q1,2021,Q1,2021-05-07,2021-03-31,-1571000.0,145304000.0,18349000.0,-0.005653499159712251,78990000.0,0.5436188955569013,4151523000.0,1053495000.0,902690000.0,189556000.0,2420328000.0,0.0,-69272000.0,1911410550.0000002,3509660550.0,6.134422220281247,4.7621283420203,0.5145824797309325,2.0278226284889818,0.0034340680572766376,6.134422220281247,-0.0014912268211999108,13.154562503441063,-304.1709977721197,1.8143518004356927,0.0,0.0,0.0,0.03500016740844264,4.283525712718141,-0.00037841534299581144,26.041015667574936,0.5436188955569013,-2.8742090053621787,-1.1441992683010815,-0.3494176367640606,0.40303452355195585,-0.04580705950568964,-2.8702380952380953,-0.055441161330176056,-1.1487750064043734,-0.18317576007118921,-0.15544630636089757,REIT—Diversified,Real Estate,ESRT
2020Q4,2020,Q4,2021-02-26,2020-12-31,840000.0,151399000.0,19426000.0,0.0030164720922465894,82782000.0,0.5467803618253754,4150695000.0,1085189000.0,889170000.0,94354000.0,2419388000.0,0.0,-65673000.0,1602760400.0,3988624400.0,6.31033901261848,9.423765818089324,0.5147689724250999,1.9689187782036124,-0.0012237104538968895,6.31033901261848,0.000774058712353332,10.586334123739258,477.01202380952384,1.4769412517082277,1.25,0.0,0.0006551197546433016,0.03647557818630374,8.168842868346864,0.00020237574671229757,85.52616862326575,0.5467803618253754,1.0603294418449318,-0.9316723886926712,-0.3673945292980742,0.4060985574985767,0.0948262180606253,1.1174168297455969,0.6286049631120053,-0.9553594235006583,-0.23061581013269883,-0.1417182315441839,REIT—Diversified,Real Estate,ESRT
2020Q3,2020,Q3,2020-11-05,2020-09-30,-7154000.0,146575000.0,11928000.0,-0.05,75612000.0,0.5158587753709705,4010714000.0,1099209000.0,728465000.0,179268000.0,2266899000.0,0.0,-64293000.0,1059053760.0,2678712760.0,6.3520468309370814,4.063552892875471,0.48958689151108753,1.7863691072398424,0.0038697376746420205,6.3520468309370814,-0.006508316434818129,7.225336926488146,-37.00914733016494,0.9634689672300718,0.0,0.0,0.0,0.03654586190887707,3.4742787335162997,-0.0017837222998199323,11.882124537192864,0.5158587753709705,0.28571428571428575,-1.418319980611675,-0.44151724799153946,0.4034260643484874,-0.026860062549067556,0.3909415971394517,34.712574850299404,-1.343283374962948,-0.28509796507724794,-0.1354674161291504,REIT—Diversified,Real Estate,ESRT
2020Q2,2020,Q2,2020-08-10,2020-06-30,-11746000.0,141030000.0,334000.0,-0.07,77699000.0,0.5509395164149472,4550395000.0,1110161000.0,1256201000.0,93363000.0,2794357000.0,0.0,-56089000.0,1228031000.0,2895130000.0,6.328119567014188,13.455019654466973,0.5517903390804535,2.26171158958025,8.13425890870451e-05,6.328119567014188,-0.010580447340520879,8.707587038218819,-26.13721692491061,1.106173789207151,-1.6380895624042227,0.0,0.015668171243234087,0.03099291380198862,12.0948769855296,-0.0025813143694118864,127.27028707638097,0.5509395164149472,-4.5,-1.6654862346828962,-0.4494162022729641,0.42633922472928887,-0.14941761177037263,-3.1183047790802525,-0.9876172468765061,-1.6287011339464799,-0.2832582712395458,-0.1371138462168239,REIT—Diversified,Real Estate,ESRT
2020Q1,2020,Q1,2020-05-06,2020-03-31,5545000.0,170224000.0,26973000.0,0.02,91348000.0,0.5366340821505781,4664558000.0,1178524000.0,1338150000.0,111928000.0,2814682000.0,0.0,-16966000.0,1628399360.0000002,3159441360.0,6.484634727441799,11.955453505825174,0.538265147523088,2.130435188422128,0.007604114998110766,6.484634727441799,0.004705037826976795,9.566214869818593,73.41746438232643,1.3817277883182695,3.6135256988277726,0.0,0.01230472112197342,0.03649306107888464,11.263365735115432,0.0011887514315397085,25.1397066724303,0.5366340821505781,-0.7777777777777777,-0.010129473745709399,-0.3253494281114369,0.44765510080080645,-0.18780841283530866,-0.6891816143497758,-0.42747070809984716,-0.5327652298842194,-0.11141302497811437,-0.12838616377241024,REIT—Diversified,Real Estate,ESRT
2019Q4,2019,Q4,2020-02-28,2019-12-31,17840000.0,194933000.0,47112000.0,0.09,112471000.0,0.5769726008423407,3931834000.0,1257671000.0,583433000.0,130456000.0,1983921000.0,0.0,15764000.0,2515117360.0,3979052360.0,6.980623425063553,4.472258845894401,0.4243754949980086,1.3267174006556564,0.015295745724552057,6.980623425063553,0.014184949800066949,12.902470900258038,35.245478699551576,1.9998213841298718,1.1286434977578474,0.0,0.0080055906417027,0.049578135801257125,3.6819234071257743,0.004537322786262086,73.50275761295225,0.5769726008423407,0.0,1.330641329628913,-0.34589889651887756,0.508800706813284,0.058142269806474675,0.10697443534375775,0.040482342807924204,-0.11761274937919017,-0.07490245639458502,-0.07933545508306579,REIT—Diversified,Real Estate,ESRT
2019Q3,2019,Q3,2019-10-31,2019-09-30,16116000.0,192873000.0,45279000.0,0.09,106291000.0,0.5510932064104359,3925317000.0,1230023000.0,616218000.0,114351000.0,1984971000.0,0.0,18059000.0,2545083040.0,3949905040.0,6.8966033461918,5.388829131358712,0.4252336817637913,1.3570290962038922,0.014725588984228202,6.8966033461918,0.013102194024014186,13.195641899073484,39.480687515512535,2.069134512118879,1.1877016629436585,0.0,0.007520776217973619,0.04913564942653039,4.70203146452589,0.00410565567061208,23.329480718286234,0.5510932064104359,0.5,0.03128045222759174,-0.3762674610851732,0.5282503716787185,0.06943354462219539,0.4235491564349439,0.24945500703661802,-0.23711136743380273,-0.1585263527575379,-0.17623914509841446,REIT—Diversified,Real Estate,ESRT
2019Q2,2019,Q2,2019-07-31,2019-06-30,11321000.0,176244000.0,36239000.0,0.06,99390000.0,0.5639340913733234,4155575000.0,1223651000.0,864970000.0,108947000.0,2207543000.0,0.0,21084000.0,2648404080.0,4342474080.0,6.921259530758615,7.939365012345452,0.46188674250855777,1.5685885926624503,0.01106582707483596,6.921259530758615,0.009251820984905009,15.026917682304079,58.484322939669646,2.164345945044788,1.6699054853811501,0.0,0.007138261167457497,0.04241145930466903,7.031942137002396,0.0027242920654783035,232.76534364563193,0.5639340913733234,1.0,-0.3776748247244217,-0.38599068165179057,0.7252693908171232,0.1226576001626549,0.9152427677211977,0.3897453597177481,-0.30722209624944674,-0.2635194702596732,0.6009594694807249,REIT—Diversified,Real Estate,ESRT
2019Q1,2019,Q1,2019-05-02,2019-03-31,5911000.0,167293000.0,26076000.0,0.03,88531000.0,0.5291972766344079,4192440000.0,1232693000.0,920801000.0,117650000.0,2225239000.0,0.0,28668000.0,2796015000.0,4822277000.0,7.009911856696048,7.826612834679133,0.4577696997452557,1.5568937277975943,0.008852261944830936,7.009911856696048,0.004795192314712584,16.713281488167468,118.25473693114533,2.268216822842346,3.1727288106919302,0.0,0.006707403214932681,0.039903492953983835,6.980611984700382,0.0014099188062321702,35.891440527842676,0.5291972766344079,-0.7692307692307693,-0.2646724313836994,-0.3519575431336862,0.7560424133310744,-0.2694075608407536,-0.7438464205234876,-0.5541802017438878,-0.47013617194538637,-0.268492258098321,0.6032721565014529,REIT—Diversified,Real Estate,ESRT
2018Q4,2018,Q4,2019-02-28,2018-12-31,23076000.0,199309000.0,58490000.0,0.13,121177000.0,0.6079855902141901,4195780000.0,1246486000.0,965498000.0,125433000.0,2204671000.0,0.0,41511000.0,2445126670.0,4559078670.0,7.254223675863795,7.697320481850869,0.4573483357087359,1.5394741697861027,0.017887854944247713,7.254223675863795,0.018512843305099294,12.268019356878014,26.489931855607562,1.9616158304224838,0.8047321892875715,0.0,0.007594698560136354,0.04750225226298805,6.659499493753637,0.0054998117155808934,26.687986880450563,0.6079855902141901,0.3,-0.8294207565971281,-0.13108478846998736,0.7998836282372959,0.1378976824550201,0.3921332046332046,0.20503523012897112,0.8785973751038628,-0.16652404474649662,0.6164192487927115,REIT—Diversified,Real Estate,ESRT
2018Q3,2018,Q3,2018-11-06,2018-09-30,16576000.0,186402000.0,48538000.0,0.1,106492000.0,0.5713028830162766,4166832000.0,1209550000.0,961561000.0,128340000.0,2177381000.0,0.0,37004000.0,2747898230.0,4836837230.0,7.214431845971239,7.492293906810036,0.46046588871353583,1.5862791947418462,0.014459929277654245,7.214431845971239,0.013704270183125956,14.741785120331327,41.44392842060811,2.2718351701045845,1.0834942084942085,0.0,0.006535904351887152,0.0447347049269085,6.67400654511454,0.0039780821497003,35.35820461680992,0.5713028830162766,0.0,2.9727216505582574,0.6362497569996899,21.91332637253487,0.01721272327825007,-0.018300266508735563,-0.022692036645525018,0.0004244668176456956,-0.2669302082139289,0.593962066335732,REIT—Diversified,Real Estate,ESRT
2018Q2,2018,Q2,2018-08-03,2018-06-30,16885000.0,178529000.0,49665000.0,0.1,104690000.0,0.5864033294310729,4162905000.0,1202537000.0,987230000.0,129944000.0,2179764000.0,0.0,38389000.0,2825877600.0,4892579600.0,7.276812944764487,7.59734962753186,0.4608558206348692,1.5953762753245846,0.015181186143803512,7.276812944764487,0.014041148006256773,15.828675453287701,41.84005922416346,2.3499298566281124,1.0553153686704175,0.0,0.006305651738065371,0.04288567718936656,6.647602043957397,0.004056061812604419,68.71100736742287,0.5864033294310729,0.6666666666666669,2.049435046215538,0.66221272033444,23.706399840038134,0.1602442619498842,0.6881623675264947,0.40340218712029163,0.015556753922359414,-0.2600970699827755,0.6401718747916574,REIT—Diversified,Real Estate,ESRT
2018Q1,2018,Q1,2018-05-03,2018-03-31,10002000.0,168496000.0,35389000.0,0.06,90231000.0,0.535508261323711,4141813000.0,1181533000.0,1001386000.0,106830000.0,2168475000.0,0.0,39323000.0,2731178930.0,3958987930.0,7.263507656746605,9.373640363193859,0.4631498331769203,1.6235517755322957,0.011583271656943941,7.263507656746605,0.008465273504844977,16.20916181986516,68.26582008598281,2.311555352241537,1.74375124975005,0.0,0.006385886991300127,0.040681701467449156,8.427351867452963,0.0024148844962338955,39.836332117852976,0.535508261323711,-0.4545454545454546,1.9200228216639286,0.5209766107384654,27.44331086269106,-0.1636527107065726,-0.42865303324574433,-0.30560788007220785,0.994881712255986,-0.2538929342504211,0.6215337256387216,REIT—Diversified,Real Estate,ESRT
2017Q4,2017,Q4,2018-02-28,2017-12-31,17506000.0,183070000.0,50964000.0,0.11,107887000.0,0.5893210247446332,3931347000.0,1176286000.0,798183000.0,110413000.0,1953610000.0,0.0,46762000.0,3284574170.0,4508951170.0,7.352292970141697,7.229067229402335,0.4295527716072888,1.4356381016181439,0.016585405108645125,7.352292970141697,0.014882435054059982,17.94162981373245,46.90640594653262,2.7923261604745786,0.981377813321147,0.0,0.005230510596142208,0.046566736540936224,6.079918125583038,0.004452926694082206,187.31532192757342,0.5893210247446332,-0.0833333333333333,-0.5450305233481401,0.25402312072329464,63.05676509608042,-0.023655894516791703,-0.08056722689075631,-0.10244624081999261,1.5754328469346603,-0.3082336868482267,0.5891338286805147,REIT—Diversified,Real Estate,ESRT
2017Q3,2017,Q3,2017-11-06,2017-09-30,19040000.0,187320000.0,56781000.0,0.12,110501000.0,0.5899049754430921,3848934000.0,1161635000.0,742914000.0,129312000.0,1878708000.0,0.0,46436000.0,3247415080.0,4392600080.0,7.347377009778498,5.745128062360802,0.4097991807601793,1.3578189362407296,0.01949771929689584,7.347377009778498,0.016390690707494177,17.336189835575485,42.639378676470585,2.795555471383007,0.8907037815126051,0.0,0.005222307460615722,0.04866802080783926,4.944869772333581,0.004946824237568116,37.54844807252041,0.5899049754430921,0.1999999999999999,0.2243906681893608,0.8277081380527352,35.1198682591705,0.033908137391580974,0.13212034724699726,0.10395847105027803,0.374444130961194,-0.31663656935778356,0.6281394017328749,REIT—Diversified,Real Estate,ESRT
2017Q2,2017,Q2,2017-08-03,2017-06-30,16818000.0,177124000.0,51434000.0,0.1,106877000.0,0.6034021363564509,3831201000.0,1158140000.0,753058000.0,124670000.0,1867248000.0,0.0,44355000.0,3280019170.0,4418560170.0,7.333666833416708,6.040410684206305,0.41227254847761835,1.3638238900305661,0.017371787375293265,7.333666833416708,0.01452156043310826,18.5182085431675,48.75756882506838,2.832143929058663,1.0030919253181116,0.0,0.005143262623065706,0.04623197790979904,5.056733777171734,0.004389746191859942,119.71309792328186,0.6034021363564509,0.6666666666666669,0.507244765923669,0.7908183338693986,29.742291696605164,0.17536373733930122,0.6457579019473529,0.4027709594719904,0.034997920798352136,-0.309170965442311,0.8280705778934695,REIT—Diversified,Real Estate,ESRT
2017Q1,2017,Q1,2017-05-03,2017-03-31,10219000.0,164954000.0,36666000.0,0.06,90931000.0,0.5512506516968367,3866176000.0,1164277000.0,810306000.0,120676000.0,1891250000.0,0.0,44407000.0,3230015520.0,4306372520.0,7.439802419277539,6.714723723026948,0.4161215112814316,1.3818008944606825,0.013553454864018363,7.439802419277539,0.008777120908512322,19.581310668428774,79.01985321460025,2.7742672233497703,1.635776494764654,0.0,0.005175207331511522,0.04266593140095019,5.892033212900659,0.002643180238044,53.8022073790289,0.5512506516968367,-0.4545454545454546,-0.4612408265067823,0.6144254570195008,86.34356579960986,-0.16012265972087525,-0.40587209302325583,-0.3036029705038841,0.42848519940131985,-0.28198089776676144,0.8637336477454913,REIT—Diversified,Real Estate,ESRT
2016Q4,2016,Q4,2017-02-27,2016-12-31,17200000.0,179263000.0,52651000.0,0.11,108267000.0,0.603956198434702,3890953000.0,1162140000.0,844250000.0,128473000.0,1908090000.0,0.0,50904000.0,3094581870.0,4152541870.0,7.582157327122194,6.571419675729531,0.41437945922245784,1.387381038429105,0.01799250864638894,7.582157327122194,0.014800282237940351,17.26280308820002,44.97938764534884,2.6628305281635605,0.9625,0.0,0.005349672652221671,0.0460717464333288,5.6742428370163385,0.004420510861991908,54.756823321242145,0.603956198434702,-0.0833333333333333,-0.6045314110860583,0.12544765030878638,139.5059906626334,0.027961869315052887,0.061269821681989266,-0.01744858731758295,-0.8574638890213598,-0.12386313399513547,0.8812489729552871,REIT—Diversified,Real Estate,ESRT
2016Q3,2016,Q3,2016-11-08,2016-09-30,16207000.0,175848000.0,53586000.0,0.12,105322000.0,0.5989377189390838,3882569000.0,1145562000.0,851881000.0,123346000.0,1929730000.0,0.0,50259000.0,2866609450.0,3888145450.0,8.372094043016569,6.906433933812203,0.4161762482521238,1.4105155373519722,0.01790837229480727,8.372094043016569,0.014147641070496403,16.301632375688094,44.21869331153206,2.5023608063116614,1.0163509594619609,0.0,0.00574616120099653,0.045291661268608494,6.140807160345695,0.004174297997022075,40.94220535306216,0.5989377189390838,0.3333333333333333,0.5333490740175301,0.7128383769099566,76.26672677907638,0.07496657378772568,0.43133445200035325,0.2125724112961622,3.7593563270981054,0.8913576063338114,25.26917862436183,REIT—Diversified,Real Estate,ESRT
2016Q2,2016,Q2,2016-08-03,2016-06-30,11323000.0,165815000.0,44192000.0,0.09,97977000.0,0.5908814039743088,3301654000.0,529600000.0,290966000.0,111139000.0,1964885000.0,0.0,50524000.0,2326312980.0,3950013980.0,4.323194723351455,2.6180368727449412,0.5025223721201555,3.1328455438066465,0.01858259633215768,4.323194723351455,0.021380287009063446,14.029568977474897,51.362558067649914,4.392584932024169,1.1630309988518943,0.0,0.005660889189553506,0.05022179792310157,1.6549546063937952,0.0034294932176418243,71.55024082674622,0.5908814039743088,0.5,-0.13764490008060493,0.9472224118394243,0.0,0.13019956165647711,0.4778125815713913,0.29542123468370757,1.7586327443953877,1.0826471757212133,14.48999743704945,REIT—Diversified,Real Estate,ESRT
2016Q1,2016,Q1,2016-05-05,2016-03-31,7662000.0,157074000.0,34114000.0,0.06,86690000.0,0.5519054713065179,3263371000.0,528072000.0,276489000.0,97810000.0,1914396000.0,0.0,52370000.0,2117238340.0000002,3695314340.0,4.372253224925069,2.8267968510377264,0.49719017543515587,3.072527988607614,0.016394566360978278,4.372253224925069,0.014509385083852203,13.479241249347442,69.0824308274602,4.00937436561681,1.377186113286348,0.0,0.004983850802550647,0.04813243728647463,1.9058991923116246,0.0023478789264230145,35.56052906498262,0.5519054713065179,-0.14285714285714296,-0.6644850217435743,0.7775243496803638,0.0,-0.08262608732459946,-0.09710110770681121,-0.08369594413107709,2.012681126001999,0.9096284102085151,16.917495604166955,REIT—Diversified,Real Estate,ESRT
2015Q4,2015,Q4,2016-02-26,2015-12-31,8486000.0,165200000.0,37230000.0,0.07,94498000.0,0.5720217917675545,3300650000.0,532733000.0,303855000.0,109177000.0,1927964000.0,0.0,55260000.0,2145017420.0,3730748420.0,4.487835492729938,2.783141137785431,0.49457409904109795,3.064229172962816,0.01662355272389943,4.487835492729938,0.01592918028355668,12.984366949152543,63.19282995522037,4.026439923939384,1.2209521564930474,0.0,0.004830263802706087,0.05005074758002212,1.7175320809327972,0.0025710087407025887,49.220225332721434,0.5720217917675545,-0.3,-0.4468391272294005,1.1331500250200055,39.23504016417201,-0.08448138890503594,-0.25912345032303125,-0.17892508215160002,-0.7027541379137254,0.5251615856910099,38.87941450282369,REIT—Diversified,Real Estate,ESRT
2015Q3,2015,Q3,2015-11-06,2015-09-30,11454000.0,175779000.0,45343000.0,0.1,103218000.0,0.5872032495349274,3308767000.0,524575000.0,293660000.0,102315000.0,1936157000.0,0.0,57135000.0,1973777000.0000002,3556797000.0,4.526100086281277,2.870155891120559,0.4924517199307174,3.1061487871133773,0.01915742688372227,4.526100086281277,0.02183481866272697,11.228741772339133,43.08051772306618,3.762621169518182,0.892439322507421,0.0,0.005178903189164733,0.053125227614999784,1.9058984508625323,0.003461712474767791,23.91761184625079,0.5872032495349274,0.0,0.27937142627338013,1.0213755399072642,41.69050548387547,0.07392340266145059,0.008807468733485996,0.006749705810519772,0.0047642482546345595,1.339610780171382,22.018376825662987,REIT—Diversified,Real Estate,ESRT
2015Q2,2015,Q2,2015-08-05,2015-06-30,11354000.0,164773000.0,45039000.0,0.1,96113000.0,0.5833055172874196,3293964000.0,500681000.0,280115000.0,101674000.0,1921418000.0,0.0,55903000.0,1925255119.9999998,3524441120.0,4.436616098961472,2.755030784664713,0.49587882563379565,3.2623706511731023,0.02042612764242185,4.436616098961472,0.02267711377104384,11.684287595661909,42.39156068345957,3.845272978203686,0.8715871058657741,0.0,0.005140098004258262,0.05002270820203256,1.598727304915711,0.003446910773766805,64.81903979529997,0.5833055172874196,2.3333333333333335,-0.06134188817073379,1.1004469252713573,0.0,0.25464062867138343,2.367141162514828,0.8958201793155701,0.4239310207860888,1.331260443573422,18.388097517759075,REIT—Diversified,Real Estate,ESRT
2015Q1,2015,Q1,2015-05-06,2015-03-31,3372000.0,151882000.0,23757000.0,0.03,76606000.0,0.504378399020292,3272988000.0,490047000.0,247170000.0,101797000.0,1905282000.0,0.0,54445000.0,2057813999.9999998,3629718000.0,4.479405850091408,2.428067624782656,0.4914063235184486,3.2820668221619558,0.011582783705399087,4.479405850091408,0.006880972641399702,13.548768122621507,152.56628113879003,4.1992176260644385,2.8588374851720046,0.0,0.004684582765983709,0.04640469198176101,1.527039107242846,0.001030251256649887,43.43120660180241,0.504378399020292,-0.25000000000000006,-0.8369848968986794,0.8975274808483338,0.0,-0.16466572889746695,-0.22960932145305005,-0.24055367303880826,-0.7456970261278345,1.126371032689556,52.38422317773817,REIT—Diversified,Real Estate,ESRT
2014Q4,2014,Q4,2015-02-27,2014-12-31,4377000.0,170411000.0,31282000.0,0.04,91707000.0,0.53815187986691,3296495000.0,476642000.0,280358000.0,96563000.0,1915398000.0,0.0,60713000.0,1811126759.9999998,3377046760.0,4.6266040263244745,2.903368785145449,0.48889866358056056,3.381263086341531,0.014323856465131318,4.6266040263244745,0.009182992686334818,10.627992089712517,103.44566826593557,3.7997632604764155,2.109207219556774,0.0,0.005097379269024771,0.05169460290399348,1.7768814142062694,0.0013277738931804842,49.05012349691257,0.53815187986691,-0.5555555555555556,-0.6712485579006313,1.5354303038113037,40.41730730923682,-0.04547441608726425,-0.4888473665771342,-0.27941582972450013,-0.8502744989362111,0.5917246603256835,84.73622968717544,REIT—Diversified,Real Estate,ESRT
2014Q3,2014,Q3,2014-11-10,2014-09-30,8563000.0,169441000.0,43412000.0,0.09,96076000.0,0.5670174278952556,3302016000.0,441026000.0,272504000.0,97413000.0,1908913000.0,0.0,65568000.0,1467889580.0,3013139580.0,4.512744425912472,2.7974089700553315,0.48399765476605805,3.6237500736918005,0.01880408946719685,4.512744425912472,0.019416088847369544,8.663131001351504,42.85558741095411,3.3283515711091862,1.0032698820506831,0.0,0.005852620058792161,0.05131440913672133,1.8230831613850307,0.0025932642361514904,26.447507837555403,0.5670174278952556,-0.10000000000000009,0.1342933687893878,1.310779486769884,41.57043554261968,0.1792662419756723,-0.12924547488305876,0.06807725427481855,0.1342933687893878,1.310779486769884,41.57043554261968,REIT—Diversified,Real Estate,ESRT
2014Q2,2014,Q2,2014-08-05,2014-06-30,9834000.0,155168000.0,40645000.0,0.1,81471000.0,0.5250502680965148,2476625000.0,383410000.0,249064000.0,74807000.0,1476781000.0,0.0,65596000.0,1576954500.0,2764026500.0,4.011697864459627,3.3294210434852354,0.49618452531166407,3.2050885475078896,0.025209750457893917,4.011697864459627,0.0256487832868209,10.16288474427717,40.08934563758389,4.112971753475392,0.8260117958104535,0.0,0.005151068087252993,0.06265300560238228,2.0576149290841768,0.0039707262908191595,70.96366213662137,0.5250502680965148,1.0,-0.04001865560684186,1.3356182887446861,0.0,0.26590322881382267,1.2508583199816892,0.5896824155193993,-0.04001865560684186,1.3356182887446861,0.0,REIT—Diversified,Real Estate,ESRT
2014Q1,2014,Q1,2014-05-07,2014-03-31,4369000.0,140306000.0,25568000.0,0.05,64358000.0,0.45869741849956525,2450416000.0,381524000.0,227685000.0,71712000.0,1455876000.0,0.0,63885000.0,1444138250.0,2602980250.0,3.9918807219461154,3.1749916331994643,0.4911594602712356,3.1545721894297607,0.016130528071648616,3.9918807219461154,0.011451442111112277,10.292776146422819,82.63551441977569,3.7851832388001805,1.8603799496452278,0.0,0.0056282700080826755,0.057258032921756956,2.082189870593485,0.00178296256635608,60.39892304475115,0.45869741849956525,-0.9367088607594937,-0.7582339377222839,1.0064623998519433,0.0,-0.006575697703136577,-0.9419363412851353,0.1540510042879711,-0.7582339377222839,1.0064623998519433,0.0,REIT—Diversified,Real Estate,ESRT
2013Q4,2013,Q4,2014-03-24,2013-12-31,75245000.0,127583000.0,22155000.0,0.79,64784000.0,0.5077792495865436,2476061000.0,385200000.0,60743000.0,882800000.0,2090900000.0,0.0,67644000.0,1462282200.0,3492794200.0,4.030384832695084,0.0688072043497961,0.8445720844518774,5.42889927310488,0.008946411178753777,4.030384832695084,0.19534008307372794,11.461418841068168,4.858403216160543,3.7961635514018695,1.7376304073360356,0.0,0.08941365763735618,0.05152659809269643,0.1678749433620299,0.030388992839837144,-11.084025256391792,0.5077792495865436,30.743480532004664,5.0919871777290036,1.046148152559041,35.337694909896626,0.8958211401147138,31.987724682156948,1.1574642126789365,5.0919871777290036,1.046148152559041,35.337694909896626,REIT—Diversified,Real Estate,ESRT
2013Q3,2013,Q3,2013-09-30,2013-09-30,2281000.0,62278000.0,10269000.0,0.024887,34172000.0,0.5487009859019236,1122222000.0,-31618000.0,224868000.0,53259000.0,1153840000.0,0.0,0.0,1200678325.3999999,2178215325.3999996,-0.3449681661089474,4.222159634991269,0.9651717752815396,-34.256973875640455,0.009765872038451041,-0.3449681661089474,-0.07214245050287811,19.279333398631938,131.59560778167472,-37.97451848314251,1.9894782989916704,0.0,0.003779530207216981,0.05549525851391258,3.407217559473516,0.002032574659915774,68.12745831820244,0.5487009859019236,0.9542456295092804,-0.677824275251849,-0.09438681972463937,-2.1013297954600856,0.036394516559505034,-0.25724519700423315,-0.12283249338002904,-0.677824275251849,-0.09438681972463937,-2.1013297954600856,REIT—Diversified,Real Estate,ESRT
2013Q2,2013,Q2,2013-06-30,2013-06-30,3071000.0,59569000.0,11707000.0,0.012734837230389116,32972000.0,0.5535093756819822,1093773000.0,-29373000.0,200441000.0,59938000.0,1123146000.0,0.0,0.0,1200678325.3999999,2165656325.3999996,-0.3204740952343005,3.3441389435750275,0.955860128198447,-35.5937085078133,0.011521265676036613,-0.3204740952343005,-0.10455179927143976,20.1560933606406,97.743269732986,-40.876938869029374,2.5721263432106807,0.0,0.00657878120467319,0.054461940457480665,2.5906102973072174,0.0028077123863909604,994.7624899751448,0.5535093756819822,-0.39522072325644125,-0.6873976423025465,-0.06502530311448067,0.0,-0.04381869326914711,0.5911917098445596,-0.181729223457049,-0.6873976423025465,-0.06502530311448067,0.0,REIT—Diversified,Real Estate,ESRT
2013Q1,2013,Q1,2013-03-31,2013-03-31,1930000.0,62420000.0,14307000.0,0.021057,34483000.0,0.5524351169496956,1085907000.0,-25176000.0,218880000.0,51077000.0,1111083000.0,0.0,0.0,1200680500.0,2137967500.0,-0.2746822322841089,4.285294751062122,0.9603640090726001,-41.42302192564347,0.014058308522241547,-0.2746822322841089,-0.07666031140768986,19.235509452098686,155.52856217616582,-47.6914720368605,10.118134715025906,0.0,0.01626411022749183,0.05748190222551287,3.5175715096814613,0.0017773161053386709,27.799965269738365,0.5524351169496956,-0.9124447972145353,-0.8886324293133294,-0.0691778881283646,0.0,-0.1539367470618544,-0.9124438597287121,-0.595436036647438,-0.8886324293133294,-0.0691778881283646,0.0,REIT—Diversified,Real Estate,ESRT
2012Q4,2012,Q4,2012-12-31,2012-12-31,22043000.0,83633000.0,35364000.0,0.24049969996181333,40757000.0,0.4873315557256107,1052553000.0,-10859000.0,201209000.0,50064000.0,1063412000.0,0.0,0.0,1200680500.0,2145670500.0,-0.11847689705962577,4.019035634387984,0.9467352237844555,-91.76618473155908,0.03587958970404716,-0.11847689705962577,-2.0299290910765264,14.356539882582235,13.6174806060881,-110.57008011787457,0.5972417547520755,0.0,0.010964615482636723,0.07945728148606293,3.124800255672739,0.020942413351156663,19.425343795502346,0.4873315557256107,1.4451463018952533,0.8609539890249049,0.3986387049300958,-0.009388362149098403,0.18187617804842685,1.445146977260122,1.1002494357999761,0.8609539890249049,0.3986387049300958,-0.009388362149098403,REIT—Diversified,Real Estate,ESRT
2012Q3,2012,Q3,2012-09-30,2012-09-30,9015000.0,59415000.0,16838000.0,0.098358,34485000.0,0.5804089876293865,1053348000.0,-19737000.0,212791000.0,65661000.0,1073085000.0,0.0,0.0,1200680500.0,2098720500.0,-0.21534013419889805,3.240751739997868,0.9410707572426207,-50.22419820641435,0.017331282976064757,-0.21534013419889805,-0.4567563459492324,20.208373306404106,33.29674154187465,-60.8339919947307,0.6468108707709374,0.0,0.004856412675978331,0.056405860171567235,1.8779031693090267,0.008558425135852539,86.71051491297754,0.5804089876293865,0.39206338634959853,0.2733050847457628,-0.1360205906731231,-0.9359489946051986,-0.03986969958515466,0.3920630018529957,0.0035761115746811302,0.2733050847457628,-0.1360205906731231,-0.9359489946051986,REIT—Diversified,Real Estate,ESRT
2012Q2,2012,Q2,2012-06-30,2012-06-30,6476000.0,57404000.0,16778000.0,0.07065626534286182,35917000.0,0.6256881053585116,998388000.0,-23386000.0,180455000.0,41548000.0,1021774000.0,0.0,0.0,1200680500.0,2101253500.0,-0.25515247395123014,4.3432896890343695,0.9660062019976202,-41.24044300008552,0.01782877448162344,-0.25515247395123014,-0.2769178140767981,20.91632116228834,46.35116198270537,-51.34184982468143,3.045243977764052,0.0,0.016424852406614416,0.05749668465566493,2.1645566573601616,0.006486456167341755,-73.40917706040597,0.6256881053585116,-0.41705156270069865,-0.34079804560260585,-0.09900803616273227,0.0,-0.06575627519833528,-0.41704923935547755,-0.1487137855801918,-0.34079804560260585,-0.09900803616273227,0.0,REIT—Diversified,Real Estate,ESRT
2012Q1,2012,Q1,2012-03-31,2012-03-31,11109000.0,59842000.0,19709000.0,0.121205,38445000.0,0.6424417633100498,993660000.0,-7990000.0,195611000.0,48375000.0,1001650000.0,0.0,0.0,1200680500.0,2047440500.0,-0.08717473132944192,4.0436382428940565,0.943134472556005,-117.2909887359199,0.021211517868193485,-0.08717473132944192,-1.3903629536921152,20.064177333645265,27.020445134575567,-150.27290362953693,2.177153659195247,0.0,0.02014357691325877,0.0602238190125395,2.3028837209302324,0.011179880442002294,34.254265091863516,0.6424417633100498,-0.5728604938864965,-0.3589728793998846,-0.10762164660970186,0.0,-0.46211209670649467,-0.5728621962473085,-0.5839174125992231,-0.3589728793998846,-0.10762164660970186,0.0,REIT—Diversified,Real Estate,ESRT
2011Q4,2011,Q4,2011-12-31,2011-12-31,26008000.0,95248000.0,47368000.0,0.28375975124106706,71474000.0,0.7503989585083152,1008623000.0,4946000.0,228167000.0,47767000.0,1003677000.0,0.0,0.0,1200680500.0,2054069500.0,0.05396323168403251,4.776665899051647,0.931671199248877,189.99292357460575,0.05014338628763427,0.05396323168403251,5.258390618681763,12.605834243238704,11.541453591202705,242.75788515972502,0.459089510919717,0.0,0.009944360718775727,0.09443369822024682,2.916595138903427,0.025785650337142817,-23.370455076300217,0.7503989585083152,2.673446327683616,1.1956943858168003,0.5928824670546526,1.4597508830637667,0.49383438531956697,2.673446327683616,1.5491335701216231,1.1956943858168003,0.5928824670546526,1.4597508830637667,REIT—Diversified,Real Estate,ESRT
2011Q3,2011,Q3,2011-09-30,2011-09-30,7080000.0,68769000.0,18582000.0,0.07724619497026894,47846000.0,0.6957495383094127,995166000.0,-10195000.0,224405000.0,51699000.0,1005361000.0,0.0,0.0,1200680500.0,2012103500.0,-0.11123233866128417,4.340606201280489,0.9419001453023917,-91.94183423246689,0.020042021157264396,-0.11123233866128417,-0.6944580676802354,17.459618432724046,42.39691031073446,-117.77150564001961,2.773728813559322,0.0,0.016355724940981385,0.06910304411525313,2.747171125166831,0.007114390965929303,45.15194419374248,0.6957495383094127,-0.27931596091205213,0.0,0.0,0.0,0.13910911125395806,-0.27931596091205213,0.02295623451692816,0.0,0.0,0.0,REIT—Diversified,Real Estate,ESRT
2011Q2,2011,Q2,2011-06-30,2011-06-30,9824000.0,63712000.0,18165000.0,0.10718455076100594,42003000.0,0.6592635610246107,,,,,,,,1200680500.0,,,0.0,0.0,0.0,0.0,,0.0,18.845437280261176,30.554776567589577,0.0,0.6268322475570033,0.0,0.005128758233351837,0.0,0.0,0.0,365.6152557856273,0.6592635610246107,-0.4331229234287999,0.0,0.0,0.0,-0.11016248967226659,-0.4331217541834968,-0.32672349888806523,0.0,0.0,0.0,REIT—Diversified,Real Estate,ESRT
2011Q1,2011,Q1,2011-03-31,2011-03-31,17330000.0,67059000.0,26980000.0,0.189079,47203000.0,0.7039025335898239,,,,,,,,1200680500.0,,,0.0,0.0,0.0,0.0,,0.0,17.904837531129303,17.320838141950375,0.0,0.516733987305251,0.0,0.007458270539081796,0.0,0.0,0.0,104.9087374399301,0.7039025335898239,0.4630676019417474,0.0,0.0,0.0,0.3036621741051701,0.463064584212748,0.2264193826992136,0.0,0.0,0.0,REIT—Diversified,Real Estate,ESRT
2010Q4,2010,Q4,2010-12-31,2010-12-31,11845000.0,59796000.0,21999000.0,0.12923462986198245,36208000.0,0.6055254532075725,904536000.0,-10758000.0,189310000.0,30496000.0,915294000.0,0.0,0.0,1200680500.0,1981712500.0,-0.11737493862855272,6.207699370409234,0.9607832081862966,-80.78295222160253,0.025630748976179795,-0.11737493862855272,-1.1010410857036623,20.079612348652084,25.341504854368928,-111.608152072876,0.7839594765723934,0.0,0.007733947540582195,0.06610682161904004,3.2468520461699897,0.013095111747901686,35.48005378091664,0.6055254532075725,0.0,0.0,0.0,0.0,0.0,0.0,0.0,0.0,0.0,0.0,REIT—Diversified,Real Estate,ESRT
