Quarters,Year,Quarter,FillingDate,Date,NetIncome,Revenue,OperatingIncome,EPSDiluted,GrossProfit,GrossProfitRatio,TotalAssets,CommonStockEquity,CurrentAssets,CurrentLiability,TotalLiability,Inventory,RetainedEarnings,MarketCap,EnterpriseValue,bookValuePerShare,currentRatio,debtToAssets,debtToEquity,roic,shareholdersEquityPerShare,roe,priceToSalesRatio,peRatio,pbRatio,payoutRatio,inventoryTurnover,dividendYield,assetTurnover,quickRatio,returnOnAssets,priceToFreeCashFlowsRatio,grossProfitMargin,epsdilutedGrowth,fiveYNetIncomeGrowthPerShare,fiveYRevenueGrowthPerShare,fiveYShareholdersEquityGrowthPerShare,grossProfitGrowth,netIncomeGrowth,operatingIncomeGrowth,threeYNetIncomeGrowthPerShare,threeYRevenueGrowthPerShare,threeYShareholdersEquityGrowthPerShare,Industry,Sector,Symbol
2023Q1,2023,Q1,2023-05-15,2023-03-31,-1285371.0,8534292.0,-1159914.0,-0.0178,246426.0,0.028874803,62095568.0,39632737.0,15377504.0,21914427.0,22462831.0,3957324.0,-121166172.0,35428268.595,39133211.595,0.5498290209488009,0.7017068710032893,0.06327599741095855,0.0991392292689753,-0.027651304925280486,0.5498290209488009,-0.03243205232078723,4.1512838551809566,-6.890669813423517,0.8939142556568828,0.0,2.094310700867556,0.0,0.13743802134155533,753.6124510579264,-0.02069988312209335,74.66520952802453,0.028874802971353686,0.9109999999999999,0.4794835573968762,-0.795872481064847,1.4235974561442244,-0.8590791703932786,0.8900514222640714,-1.0295958005249344,0.7582422741003182,0.13418607871958546,-0.8117024762158696,Packaged Foods,Consumer Defensive,PLAG
2022Q4,2022,Q4,2023-03-31,2022-12-31,-11690656.0,6968782.0,-571500.0,-0.2,1748684.0,0.2509310809,60720386.0,40586498.0,13834973.0,19572964.0,20133888.0,4153680.0,-119880801.0,36891536.36,40674798.36,0.6820976094474587,0.7068409771764766,0.063845921532844,0.0955181942526798,-0.014461515813615027,0.6820976094474587,-0.28804298414709245,5.293828442330382,-0.7889107411936507,0.9089608164764548,0.0,1.2567405288804145,0.0,0.11476840743403706,0.18821973003169065,-0.19253263640320073,30.263571986402056,0.2509310809263369,-5.079027355623102,0.9941447523289996,-0.8292172699232044,1.3428419757081014,1.504829364368845,-4.091680382364175,0.7290561339747489,-1.2491056330666852,-0.39016865239031456,-0.7408472295270088,Packaged Foods,Consumer Defensive,PLAG
2022Q3,2022,Q3,2022-11-14,2022-09-30,-2296031.0,10264434.0,-2109293.0,-0.0329,698125.0,0.0680139791,97587992.0,61028612.0,24772676.0,34500600.0,35070093.0,8208172.0,-98943143.0,46007480.64,52265461.64,0.8754855375623541,0.718036092125934,0.06644760146309804,0.1062532439702217,-0.03166947036445505,0.8754855375623541,-0.03762220579422648,4.482222852229358,-5.009457694604298,0.753867393215497,0.0,1.1654615668385118,0.0,0.10518132189870245,0.2971098183799702,-0.0235278024779934,-22.91570962148905,0.06801397914390604,-0.19202898550724634,-1.0110327272832185,-0.7425298613352833,-0.9738671155459621,-0.05920933830326846,-0.5357881978678518,-0.4131319269186011,0.9122892419884285,0.7315683688937104,-0.5540242668022035,Packaged Foods,Consumer Defensive,PLAG
2022Q2,2022,Q2,2022-08-12,2022-06-30,-1495018.0,15544255.0,-1492637.0,-0.0276,742062.0,0.0477386662,95544641.0,57998594.0,26996491.0,34995042.0,35617129.0,8288512.0,-96787007.0,42795974.2963,49353631.2963,1.0707710216416746,0.7714375939311632,0.07177074431626154,0.11823234887383649,-0.023702391479671344,1.0707710216416746,-0.025776797278913348,2.753169855763432,-7.156431276462893,0.7378795130154363,0.0,1.785868561208574,0.0,0.1626910189552128,0.1446957257545226,-0.015647324479454584,-15.56238751528203,0.047738666150291535,0.08910891089108915,0.9760419553346023,-0.6562288511694098,-0.9638011930863742,-0.3619190358387527,-0.18516868433590528,-0.35692175666376064,0.4837336669845963,0.9877453008752591,-0.6680888329786513,Packaged Foods,Consumer Defensive,PLAG
2022Q1,2022,Q1,2022-05-13,2022-03-31,-1261439.0,11979355.0,-1100017.0,-0.0303,1162959.0,0.0970802685,88140809.0,49937022.0,27944228.0,35867408.0,36229743.0,8041578.0,-95302160.0,37371286.0881,44173197.0881,1.1990085044161272,0.7790980602780107,0.08119054137567537,0.1433045006167969,-0.02057699258650066,1.1990085044161272,-0.025260597237856914,3.1196409229127946,-7.4064790465690375,0.7483683365840278,0.0,1.3450588926700704,0.0,0.13591156169215557,0.3508557127964195,-0.014311634012798771,-6.827319534979994,0.09708026851195244,0.9108823529411765,0.9968230181349489,-0.7690214590620652,-0.9605260478603946,-0.5339295611689924,0.8723007357311316,0.8797843320532748,-22.636499101743855,0.46656656025657217,-0.22532816801206768,Packaged Foods,Consumer Defensive,PLAG
2021Q4,2021,Q4,2022-03-31,2021-12-31,-9878201.0,29283563.0,-9150363.0,-0.34,2495243.0,0.0852096789,86015582.0,51256350.0,27303566.0,34378887.0,34759232.0,7816432.0,-94072383.0,29240489.94,28489831.94,1.787982250204389,0.7941957515960304,0.005071069565046947,0.008509989493984647,-0.17600932846523845,1.787982250204389,-0.19272150670112093,0.9985291045355376,-0.740025687369593,0.5704754618696025,0.0,3.4271800739774876,0.0,0.34044486265290863,0.1879255718778796,-0.11484199455861381,1.3711533002014353,0.08520967889050933,-3.25,0.9960406275665363,1.0628517553586838,-0.9534316290890839,0.8469436244829802,-3.116572304425121,-2.911685343688842,0.9642201238588963,-0.3653072348218878,-0.4160555114891948,Packaged Foods,Consumer Defensive,PLAG
2021Q3,2021,Q3,2021-11-15,2021-09-30,-2399618.0,8484401.0,-2339238.0,-0.08,1351012.0,0.1592348122159714,81586255.0,6902432.0,28686171.0,25948515.0,26750704.0,7891349.0,-89064309.0,38700648.45,38115735.45,0.2407784771885392,1.1055033785170365,0.0020850325830006535,0.024644936741137036,-0.33074925535967126,0.2407784771885392,-0.3476481912462158,4.561388417402714,-4.031959300396981,5.606813431845471,0.0,0.9039505159384029,0.0,0.1039930194123998,0.14269248163141512,-0.029412037603638013,-2.975556821534244,0.1592348122159714,-0.6,-1.420485869353588,-0.9889007437163984,-0.9981280688359252,3.6576662920341168,-1.2342499871975716,-1.104429918548226,-1.0048494433297792,0.07929028450520254,-0.9711166743263371,Packaged Foods,Consumer Defensive,PLAG
2021Q2,2021,Q2,2021-08-13,2021-06-30,-1074015.0,4876504.0,-1111578.0,-0.05,290062.0,0.059481546616182414,59526361.0,43071292.0,21129985.0,13805669.0,14369162.0,3620912.0,-86794375.0,40051004.11,43847583.11,1.8174446583182056,1.5305295962115273,0.08806493311425505,0.12170949039559807,-0.02260546478607549,1.8174446583182056,-0.02493575070838367,8.213056753362654,-9.322729223986629,0.9298770074043751,0.0,1.2666538153923652,0.0,0.08192175564032883,0.742183736260807,-0.018042678604190166,56.77965242650728,0.059481546616182414,0.375,-9.874699530317038,-0.9901621284725604,-0.9859095627639669,0.4110270080946451,0.22647200537572842,0.2969870911474655,0.8526051141192859,-0.2541092338933896,4.762989094738665,Packaged Foods,Consumer Defensive,PLAG
2021Q1,2021,Q1,2021-05-17,2021-03-31,-1388463.0,2236143.0,-1581163.0,-0.08,205568.0,0.09192972005815371,52143225.0,36042490.0,20853476.0,13246634.0,13955996.0,3532651.0,-85720360.0,36638546.699999996,40269351.699999996,2.154371835387237,1.574247163468093,0.09776591302129854,0.14143945104791594,-0.0376671886881823,2.154371835387237,-0.03852294888616186,16.38470647896847,-6.5969612982124834,1.0165376115801101,0.0,0.5748020396014212,0.0,0.04288463170431058,0.7665531485205977,-0.026627869680097463,-3.71785351806711,0.09192972005815371,0.6400153055524521,0.9586953978781358,-0.9935511953252035,-0.9838421929163914,-0.5099386374364084,0.35367417048374483,0.31275923713273246,-1.422548884076604,-0.7695557297122915,2.6597640253401176,Packaged Foods,Consumer Defensive,PLAG
2020Q4,2020,Q4,2021-03-31,2020-12-31,-2148240.0,1167149.0,-2300741.0,-0.22223167049580367,419474.0,0.35940055639854035,21970355.0,18311436.0,13517140.0,3627556.0,3658919.0,2251628.0,-84331897.0,21556671.87,18172284.87,1.8942860255171663,3.7262388230533174,0.0,0.0,-0.12564503406505093,1.8942860255171663,-0.11731685051898715,18.469511493391163,-2.5086433394313485,1.177224542630081,0.0,0.33205973633299996,0.0,0.053123811608870225,1.4728787095223341,-0.09777902997015751,17.974887864743938,0.35940055639854035,0.7385509758872897,-1.1272985436262886,-0.998045277483076,-0.9850666720330004,-0.39123026999413685,0.7378741922046052,-30.374739196247152,0.9933771122889218,-0.8239355884665156,1.9521229140073355,Packaged Foods,Consumer Defensive,PLAG
2020Q3,2020,Q3,2020-11-13,2020-09-30,-8195454.0,1204248.0,-73331.0,-0.85,689052.0,0.5721844669868665,23764485.0,20561892.0,12759199.0,3202593.0,3202593.0,2478446.0,-82183657.0,18946671.24,13388250.239999998,2.1270917624261263,3.9840213851713284,0.0014836845822663524,0.0017147741073632718,-0.0035602496675389717,2.1270917624261263,-0.3985748976796493,15.733197181975804,-0.5779628328095063,0.921445907798757,0.0,0.2078705769663733,0.0,0.05067427297498767,2.3692576609016505,-0.3448614182045182,16.36385021380384,0.5721844669868665,-84.0,-1.5732714780846702,-0.9960015904007142,-0.9834842383036378,2.7543561410964728,-68.64541020106395,0.34611131917322063,-1.2839787355459948,-0.7821711179614406,-0.936507182739545,Packaged Foods,Consumer Defensive,PLAG
2020Q2,2020,Q2,2020-07-31,2020-06-30,-117674.0,471441.0,-112146.0,-0.01,183534.0,0.3893042819780206,26892587.0,23245213.0,19184041.0,3292179.0,3647374.0,2113151.0,-73988203.0,24545854.900000002,20930555.900000002,2.5190512545562225,5.827156117574409,0.023277083755460195,0.02692945855131549,-0.004624259246827888,2.5190512545562225,-0.005062289599153167,52.06559230105146,-52.147999770552545,1.0559531074204396,0.0,0.13624535113676212,0.0,0.017530518726219982,2.215536275518433,-0.004375703981175184,212.27929516561449,0.3893042819780206,0.8571428571428571,0.9578760694479719,-0.9978745411706555,-0.9814564296228984,11.573453162806775,0.8004832187454963,0.7495522374726987,0.9889309641196274,-0.938800032309425,-0.9148401963387068,Packaged Foods,Consumer Defensive,PLAG
2020Q1,2020,Q1,2020-05-14,2020-03-31,-589795.0,834711.0,-447782.0,-0.07,-17358.0,-0.020795221340080577,26707063.0,23348684.0,18972621.0,2996930.0,3358379.0,2272599.0,-73870529.0,23668518.16,20140744.16,2.920001335647622,6.330685401394093,0.02209898557546369,0.025277613076608516,-0.01840818918623818,2.920001335647622,-0.025260310174226523,28.35534473608231,-10.032518993887708,1.0136981664576898,0.0,0.37493152113505285,0.0,0.031254316507958964,2.0852061943388733,-0.022083858490916805,-3.468080911715477,-0.020795221340080577,-1.0887519204727139,0.7927636631985511,-0.9961180005295747,-0.9791655939148007,-1.0244266602121819,-1.094924383348403,-1.1864905139232134,0.992263035805964,-0.9161707937543595,-0.903867243187681,Packaged Foods,Consumer Defensive,PLAG
2019Q4,2019,Q4,2020-05-14,2019-12-31,6213314.0,1512917.0,2401098.0,0.7887153272533517,710617.0,0.46969992405399635,25898098.0,20734506.0,18157598.0,4789864.0,5163592.0,1946548.0,-73280734.0,21585076.1,14716286.100000001,2.6320290082275872,3.7908379027045442,0.020639855482823488,0.02577987630860364,0.1086198097222782,2.6320290082275872,0.29966057546777336,14.267191194229426,0.8685009360544148,1.0410219611694633,0.0,0.41216553611829765,0.0,0.058418073790592655,1.8365832516330318,0.23991391182472163,8.567427260477052,0.46969992405399635,3.075566650666715,1.9470911901701466,-0.9972787382495836,-0.9814072796543176,15.178330753119024,3.100293140538443,1.8009068791123606,1.009062609149648,1.0118165323744055,-0.9314482550990525,Packaged Foods,Consumer Defensive,PLAG
2019Q3,2019,Q3,2019-11-14,2019-09-30,-2958308.0,669906.0,-2997974.0,-0.38,43924.0,0.06556740796469952,21477891.0,15464674.0,14522607.0,7032769.0,7032769.0,1810489.0,-82305001.0,26705623.35,24007745.35,1.963078868181521,2.0649913284511405,0.0,0.0,-0.19358904214401876,1.963078868181521,-0.19129455945854404,39.86473229079901,-2.2568325669605733,1.726879166673672,0.0,0.345752998223132,0.0,0.031190492586073745,0.6008613392534292,-0.13773735978080903,-6.326192561916713,0.06556740796469952,-6.6,-1.442671882920235,-0.9978614342019771,-0.9860344410652342,-0.45470571439212426,-8.376392208072113,-9.263484205805526,-2.8864015072211107,-0.9968109009173279,-0.9847380523633428,Packaged Foods,Consumer Defensive,PLAG
2019Q2,2019,Q2,2019-08-12,2019-06-30,-315506.0,852009.0,-292101.0,-0.05,80551.0,0.0945424285424215,25724364.0,19038407.0,17530927.0,7705509.0,7705509.0,1525779.0,-79346693.0,28326772.8,21291103.8,3.2260771195227718,2.275116024132864,0.0,0.0,-0.015345251861136692,3.2260771195227718,-0.016572079796382123,33.24703471442203,-22.44551038649027,1.4878751567817623,0.0,0.5056158198533339,0.0,0.033120702226107517,1.2048373442948415,-0.01226487076609552,-9.125928579620798,0.0945424285424215,-36.7183277027027,-1.0345855884837176,-0.9938519839667281,-0.9769421527124871,-0.7299275457072256,-41.99610187110187,-5.594372267136431,-11.469399591639979,-0.9930974813842581,-0.9749885989852908,Packaged Foods,Consumer Defensive,PLAG
2019Q1,2019,Q1,2019-04-15,2019-03-31,7696.0,1078245.0,63578.0,0.0013998415719842518,298257.0,0.27661338564055477,12230474.0,8509238.0,10034084.0,4762425.0,4762425.0,10265.0,-79031187.0,23805322.45,22437564.45,1.5477631364745492,2.1069274581751944,0.0,0.0,0.000902144289909353,1.5477631364745492,0.0009044288101942853,22.07784172428344,773.3017947635135,2.7975856886362798,0.0,75.98519240136386,0.0,0.08816052427730929,0.5069644141377555,0.000629247893417704,83.60224920542942,0.27661338564055477,1.0001453531119533,-0.998781307479342,-0.9914303689383295,-0.9888012445302807,1.5528591368370712,1.0002944825427833,-0.45744689929426624,1.0006966860950766,-0.9905375182563264,-0.9883917633161122,Packaged Foods,Consumer Defensive,PLAG
2018Q4,2018,Q4,2019-04-15,2018-12-31,-26133977.0,4367439.0,117183.0,-9.630626776217262,-539481.0,-0.12352341956006713,17210461.0,8308882.0,14991024.0,9921130.0,9921130.0,0.0,-79038883.0,6648398.4,5585755.4,3.061904488154621,1.5110198132672388,0.0,0.0,0.014167714552426006,3.061904488154621,-3.145306071262054,1.5222647414193995,-0.06359918354561955,0.8001555925333877,0.0,0.0,0.0,0.25376653187848947,0.7669730161786006,-1.5184937230908573,-1.078240996100044,-0.12352341956006713,-1.5579737413799108,-2.812115564309565,-0.9761145056748901,-0.9779301424130182,-4.176164094834945,-1.5579416771740722,1.2012416280267904,-6.51660688184381,-0.9739437713008218,-0.9758619219540735,Packaged Foods,Consumer Defensive,PLAG
2018Q3,2018,Q3,2018-11-19,2018-09-30,46839980.0,744131.0,-582300.0,17.26,169853.0,0.22825685262406753,35369369.0,22621501.0,17514565.0,10155818.0,10155818.0,6448871.0,-52905390.0,9904756.799999999,14842511.799999999,8.33624492930508,1.724584371244148,0.1426972022034094,0.2231111896597843,-0.021067699294161097,8.33624492930508,2.0705955807264957,13.310501511158652,0.05286486458790119,0.43784701996565123,0.0,0.08905093620263144,0.0,0.02103885426963653,1.0024319065190022,1.3243091783740897,-6.767980550375715,0.22825685262406753,70.04,4.614865810451428,-0.9928498096757506,-0.9375305812359479,-0.6996245594365031,67.03905103365821,-12.296949214468397,10.671587089323896,-0.9911987037175954,-0.9352733919960862,Packaged Foods,Consumer Defensive,PLAG
2018Q2,2018,Q2,2018-08-14,2018-06-30,-709277.0,636387.0,-43792.0,-0.25,565469.0,0.8885615199556245,69784408.0,-1114148.0,19489538.0,78643483.0,78643483.0,10499705.0,-100397924.0,12110831.25,34266161.25,-0.4829789862690061,0.24782139926330576,0.323004158751336,-20.231292431526153,-0.0019477410127132443,-0.4829789862690061,0.6366093194081935,19.030607554836916,-4.26872408452551,-10.870038136764595,0.0,0.006754285001340514,0.0,0.009119329349329724,0.043461109167812415,-0.010163832012446104,-2.1872503165967494,0.8885615199556245,-6.297565532138479,-1.170324544453522,-0.9887863443816675,-1.0037288022767203,3.873178382757224,-10.801613976705491,0.3588005329663089,-0.015654800103785362,-0.9885229962468519,-1.0035553682388723,Packaged Foods,Consumer Defensive,PLAG
2018Q1,2018,Q1,2018-04-17,2018-03-31,-60100.0,1017528.0,-68297.0,-0.034258,116037.0,0.11403813949100172,72767836.0,-2277095.0,18897178.0,82787701.0,82787701.0,10461017.0,-99688647.0,8639986.6,32058322.6,-1.2979988736325123,0.2282606929741895,0.32594363531712006,-10.415996258390624,-0.003028246892152829,-1.2979988736325123,0.026393277399493653,8.491153658670818,-35.94004409317803,-3.794302214005125,0.0,0.08617622932837218,0.0,0.013983210934017606,0.035681181676973976,-0.0008259143504006358,-5.847615637793794,0.11403813949100172,0.9989790524154368,-1.0188338568610216,-0.976928160857649,-1.0103260262124294,1.1241938004242649,0.9988301055536778,0.9980445918493118,0.9037475449222281,-0.9784305919166537,-1.0092613093361456,Packaged Foods,Consumer Defensive,PLAG
2017Q4,2017,Q4,2018-04-17,2017-12-31,-51372156.0,1049898.0,-34927235.0,-33.55510167023846,-934322.0,-0.8899169252632161,68488042.0,-3045943.0,16941482.0,79279338.0,79279338.0,10593403.0,-99628547.0,6736307.600000001,62011079.6,-1.9895393731723297,0.21369353513017478,0.8083201590140363,-18.17508239648608,-0.6542737389566253,-1.9895393731723297,16.865764067154245,6.416154331182649,-0.03278190037420271,-2.2115671895370337,0.0,0.18730713822555414,0.0,0.015329654189851128,0.030622026637003454,-0.7500894243698776,-11.43425366724718,-0.8899169252632161,-12.185033890079486,-7.1807543355356165,-0.990875758306274,-1.0160828043328016,-2.4989780300526547,-12.239531560710942,-20.25498631065651,-39.293043737107574,-0.9902829125655214,-1.0140541571033166,Packaged Foods,Consumer Defensive,PLAG
2017Q3,2017,Q3,2017-10-31,2017-09-30,4570667.0,875574.0,-1643249.0,3.0,623306.0,0.7118827192219047,141416534.0,51289783.0,50511083.0,84433589.0,84433589.0,23059928.0,-49891138.0,14544300.5,69079595.5,33.5012975357598,0.5982344656698177,0.3863659535030041,1.0652908007039141,-0.014865248315283812,33.5012975357598,0.08911457082982785,16.611160792805634,0.7955239629139468,0.28357110615968095,0.0,0.010939669889689162,0.0,0.006191454246785599,0.025585599588808194,0.032320598382081685,28.15154855480477,0.7118827192219047,3.4,-0.265143762603873,-0.9863830909920911,-0.7139131552970855,3.1553287942654213,3.591410133713125,-1.980869454799416,2.5192645847778534,-0.9856174665153056,-0.761668085419218,Packaged Foods,Consumer Defensive,PLAG
2017Q2,2017,Q2,2017-12-11,2017-06-30,-1763776.0,1278053.0,-551265.0,-1.25,-289193.0,-0.22627621859187375,144701716.0,45286795.0,54221680.0,93526861.0,93526861.0,23596047.0,-54195627.0,19137237.5,73099452.5,29.580284902666854,0.5797444650687036,0.37432861542568024,1.1960659393096817,-0.0054860548131976765,29.580284902666854,-0.038946805575444235,14.973743264168231,-2.7125379725089807,0.4225787561252679,0.0,0.06641985413912763,0.0,0.00883232787647107,0.017712152233998316,-0.012189046880411563,-32.40831137469009,-0.22627621859187375,0.868421052631579,-1.4463911988822915,-0.9717694723496109,-0.7388934367140619,-2.179282137439444,0.8791565674105944,0.9348004807069671,-1.745276803305109,-0.9644510889834323,-0.7885798551189902,Packaged Foods,Consumer Defensive,PLAG
2017Q1,2017,Q1,2017-12-11,2017-03-31,-14595547.0,1906473.0,-8455047.0,-9.5,245228.0,0.12862914921952737,142815731.0,46502991.0,53694071.0,90158502.0,90158502.0,20229226.0,-52165673.0,21433706.0,74330029.0,30.374675942648462,0.595551942511201,0.3733113896255588,1.1464797823434627,-0.08385224327107339,30.374675942648462,-0.3138625427340792,11.242596144818206,-0.36712748758234276,0.4609102670406727,0.0,0.0821210361681658,0.0,0.013349180700549017,0.020118879082529566,-0.10219845459461326,-1891.2649783817171,0.12862914921952737,0.8908417474002004,-4.673323708367282,-0.9537208511327422,-0.7251712441091642,1.032113075404337,0.8904325834243345,0.8178892069940753,-9.29977656422477,-0.9455883031482176,-0.780225694528111,Packaged Foods,Consumer Defensive,PLAG
2016Q4,2016,Q4,2017-10-31,2016-12-31,-133210652.0,-24876768.0,-46428039.0,-87.02960860714109,-7636391.0,-0.30696877504344616,148253449.0,58768429.0,66819824.0,82157111.0,82157111.0,11840748.0,-36396455.0,20663586.0,72860499.0,38.39477772638302,0.8133175958438947,0.35495273367974056,0.895429193793831,-0.41127094877423115,38.39477772638302,-2.266704321805165,-0.8306378867222624,-0.038779905528876175,0.35161031784599855,0.0,-1.4560209371907924,0.0,-0.16779891576080636,0.0534132584092447,-0.8985332408691551,-1.2557448866446328,0.30696877504344616,-349.11843442856434,-17.833872036545923,-1.2451382796157315,-0.6431193394141999,-2.206897391000351,-438.1805161730729,-12.570657636370932,-17.375643244967993,-1.2412017031876825,-0.7232548305202722,Packaged Foods,Consumer Defensive,PLAG
2016Q3,2016,Q3,2016-11-21,2016-09-30,304704.0,40814526.0,4012567.0,0.25,6327291.0,0.15502546813847598,285530997.0,196879144.0,180893321.0,79698795.0,80292928.0,45764780.0,98627472.0,24103690.41,47968177.41,128.6257111422964,2.269712120490655,0.21470681167411046,0.3113862075710772,0.00692361867852308,128.6257111422964,0.0015476702804030882,0.5905664667035457,19.776316039500628,0.12242886636077613,0.0,0.753575893951637,0.0,0.14294254014039673,1.1106177452243788,0.0010671485870236358,-7.895947480006002,0.15502546813847598,47.952418249461516,-0.961188524256648,-0.3393183697012423,0.2682930162973871,0.06880439110259155,37.98963531669865,0.2106546084966772,-0.9352440223640388,-0.30471639250937654,-0.03611596332475538,Packaged Foods,Consumer Defensive,PLAG
2016Q2,2016,Q2,2016-08-22,2016-06-30,7815.0,32009562.0,3314378.0,0.005107,5919971.0,0.18494383022173186,281090000.0,197394807.0,175075921.0,74956925.0,75587536.0,53859599.0,98322767.0,43233206.75,65511918.75,128.98426272184864,2.3356870762774755,0.21631133089046212,0.30802711035858205,0.0019121146448006002,128.98426272184864,3.959070716586784e-05,1.3506341245781495,1383.020049584133,0.21901896715043775,0.0,0.48440002310451663,0.0,0.11387655910918211,1.0246265038220284,2.7802483190437225e-05,21.249559729787382,0.18494383022173186,1.0029182857142858,-0.9978444782392941,-0.19377759525983415,0.3562741722524992,0.0049064116907853875,1.0025414890361497,0.23661407862983563,-0.9971711755753927,-0.1497996129869694,-0.00418687733460892,Packaged Foods,Consumer Defensive,PLAG
2016Q1,2016,Q1,2016-04-14,2016-03-31,-3074969.0,31719419.0,2680204.0,-1.75,5891067.0,0.1857243034621788,286866275.0,204050302.0,176674852.0,64544711.0,74843897.0,50570590.0,98314952.0,45146180.5,75661712.5,133.33318217252065,2.7372475492221198,0.21250955693554427,0.29875880801195775,0.01361986956093415,133.33318217252065,-0.015069661597462375,1.4232978384629302,-3.6704581818548414,0.22125025083275793,0.0,0.5107385933207423,0.0,0.11057214376280376,1.102251724389935,-0.010719172199659928,-3.6248596402245243,0.1857243034621788,-2.0024334103640355,-2.1401617466472747,-0.06285070573991258,0.4593660304683423,-0.6408908998607226,-2.1509573441550613,-0.699117651087012,-2.104621194193138,-0.17554129742310906,0.060711193259388556,Packaged Foods,Consumer Defensive,PLAG
2015Q4,2015,Q4,2016-04-14,2015-12-31,2671662.0,94528624.0,8907814.0,1.745751869308191,16404672.0,0.17354184696478814,309537530.0,194127897.0,191049926.0,97003426.0,107569431.0,43712048.0,101389920.0,46676559.5,98515767.5,126.84955622104067,1.969517303440396,0.2342323239446926,0.37348416235096804,-0.011959914148825869,126.84955622104067,0.013762380581498805,0.4937822801694437,4.367745573729012,0.24044230747526205,0.0,1.7872407167927706,0.0,0.30538663276146194,0.9824782889627012,0.008631140786062357,5.485105630145016,0.17354184696478814,0.16383457953879402,-0.7357737900804202,-0.06711891868072851,0.29371797885862155,0.9788408766615267,0.18044751336787346,1.1908590963870238,-0.6784374685842122,-0.1781676270741496,0.025411519829719658,Packaged Foods,Consumer Defensive,PLAG
2015Q3,2015,Q3,2015-11-20,2015-09-30,2263262.0,47681598.0,4065900.0,1.5,8290041.0,0.17386248254515296,325990043.0,197099996.0,197407219.0,105372400.0,117780267.0,58002702.0,100340007.0,36729096.0,93275738.0,128.79162351286837,1.8734243407192017,0.2690013142517976,0.4449099532198874,0.00937946643453341,128.79162351286837,0.011482810988996672,0.7702991833453233,4.057097233992352,0.18634752280766156,0.0,0.6791331376252092,0.0,0.1462670379782121,0.8062710539002623,0.006942733523919318,7.6861930351290475,0.17386248254515296,5.954914407733681,-0.6383550392534751,-0.19417403749224688,0.44674162070019635,0.4279416658571018,6.055264192412844,19.6213958583753,-0.6359777992076946,-0.2581660301777461,0.09982573527585462,Packaged Foods,Consumer Defensive,PLAG
2015Q2,2015,Q2,2015-08-14,2015-06-30,-447704.0,35547904.0,197169.0,-0.3027297500152141,5805588.0,0.1633173083847644,333433641.0,200899807.0,200637575.0,103898258.0,121038905.0,63113539.0,98076745.0,68768385.0,127236081.0,135.8449965852768,1.931096621465973,0.2871186533934649,0.4765311596342151,0.0015700578987386576,135.8449965852768,-0.002228493927821444,1.934527138365176,-38.400586659936025,0.3423018967857943,0.0,0.47125096249158205,0.0,0.10661163010843289,0.7703227805802095,-0.001342707948296075,21.120070281087497,0.1633173083847644,0.14945111405967926,-1.1178349160650694,-0.14194733415461103,0.5130620682932993,0.033444612445008695,0.09937920684924342,-0.7764620118407597,-1.1172995998321613,-0.18713674608105618,0.19911016119975805,Packaged Foods,Consumer Defensive,PLAG
2015Q1,2015,Q1,2015-04-15,2015-03-31,-497106.0,37557311.0,882038.0,-0.3559228105748825,5617706.0,0.14957689596041635,329096977.0,195746997.0,196118527.0,103804531.0,120902041.0,64627138.0,98524449.0,45391710.0,107374147.0,140.1528473481171,1.8893060361690763,0.299999911576216,0.50437077203284,0.005426070053204223,140.1528473481171,-0.002539533211842836,1.2085985069591376,-22.827983367732436,0.23188968768700957,0.0,0.4942135144527056,0.0,0.11412232145784797,0.7620210239185031,-0.0015105152424417438,2.8419670404348025,0.14957689596041635,0.5726070654034743,-1.1995307716961294,0.14198420252803148,0.6090931179198857,-0.6273513977640975,0.5704984093685685,-0.83413248444918,-1.1371399168861516,-0.0006324460315024978,0.2680969088845111,Packaged Foods,Consumer Defensive,PLAG
2014Q4,2014,Q4,2015-04-15,2014-12-31,-1157402.0,98083851.0,5317726.0,-0.8327765429975731,15075076.0,0.15369580054518864,336541719.0,196744898.0,201929498.0,91486430.0,126775266.0,51648160.0,99021555.0,33008011.25,108393483.25,141.56234049090128,2.2072071016433803,0.3139743278009464,0.5370683614880829,-0.013321245715648454,141.56234049090128,-0.005882754835146983,0.3365284999872201,-7.129763740256194,0.16777060846579106,0.0,1.607197139259172,0.0,0.29144633625645683,1.0632171241133794,-0.0034391040832592885,2.077478259588901,0.15369580054518864,-2.110368723996764,-1.145896922647682,0.12940473993513907,0.6069766953677455,0.6463633682011133,-1.9816802530277753,0.9338099619254728,-1.161081429460869,0.06446372416837963,0.3158263852573196,Packaged Foods,Consumer Defensive,PLAG
2014Q3,2014,Q3,2014-11-19,2014-09-30,1179001.0,55264211.0,2749870.0,0.75,9156591.0,0.16568753691245136,360977217.0,195359786.0,230429913.0,103686780.0,152117419.0,77465006.0,104167763.0,42041782.75,114524417.75,140.56572152616434,2.2223654066603284,0.3137874903611992,0.5798027184571138,0.004657289208776225,140.56572152616434,0.006035024014614758,0.7607415719732251,8.914704641895979,0.21520182638815955,0.0,0.5952057887919094,0.0,0.153096119082773,1.0080827854814278,0.0032661368764444767,-4.1606594415056275,0.16568753691245136,-0.5,-0.8219253933171902,0.03546775231357885,0.971460412470276,0.20081494348954024,-0.449177176986371,-0.4094963066005758,-0.834608817129397,-0.014770000028971454,0.3860255570926334,Packaged Foods,Consumer Defensive,PLAG
2014Q2,2014,Q2,2014-08-14,2014-06-30,2140436.0,32516140.0,4656821.0,1.5,7625314.0,0.23450858558242152,318060536.0,193732125.0,199459309.0,62533324.0,113073030.0,62166780.0,102988762.0,39809205.0,99199910.0,139.91232916482508,3.1896482745743695,0.31945590697237586,0.5244680870557735,0.011025226963139912,139.91232916482508,0.011048430919755823,1.224290613830547,4.649660746688992,0.20548582224037443,0.0,0.4003878920542451,0.0,0.10223255110152993,1.3447103499567687,0.0067296497293207105,-8.785427375108606,0.23450858558242152,0.2,-0.16104160114323368,-0.013189178321079473,1.0984353184642766,0.2489824692668783,0.3457731212055671,0.5834739087398403,-0.34750225077333935,-0.0948356141183209,0.47118318484444843,Packaged Foods,Consumer Defensive,PLAG
2014Q1,2014,Q1,2014-05-15,2014-03-31,1590488.0,31689458.0,2940889.0,1.25,6105221.0,0.19265779174891537,310148191.0,191372880.0,191408554.0,55991890.0,107616734.0,53119664.0,100848325.0,41193873.0,95365851.0,138.2084947438664,3.418504965629844,0.3124013546156714,0.5062928195468449,0.0071359033399405305,138.2084947438664,0.008310937265510139,1.2999235581750876,6.475036749727128,0.21525449687541934,0.0,0.4816340141006916,0.0,0.10217521468632393,1.6200206315593204,0.005128155011550591,5.90564543252241,0.19265779174891537,-0.7647978155502082,-0.3412567384862136,0.08716896486872112,1.1373370932623292,-0.6686855225264253,-0.7838694896156014,-0.7210754734142457,-0.34820734388476954,0.034788781946002774,0.5127275826236886,Packaged Foods,Consumer Defensive,PLAG
2013Q4,2013,Q4,2014-03-31,2013-12-31,7358924.0,93301219.0,10543673.0,5.314576490537804,18427269.0,0.19750298224935303,303046312.0,192104600.0,185411958.0,46034459.0,99937804.0,41950253.0,99257837.0,27347193.0,82507904.0,138.73693910742503,4.027677570838836,0.29374356484496666,0.4633824697586627,0.0291826017456556,138.73693910742503,0.03830685990861229,0.29310649199556543,0.9290486285766778,0.14235574265270065,0.0,1.7848271379912775,0.0,0.30787775764121494,2.0338392159664567,0.024283166330036052,-2.3944871060051494,0.19750298224935303,0.7715254968459346,-0.17158502220772223,0.18515095138177917,1.2102234141455843,0.7861043555516095,0.7287902102337732,0.567931271800631,-0.19561855948120288,0.01766212049621531,0.41495546221956703,Packaged Foods,Consumer Defensive,PLAG
2013Q3,2013,Q3,2013-11-14,2013-09-30,4256690.0,53103910.0,6724576.0,3.0,10317017.0,0.19427979973602696,279765312.0,184777317.0,175720956.0,46255619.0,84635981.0,53865827.0,93372932.0,26966409.3,70271969.3,133.44521358188388,3.7989104847996953,0.2733235741534676,0.4138303133820262,0.020189092007282257,133.44521358188388,0.023036864422054576,0.5078045910367052,1.5837663360498415,0.14594004143917733,0.0,0.7943235142384428,0.0,0.18981591970915965,1.826587684406515,0.015215217246089464,-1.1919845405938703,0.19427979973602696,0.7142857142857143,-0.3126380820891645,0.041008049402917156,1.330549245444778,0.46746394428396926,0.7029518782042691,0.6890725063447825,-0.2482508403119206,-0.00809450847322531,0.4990163126008629,Packaged Foods,Consumer Defensive,PLAG
2013Q2,2013,Q2,2013-08-14,2013-06-30,2499595.0,34064741.0,3981224.0,1.75,7030508.0,0.20638665651384228,262563410.0,179351303.0,168037595.0,48276215.0,73090033.0,49707790.0,89116242.0,37039869.0,69112876.0,129.52657460127625,3.4807533067785035,0.25312469090799816,0.3705648126793927,0.01153695445276243,129.52657460127625,0.013936865571587177,1.0873374613357547,3.7045870431009824,0.2065213264717681,0.0,0.5438631047568198,0.0,0.12973910188018964,1.5009506234074068,0.009519967005303595,-20.198599726030984,0.20638665651384228,0.0,-0.15005705388079738,0.13943930108801478,1.4624615194325372,-0.0495782825268468,-0.007579745946894531,-0.048415501373875895,-0.29734379442903885,-0.1217963167865973,0.44268653091043875,Packaged Foods,Consumer Defensive,PLAG
2013Q1,2013,Q1,2013-04-01,2013-03-31,2518686.0,34809916.0,4183784.0,1.75,7397251.0,0.21250413244318084,252156406.0,174055098.0,162584895.0,42668141.0,68057114.0,47745071.0,86616647.0,43270875.0,73409388.0,125.70168300271257,3.810451807591055,0.245910520314126,0.3562545062598511,0.012767792349248243,125.70168300271257,0.01447062469839292,1.2430617471182637,4.294985063640326,0.24860446776456957,0.0,0.5741464914776229,0.0,0.13804890604286293,1.7590967696483426,0.009988586211051882,-21.484892855759693,0.21250413244318084,-0.6776549749875795,0.04717272383047198,0.4380224817829695,1.6571312131108928,-0.6749919991957896,-0.663891838412571,-0.6781188862800094,0.019723510751650533,0.06761854298156533,0.4431794776756582,Packaged Foods,Consumer Defensive,PLAG
2012Q4,2012,Q4,2013-04-01,2012-12-31,7493677.0,103743044.0,12997917.0,5.428965438298822,22760212.0,0.21939024654028852,250365234.0,170753122.0,160158820.0,42584381.0,69662883.0,38072704.0,84097961.0,44173498.785,71857647.785,123.70599877998774,3.7609756497341125,0.23976872124346146,0.3515587375321899,0.04164665549549737,123.70599877998774,0.04388603213942993,0.4257972108954119,1.473692380422855,0.2586980446834817,0.0,2.12705753707433,0.0,0.41436681260625824,2.0181319531214976,0.02993098075270307,2.0207982909435422,0.21939024654028852,0.44772411687968583,-0.1007019662882297,1.2025455591719407,1.7687312158229755,0.8370814503961957,0.3363158320841612,0.5379649510245317,-0.04888129082337601,0.20278758227224983,0.4042764228626763,Packaged Foods,Consumer Defensive,PLAG
2012Q3,2012,Q3,2012-11-14,2012-09-30,5607714.0,57972627.0,8451374.0,3.75,12389332.0,0.21371003249516363,247852796.0,161637317.0,156852149.0,58267673.0,76823374.0,51949507.0,78104726.0,43535103.56,94885676.56,117.1018456670004,2.6919240279253986,0.27468704851729814,0.4212019492998637,0.02698491103381031,117.1018456670004,0.034693189073411804,0.7509596479041738,1.9408578772027245,0.2693381971936592,0.0,0.8774538514869833,0.0,0.23389942714223003,1.298182973601846,0.02262517950372446,-1.566943983838434,0.21371003249516363,0.5,0.657705972752644,0.8336843793740124,2.154138466133717,0.45746130431585913,0.57416188026496,0.5022701922504348,-0.14719148473494176,0.0936879736305403,0.6423751854517643,Packaged Foods,Consumer Defensive,PLAG
2012Q2,2012,Q2,2012-08-14,2012-06-30,3562349.0,40816760.0,5625735.0,2.5,8500625.0,0.20826310074587007,216641462.0,156373248.0,127452063.0,35526123.0,51231254.0,40035394.0,72852157.0,37958635.0,61970288.0,113.28817066261735,3.5875590195980576,0.20116387046907946,0.27869495298837815,0.02016939444198935,113.28817066261735,0.022781064188165997,0.9299766811476462,2.6638767706364535,0.24274379080493358,0.0,0.80718913369505,0.0,0.188406963390969,1.656864049026684,0.01644352363168598,14.283819079669023,0.20826310074587007,0.0,14.83275713929092,1.4928653429995695,3.395303899451533,0.13982934657047214,-0.0055873703545004485,0.17585553476566224,0.40069122144770686,0.24262821171769325,0.6991204413628701,Packaged Foods,Consumer Defensive,PLAG
2012Q1,2012,Q1,2012-05-15,2012-03-31,3582365.0,37141031.0,4784376.0,2.5,7457805.0,0.2007969299505983,217167854.0,152555326.0,127164357.0,40110918.0,55807838.0,35900495.0,69522079.0,45208734.285,73023209.285,110.52218987853489,3.170317792277903,0.21786043435323535,0.31013196484533095,0.018192012752492874,110.52218987853489,0.023482398772495167,1.2172180757448547,3.1549503111073274,0.29634320525131974,0.0,0.8268194073647174,0.0,0.17102453386125924,1.4488462467999361,0.016495834599903537,5.233020541540766,0.2007969299505983,-0.5164326168426361,2.8809284679923706,0.0,7.5249980904965925,-0.5909302285782364,-0.4973862398037116,-0.5571740632871077,0.4884127612546489,0.2782151269198143,0.7091798625963865,Packaged Foods,Consumer Defensive,PLAG
2011Q4,2011,Q4,2012-03-30,2011-12-31,7127471.0,91403610.0,10804191.0,5.169910310486021,18231132.0,0.19945746125344502,218698333.0,148320641.0,128423505.0,46151734.0,61749565.0,34348997.0,65939713.0,55145800.0,89465653.0,107.58436073100762,2.7826366177270825,0.2362768215521789,0.348389453090349,0.038992241735393014,107.58436073100762,0.04805447813564937,0.603321903806644,1.934269532629456,0.37180125185677965,0.0,2.1302653466125956,0.0,0.41794378926518844,1.40776777747939,0.032590422168421375,-4.443582430340433,0.19945746125344502,0.033982062097204134,4.97152942680014,0.0,7.914846187761273,0.47613043681031825,0.007945228648585661,0.3174375828642494,-0.1941350091254501,0.1661190918688434,0.7139305120422094,Packaged Foods,Consumer Defensive,PLAG
2011Q3,2011,Q3,2011-11-14,2011-09-30,7071288.0,55642041.0,8200913.0,5.0,12350624.0,0.2219656895763403,188897031.0,139817212.0,108644428.0,24969350.0,40478797.0,34829858.0,60710712.0,56179783.75,75913395.75,101.41639943567779,4.351111582800513,0.16502898872984403,0.22295885859889697,0.03870215304832533,101.41639943567779,0.050575232468517535,1.0096643246785286,1.986193454077956,0.4018087826697617,0.0,1.2429398075639584,0.0,0.2945628139597387,2.124696037341781,0.037434616958061134,-196.21190041282193,0.2219656895763403,1.2222222222222223,3.931859914955119,0.0,8.1135869405256,0.6130723570720311,1.167477151380971,0.6486069816763662,0.14684618741068398,0.09552891865381469,0.7711831457747546,Packaged Foods,Consumer Defensive,PLAG
2011Q2,2011,Q2,2011-08-15,2011-06-30,3262451.0,35726650.0,4974450.0,2.25,7656584.0,0.21431015782336155,181928763.0,130965124.0,102611458.0,27852188.0,43182855.0,41097859.0,53647928.0,53018465.5,79096591.5,95.10190886230006,3.6841435222252557,0.19614085981555318,0.27246692027718766,0.02181726839541945,95.10190886230006,0.02491083809457547,1.4840032720672103,4.062778682346494,0.4048288878801046,0.0,0.6830055551068974,0.0,0.1963771391113125,1.6235585872104554,0.01793257397127468,-7.4006998204908445,0.21431015782336155,0.2857142857142857,1.415197529078506,0.0,8.603735143178236,0.13013811253581228,0.3446264417084864,0.26374490413149276,0.11543265734292277,0.2015936658013149,0.8080057449128792,Packaged Foods,Consumer Defensive,PLAG
2011Q1,2011,Q1,2011-05-16,2011-03-31,2426288.0,30449805.0,3936277.0,1.75,6774910.0,0.22249436408541862,180632802.0,125788542.0,102949644.0,32144153.0,47270960.0,38730930.0,50395173.0,87426038.0,106416487.0,91.3637698759722,3.2027486927404807,0.2081223376028901,0.29886443075236535,0.017861160102074173,91.3637698759722,0.01928862487332113,2.8711526395653437,9.008209041960395,0.6950238599633343,0.0,0.6112658539312121,0.0,0.16857295387578608,1.562000933731245,0.013432156137399674,34.45328517089887,0.22249436408541862,-0.735130819282752,1.603220748788124,0.0,13.481975714730279,-0.6369552622198463,-0.7046458825024553,-0.6857869970950115,0.014530778747436525,0.2651027502968492,0.9312830097882437,Packaged Foods,Consumer Defensive,PLAG
2010Q4,2010,Q4,2011-03-31,2010-12-31,8214844.0,82324813.0,12527416.0,6.607035198512404,18661364.0,0.2266797010519781,174983119.0,121910760.0,97990377.0,40609733.0,45640662.0,29807198.0,48688375.0,81128457.0,103062142.0,98.05039297123572,2.412977622876762,0.19810088652037344,0.28434168567237217,0.06084120912914979,98.05039297123572,0.06738407668035208,0.9854678564529505,2.4689591488286324,0.6654741304213017,0.0,2.1358414501087957,0.0,0.4704728860159362,1.4010846365328233,0.04694649430725943,4.958672683605484,0.2266797010519781,0.6517587996281009,6.673690542504001,0.0,17.43229665438668,0.7311535133354015,0.6156720212017956,0.7735149270011973,0.09444309974249958,0.9403579723277389,1.1945191536425905,Packaged Foods,Consumer Defensive,PLAG
2010Q3,2010,Q3,2010-11-15,2010-09-30,5084475.0,48073224.0,7063609.0,4.0,10779728.0,0.22423559526608824,174111710.0,110685146.0,114379622.0,55737905.0,55750968.0,35766659.0,41887949.0,84547664.0,120433341.0,89.02185550626213,2.0520976165142915,0.2743711321886391,0.43159564518259746,0.03499634922769484,89.02185550626213,0.04593638065942471,1.7587267290415138,4.157148181473997,0.7638573652872988,0.0,1.0426888348727232,0.0,0.27610563356134976,0.9128417366960598,0.029202372430895084,-5.18568351159779,0.22423559526608824,0.6,3.4820725760794007,0.0,19.53684413880068,0.6044439754362062,0.897466163957258,0.5384222850102461,0.6686027512240554,0.6880684240041369,1.397803870464747,Packaged Foods,Consumer Defensive,PLAG
2010Q2,2010,Q2,2010-08-11,2010-06-30,2679613.0,29218314.0,4591463.0,2.5,6718669.0,0.22994718312630907,147425782.0,93643551.0,92935763.0,47396283.0,47409134.0,34075760.0,42995493.0,74054136.0,101788202.0,89.7815095837456,1.9608238688253254,0.2582510093112479,0.40657211941909377,0.02684206034912081,89.7815095837456,0.028615029773913635,2.5345109235255667,6.9090327595813275,0.7908087124974574,0.0,0.6602829988237974,0.0,0.19818998823421538,0.8986696699401512,0.018176013473681286,-84.60284126285966,0.22994718312630907,0.42857142857142855,1.4502547390521494,0.0,8.178350338035575,0.1737532079334881,0.4402409849661199,0.37663246869983563,14.76991583817397,1.3615783913402817,2.48330295090816,Packaged Foods,Consumer Defensive,PLAG
2010Q1,2010,Q1,2010-05-13,2010-03-31,1860531.0,24560216.0,3335286.0,1.75,5724090.0,0.23306350400175635,144405969.0,90847236.0,99196793.0,47351933.0,47377532.0,35873815.0,39228550.0,90220884.0,117366950.0,87.10052003037346,2.094883708337736,0.24705162983948398,0.3927002248037574,0.019777869954667848,87.10052003037346,0.020479775521183716,3.67345645494323,12.123001981692324,0.9931054369116964,0.0,0.5250661520108748,0.0,0.17007756791549247,0.9124279044743537,0.012884031130319828,-24.39703885262029,0.23306350400175635,-0.6934116159006801,1.6105861278468512,0.0,12.899537171412401,-0.5646164052453922,-0.6763468738290492,-0.6451740737363988,2.292784925235037,0.0,6.142231867682398,Packaged Foods,Consumer Defensive,PLAG
2009Q4,2009,Q4,2010-03-29,2009-12-31,5748534.0,62931330.0,9399781.0,5.707978810551035,13147234.0,0.20891397019576735,141810396.0,88718238.0,96642354.0,46774402.0,47069275.0,26400117.0,38455349.0,76791756.25,100463309.25,88.0923419107243,2.066137670771291,0.2523304779432391,0.4033340360073427,0.060543899844484134,88.0923419107243,0.06479540317290793,1.220246834923082,3.3396234696533065,0.8655689966475665,0.0,1.8857528548074238,0.0,0.443770920715855,1.0881666215636492,0.0405367600835132,19.40691760297827,0.20891397019576735,0.2684397356780078,5.9016396040281895,0.0,15.76342369868259,0.4434740696416906,0.1981906250918413,0.3359370025650588,5.384874098816612,0.0,6.662021789164832,Packaged Foods,Consumer Defensive,PLAG
2009Q3,2009,Q3,2009-11-13,2009-09-30,4797679.0,38674651.0,7036096.0,4.5,9108050.0,0.23550438761554693,121170491.0,71806890.0,76582476.0,43369527.0,43691071.0,35606922.0,35615406.0,74273993.75,105104895.75,71.3003013588454,1.7658130327314845,0.2887889923628353,0.487316802050611,0.05102652445392264,71.3003013588454,0.06681363027976842,1.9204825856088528,3.8703086299646143,1.034357479484211,0.0,0.8303610460909819,0.0,0.31917549133311673,0.6078371802394801,0.039594450434305824,-11.674756257180407,0.23550438761554693,1.4423337856173675,3.8914620389914214,0.0,15.84672012082992,0.7215022349353788,1.5854745671007335,1.2297540712421424,3.723037205462165,0.0,6.001172349088462,Packaged Foods,Consumer Defensive,PLAG
2009Q2,2009,Q2,2009-08-14,2009-06-30,1855628.0,23965924.0,3155548.0,1.8425,5290757.0,0.22076165308710818,117885763.0,67148320.0,73885038.0,44794766.0,45365228.0,26855676.0,31118042.0,61433405.0,88743320.0,66.67459698839744,1.6494122996423288,0.2896162787698121,0.5084510826182993,0.023837284732900574,66.67459698839744,0.027634764354491668,2.563364759063744,8.276632627875845,0.9148911692801844,0.0,0.695389942893264,0.0,0.20329786557856014,0.849943361686497,0.015740899942260203,-5.979491083284935,0.22076165308710818,0.057388809182209524,1.3229188164483099,0.0,6.330870666455118,0.024876925824636686,0.05669002936091604,0.04655342415596277,1.3229188164483099,0.0,6.330870666455118,Packaged Foods,Consumer Defensive,PLAG
2009Q1,2009,Q1,2009-04-13,2009-03-31,1756076.0,21200537.0,3015181.0,1.7425,5162334.0,0.24350015284990187,118360085.0,65123310.0,74204542.0,47373075.0,47950774.0,27688491.0,29504202.0,22156310.0,39553606.0,64.66387318104864,1.5663864336440056,0.25043086104576556,0.45515220279804575,0.02436352560631969,64.66387318104864,0.02696539841110656,1.0450824901274907,3.154235636726429,0.34022088250735416,0.0,0.5792371639176725,0.0,0.17911897410347416,0.9262669353847096,0.014836724728611,-34.811732376374984,0.24350015284990187,-0.7283860527037087,1.5968559787206282,0.0,9.834277479595508,-0.6386483241807798,-0.7254261144426336,-0.6501435253692215,1.5968559787206282,0.0,9.834277479595508,Packaged Foods,Consumer Defensive,PLAG
2008Q4,2008,Q4,2009-04-13,2008-12-31,6395641.0,56680197.0,8618337.0,6.415355387104572,14286177.0,0.25204882403637374,107695643.0,62577656.0,63543030.0,39418991.0,39995966.0,24827922.0,27748126.0,26169333.75,43528450.75,62.770549899842216,1.6119902713897472,0.18756985368479578,0.3228062105745859,0.08828241572595266,62.770549899842216,0.10220326884727034,0.4617015313126029,1.022936315140265,0.41818974091966626,0.0,1.7075138225422168,0.0,0.5262998151187973,0.8461772397979441,0.059386255765240197,12.454648481560273,0.25204882403637374,0.43440031014076513,6.509088432707701,0.0,11.519736493211017,0.8489435940709258,0.4344315185350573,0.42507535175728167,6.509088432707701,0.0,11.519736493211017,Packaged Foods,Consumer Defensive,PLAG
2008Q3,2008,Q3,2008-11-14,2008-09-30,4458659.0,36727394.0,6047636.0,4.4725,7726670.0,0.210378934045797,109017898.0,57083169.0,71958559.0,46731132.0,47300737.0,32002405.0,20684399.0,52338667.5,77175411.5,57.259126295104856,1.5398419837122712,0.3063448444034392,0.5850598623913119,0.056150794988723045,57.259126295104856,0.07810811975067466,1.4250580234470216,2.9346641837826124,0.9168844059796329,0.0,0.906204518066689,0.0,0.33689325031748457,0.5797026701600124,0.04089841284593471,33.12378923265909,0.210378934045797,1.139952153110048,3.71457572020241,0.0,12.922954128737516,0.4898648420650752,1.1057493857958018,0.7367230187946681,3.71457572020241,0.0,12.922954128737516,Packaged Foods,Consumer Defensive,PLAG
2008Q2,2008,Q2,2008-08-14,2008-06-30,2117374.0,21524427.0,3482211.0,2.09,5186155.0,0.240942767024646,100895510.0,52438805.0,65867909.0,43555927.0,44124148.0,19358049.0,17834901.0,81000318.75,104567481.75,52.60044617108374,1.512260524268029,0.3177695518859065,0.6114083072640576,0.03389118457781862,52.60044617108374,0.04037799869772013,3.763181187122891,9.563770825324198,1.5446637037209372,0.0,0.8440040625994902,0.0,0.21333384409276487,0.8379688027303379,0.020985809973109806,-86.90601714509492,0.240942767024646,0.25903614457831325,1.3722300278239568,0.0,5.205592357531271,0.31362407310076684,0.22271197774676144,0.250543982400073,1.3722300278239568,0.0,5.205592357531271,Packaged Foods,Consumer Defensive,PLAG
2008Q1,2008,Q1,2008-04-15,2008-03-31,1731703.0,17428299.0,2784557.0,1.66,3947975.0,0.2265266966099216,96210929.0,47161917.0,64019241.0,44332520.0,44863650.0,16114560.0,14127990.0,373847625.0,395566507.0,47.30729230926637,1.4440695227792149,0.2908336848093422,0.5933045300088204,0.030644085897291087,47.30729230926637,0.03671824875142374,21.450608863205755,53.97109449484121,7.926896292192703,0.0,0.8365306902577545,0.0,0.18114676971885388,0.9336407675449083,0.01799902586950387,-212.83025618925248,0.2265266966099216,-0.7250240855411815,1.5945810234883901,0.0,7.463048476825191,-0.586577398374154,-0.7122623992226429,-0.6139318595708485,1.5945810234883901,0.0,7.463048476825191,Packaged Foods,Consumer Defensive,PLAG
2007Q4,2007,Q4,2008-04-15,2007-12-31,6018341.0,34018844.0,7212605.0,6.03689237025379,9549490.0,0.2807117725693442,100458992.0,44542370.0,73389790.0,51927058.0,52029601.0,17903344.0,13985824.0,373847625.0,393992142.0,44.67967062783935,1.4133246293290869,0.2679151907078661,0.6042446775957364,0.08567483468296859,44.67967062783935,0.13511497030804603,10.989427653685116,15.529513241273632,8.393078881972379,0.0,1.3667476869125679,0.0,0.33863413640463363,0.9087725131664498,0.059908435075677446,-58.35809620116586,0.2807117725693442,1.533847794440206,6.184089098683072,0.0,8.487880261656134,1.0264354666790594,1.4632754140323432,1.5719970388142135,6.184089098683072,0.0,8.487880261656134,Packaged Foods,Consumer Defensive,PLAG
2007Q3,2007,Q3,2007-11-14,2007-09-30,2443227.0,22834098.0,2804282.0,2.3825,4712457.0,0.2063780666965693,81207973.0,37012323.0,61198194.0,40840037.0,40945503.0,11006716.0,8604678.0,373847625.0,390029919.0,37.126412465506505,1.4984852731646643,0.3158501321046395,0.6930002475121597,0.039153574752523894,37.126412465506505,0.06601117687209203,16.372340391987457,38.253468159119066,10.100625810490197,0.0,1.6464166968603533,0.0,0.2811804944324863,0.8420426259652997,0.03008604832434372,-2703.887699529158,0.2063780666965693,13.878378378378377,2.4875155720908397,0.0,8.730759119680558,0.5949943290453402,12.641676474372108,0.2761406180104311,2.4875155720908397,0.0,8.730759119680558,Packaged Foods,Consumer Defensive,PLAG
2007Q2,2007,Q2,2007-08-20,2007-06-30,-209869.0,13343209.0,2197471.0,-0.185,2954529.0,0.2214256705414717,60690687.0,28993065.0,44737570.0,26650822.0,28067743.0,13773027.0,4589115.0,421822500.0,436775055.0,25.77482086659673,1.6786562906014681,0.2880010569002127,0.6028676857724424,-0.05646078464802238,25.77482086659673,-0.007238593091140933,31.613272339509933,-502.4830965983542,14.549082685807797,0.0,0.754277182495903,0.0,0.21985595582399653,0.7907583863642179,-0.00345800995793638,-42.088103122126114,0.2214256705414717,0.865923666357204,0.9673015620179813,0.0,3.0607884066368816,0.0,-54.22868421052632,666.6985761890336,0.9673015620179813,0.0,3.0607884066368816,Packaged Foods,Consumer Defensive,PLAG
2007Q1,2007,Q1,2007-03-31,2007-03-31,-3800.0,0.0,-3301.0,-1.379811,0.0,0.0,623.0,-46648.0,623.0,47271.0,47271.0,0.0,-212698.0,1032750.0,1064127.0,-16.938271604938272,0.01317932770620465,51.364365971107546,-0.6859886811867604,0.22535499726925176,-16.938271604938272,0.0814611558909278,0.0,-67.94407894736841,-22.139212827988338,0.0,0.0,0.0,0.0,0.01317932770620465,-6.099518459069021,-189.73911445893808,0.0,-0.0599719648535565,0.5276970546853781,0.0,-1.3140802432885075,0.0,-0.0599721059972106,-0.04165351846008204,0.5276970546853781,0.0,-1.3140802432885075,Packaged Foods,Consumer Defensive,PLAG
