Year,Date,FillingDate,NetIncome,Revenue,OperatingIncome,EPSDiluted,GrossProfit,GrossProfitRatio,TotalAssets,CommonStockEquity,CurrentAssets,CurrentLiability,TotalLiability,Inventory,RetainedEarnings,EnterpriseValue,bookValuePerShare,currentRatio,debtToAssets,debtToEquity,roic,shareholdersEquityPerShare,roe,priceToSalesRatio,peRatio,pbRatio,payoutRatio,inventoryTurnover,dividendYield,assetTurnover,quickRatio,returnOnAssets,priceToFreeCashFlowsRatio,grossProfitMargin,epsdilutedGrowth,fiveYNetIncomeGrowthPerShare,fiveYRevenueGrowthPerShare,fiveYShareholdersEquityGrowthPerShare,grossProfitGrowth,netIncomeGrowth,operatingIncomeGrowth,threeYNetIncomeGrowthPerShare,threeYRevenueGrowthPerShare,threeYShareholdersEquityGrowthPerShare,Industry,Sector,Price,MarketCap,AvgVolume,Symbol
2022,2022-12-31,2023-02-22,865349000.0,1172785000.0,1138088000.0,2.78,936088000.0,0.7981752836,6213793000.0,4642740000.0,240268000.0,167966000.0,1571053000.0,0.0,4004294000.0,4311437000.0,15.179942912632788,1.4304561637474251,0.10666753784685135,0.1427626789352839,0.17029295595464922,15.179942912632788,0.18638756424008238,3.3902300933248632,4.594690697048243,0.8563932074593882,0.1282106988047597,0.0,0.027904097850835925,0.18873898760386773,34.32433944965052,0.13926260498217433,6.1476023489465925,0.7981752836197598,0.5027027027027026,1.8819932192564213,0.30346446022948487,0.7438143520389021,-0.21050203470596918,0.36279081487220916,0.30344722534951557,0.4816366948517403,0.11446268315530267,0.24288764964619902,Insurance—Specialty,Financial Services,15.85,4542895046,2134760,MTG
2021,2021-12-31,2022-02-23,634983000.0,1185675000.0,873137000.0,1.85,1185675000.0,1.0,7325008000.0,4861382000.0,351595000.0,0.0,1146712000.0,0.0,3250691000.0,5683060600.0,14.540669398498489,0.0,0.15654754233715512,0.23588189531289663,0.11509439595449543,14.540669398498489,0.13061779551576075,4.066070887890864,7.5923900324890585,0.991701248739556,0.14838035034008784,0.0,0.019543299238466996,0.16186671741518918,0.0,0.08668700430088268,6.964785712841049,1.0,0.434108527131783,0.901338481766598,0.14451936217071057,0.9561236553898386,-0.011233828074312885,0.4234318852795269,0.4108842416192406,0.035677999126484436,0.1530772713304307,0.4833639109140226,Insurance—Specialty,Financial Services,15.85,4542895046,2134760,MTG
2020,2020-12-31,2021-02-23,446093000.0,1199146000.0,618858000.0,1.29,1199146000.0,1.0,7354526000.0,4698986000.0,382995000.0,0.0,1243193000.0,0.0,2642096000.0,5221650150.0,13.822457810344371,0.0,0.16903781426566444,0.2645662276925277,0.08307198723057209,13.822457810344371,0.09493388573619925,3.557873811862776,9.563947764255436,0.907942724238804,0.1839549152306806,0.0,0.01923420325633718,0.16304871313256625,0.0,0.06065557454008593,5.852430527930118,1.0,-0.3027027027027027,-0.6198235495492957,0.15080071366464712,1.0989040017253178,-0.012216870665589217,-0.3379081368374339,-0.31286328615540404,0.3366337222182833,0.19905250758164375,0.5878716045810347,Insurance—Specialty,Financial Services,15.85,4542895046,2134760,MTG
2019,2019-12-31,2020-02-24,673763000.0,1213977000.0,900633000.0,1.85,1213977000.0,1.0,6229571000.0,4309234000.0,183488000.0,0.0,832739000.0,0.0,2278650000.0,5670450590.0,12.213447383561915,0.0,0.1336751760273701,0.19324524961977002,0.13916856492718552,12.213447383561915,0.15635331012425874,4.118330569689541,7.420351948682251,1.1601965894634638,0.06220881823430494,0.0,0.008383540115688494,0.19487329063269365,0.0,0.10815560172602576,8.278840379800496,1.0,0.03932584269662925,1.5660691345405662,0.2368783561778245,2.9878221455417933,0.0801967881777607,0.005470849742649199,0.0,0.9116924892775615,0.11040517288873856,0.6430476951296099,Insurance—Specialty,Financial Services,15.85,4542895046,2134760,MTG
2018,2018-12-31,2019-02-22,670097000.0,1123848000.0,0.0,1.78,1123848000.0,1.0,5677802000.0,3581891000.0,5366001000.0,1264326000.0,2095911000.0,0.0,1647275000.0,9660858760.0,9.802496401263252,4.244159338651582,0.1464624867158101,0.23216368113937583,0.0,9.802496401263252,0.18707911547280473,3.4009463557349395,5.703870872425933,1.0670751175845385,0.0,0.0,0.0,0.19793715948530788,4.272851305755003,0.11802049455053205,7.207803363889576,1.0,0.873684210526316,13.425672575359295,-0.0005980078622462989,3.4468805883620086,0.05421301359968632,0.883559468294726,0.0,-0.46869894221545594,0.003410959798503934,0.48848339461828855,Insurance—Specialty,Financial Services,15.85,4542895046,2134760,MTG
2017,2017-12-31,2018-02-23,355761000.0,1066054000.0,0.0,0.95,1066054000.0,1.0,5619499000.0,3154526000.0,5137211000.0,1634541000.0,2464973000.0,0.0,977160000.0,10834323800.0,8.705022352226944,3.1429073972448536,0.1477768747712207,0.2632509606831581,0.0,8.705022352226944,0.1127779577660796,4.796362848411056,14.372519191254803,1.6209033623435025,0.0,0.0,0.0,0.18970623537792247,3.179365338648587,0.06330831271613359,13.090884838616352,1.0,0.10465116279069764,1.213942731345886,-0.5688074736904187,7.930095845765786,0.0033609949523898267,0.03866669391592242,0.0,0.31921968652053045,0.05753153509070048,1.8422835767376065,Insurance—Specialty,Financial Services,15.85,4542895046,2134760,MTG
2016,2016-12-31,2017-02-21,342517000.0,1062483000.0,0.0,0.86,1062483000.0,1.0,5734529000.0,2548842000.0,4893024000.0,2006948000.0,3185687000.0,0.0,632564000.0,9209728100.0,7.433410131529062,2.438042241253884,0.2055511446537283,0.46246059975471215,0.0,7.433410131529062,0.13438141712981816,3.288569417110674,10.201096879862897,1.3708378549945426,0.0,0.0,0.0,0.1852781632109629,2.469226407460482,0.059728880959534776,16.709064085581343,1.0,-0.6692307692307693,1.4135757793918213,-0.5856128198494049,0.2494779752760154,0.02085164890596581,-0.70775,0.0,7.768387551222297,0.0068748158797102285,2.3721498959153093,Insurance—Specialty,Financial Services,15.85,4542895046,2134760,MTG
2015,2015-12-31,2016-02-26,1172000000.0,1040781000.0,0.0,2.6,1040781000.0,1.0,5879545000.0,2236140000.0,4887150000.0,2420380000.0,3643405000.0,0.0,290047000.0,8703355160.0,6.585559796437659,2.019166411885737,0.20801354526583266,0.5469357911400896,0.0,6.585559796437659,0.5241174523956461,2.88076373415733,2.5582288054607507,1.3408123641632457,0.0,0.0,0.0,0.17701726919344948,2.041250134276436,0.19933515263511037,20.340041517984343,1.0,3.0625,2.9021352512956042,-0.5959225029674647,-0.2090897256559595,0.10510120546147418,3.6517350733680227,0.0,1.7521851208863266,-0.5507280506669621,5.755833333979349,Insurance—Specialty,Financial Services,15.85,4542895046,2134760,MTG
2014,2014-12-31,2015-02-27,251949000.0,941797000.0,0.0,0.64,941797000.0,1.0,5266434000.0,1036903000.0,4864938000.0,2933100000.0,4229531000.0,0.0,-852458000.0,8866606200.0,3.062686082230624,1.6586335276669735,0.24617036879224158,1.2503001727258962,0.0,3.062686082230624,0.24298222688139584,3.350381451629173,12.523880626634757,3.043080403856484,0.0,0.0,0.0,0.17883011540636415,1.7127810166717807,0.047840531182959854,-7.696347174523884,1.0,5.0,1.0698885780884737,-0.7978137022151445,-0.7080224894333643,-0.09393372360946091,6.054345209436687,0.0,1.3081092791180835,-0.6279847034918565,-0.48519471719981866,Insurance—Specialty,Financial Services,15.85,4542895046,2134760,MTG
2013,2013-12-31,2014-02-28,-49848000.0,1039435000.0,0.0,-0.16,1039435000.0,1.0,5601390000.0,744538000.0,5258918000.0,3539600000.0,4856852000.0,0.0,-1074617000.0,8702099520.0,2.2043534127985125,1.485737936489999,0.2351728767323825,1.7692783981475761,0.0,2.2043534127985125,-0.06695158608425628,2.7425260069172195,-57.18740009629273,3.828787140481748,0.0,0.0,0.0,0.1855673323942807,1.507605944174483,-0.008899219657977752,-2.9342115897485517,1.0,0.9651416122004357,0.9685307531347396,-0.8022038886709939,-0.8969647296105454,-0.245892231660142,0.9462311194623112,0.0,0.9186678656681566,-0.5943016000367278,-0.7352623290413702,Insurance—Specialty,Financial Services,15.85,4542895046,2134760,MTG
2012,2012-12-31,2013-03-01,-927079000.0,1378364000.0,0.0,-4.59,1378364000.0,1.0,5574324000.0,196940000.0,5322792000.0,4552900000.0,5377384000.0,0.0,-990281000.0,4564574120.0,0.9747960719094005,1.1690992554196227,0.14791372012104068,4.186650756575607,0.0,0.9747960719094005,-4.70741850309739,0.38988621293069176,-0.5796756479221297,2.728775870823601,0.0,0.0,0.0,0.2472701622654155,1.1962004436732632,-0.16631236361574964,-0.3426017595307918,1.0,-0.8966942148760331,0.7766253312244585,-0.6724388003470194,-0.9694546666073828,-0.08370455214757369,-0.9079939575049599,0.0,0.5690510843849017,-0.5041231634956268,-0.9070689836488407,Insurance—Specialty,Financial Services,15.85,4542895046,2134760,MTG
2011,2011-12-31,2012-02-29,-485892000.0,1504279000.0,0.0,-2.42,1504279000.0,1.0,7216230000.0,1196815000.0,6887772000.0,5159500000.0,6019415000.0,0.0,-11635000.0,614509560.0,5.949212614081483,1.3349688923345286,0.11916707200297108,0.7185212417959334,0.0,5.949212614081483,-0.40598755864523756,0.4988247259983022,-1.5443175849777317,0.6269737260980185,0.0,0.0,0.0,0.20845774039907264,0.20677817617986238,-0.06733321970059158,-0.39831789244478466,1.0,-0.17475728155339798,-1.3633187554148036,-0.5676330528523887,-0.8823556606564337,-0.010684467535883988,-0.3358406532228133,0.0,0.48498904108362445,-0.5193965143812144,-0.7219235687266502,Insurance—Specialty,Financial Services,15.85,4542895046,2134760,MTG
2010,2010-12-31,2011-03-01,-363735000.0,1520525000.0,0.0,-2.06,1520525000.0,1.0,9333642000.0,1669055000.0,8838959000.0,6627600000.0,7664587000.0,0.0,525562000.0,2091008301.7199998,8.326557398561478,1.3336590922807652,0.14491460032428927,0.810387314977637,0.0,8.326557398561478,-0.217928708161205,1.3433395055786652,-5.615575354914979,1.2237950826785216,0.0,0.0,0.0,0.1629080052566833,0.20878161023598285,-0.038970318338757796,-2.333232013661857,1.0,0.8065727699530516,-1.2656938704097145,-0.5438956345952319,-0.8165042901133929,-0.11003695583210323,0.7249176987877729,0.0,0.9116681623341817,-0.6358023899506741,-0.7390864827208058,Insurance—Specialty,Financial Services,15.85,4542895046,2134760,MTG
2009,2009-12-31,2010-03-01,-1322277000.0,1708526000.0,0.0,-10.65,1708526000.0,1.0,9404419000.0,1302581000.0,0.0,7432900000.0,8101838000.0,0.0,924707000.0,200904400.0,10.48945885005637,0.0,0.07112432995594943,0.5135058779454023,0.0,10.48945885005637,-1.0151207487288698,0.4201050496158677,-0.5428215116802304,0.5510293793629725,0.0,0.0,0.0,0.18167267962008074,0.20867561786113092,-0.14060166821576112,2.1753347436309305,1.0,-1.3406593406593408,-2.8776836708768374,-0.16777442577083726,-0.7530585503794736,-0.007551439827223057,-1.5481621232034595,0.0,-2.601719234854436,-0.2044608373283773,-0.7925733140608335,Insurance—Specialty,Financial Services,15.85,4542895046,2134760,MTG
2008,2008-12-31,2009-03-02,-518914000.0,1721526000.0,0.0,-4.55,1721526000.0,1.0,9182829000.0,2367200000.0,0.0,5741600000.0,6815629000.0,0.0,2253676000.0,361756560.0,21.394163420607878,0.0,0.11696166834861021,0.4537170496789456,0.0,21.394163420607878,-0.21921003717472118,0.2236687450552591,-0.7420334776090065,0.16266118621155798,-0.01572322195970816,0.0,0.02118937006773846,0.18747229203549365,0.2789297408387906,-0.05650916509498326,0.282108068822221,1.0,0.7784810126582278,-1.9379649709265567,-0.08815808024369395,-0.443433123627114,0.016725667166310538,0.6892764030088299,0.0,-1.6866846750999145,-0.06448711242260656,-0.5285281760055185,Insurance—Specialty,Financial Services,15.85,4542895046,2134760,MTG
TTM,,,,,,,,,,,,,,,,4847859046.0,16.41864125448041,0.0,0.10439986348226026,0.1388085843147794,0.15999372034305928,16.41864125448041,0.18234756330494936,3.9090974414310224,5.458951890380088,0.9653661197862378,0.13603185293111592,0.0,0.02523659305993691,0.18294730969376705,0.0,0.13300451742742142,7.193155729165017,1.145190657875942,,,,,,,,,,,Insurance—Specialty,Financial Services,15.85,4542895046,2134760,MTG
