Quarters,Year,Quarter,FillingDate,Date,NetIncome,Revenue,OperatingIncome,EPSDiluted,GrossProfit,GrossProfitRatio,TotalAssets,CommonStockEquity,CurrentAssets,CurrentLiability,TotalLiability,Inventory,RetainedEarnings,MarketCap,EnterpriseValue,bookValuePerShare,currentRatio,debtToAssets,debtToEquity,roic,shareholdersEquityPerShare,roe,priceToSalesRatio,peRatio,pbRatio,payoutRatio,inventoryTurnover,dividendYield,assetTurnover,quickRatio,returnOnAssets,priceToFreeCashFlowsRatio,grossProfitMargin,epsdilutedGrowth,fiveYNetIncomeGrowthPerShare,fiveYRevenueGrowthPerShare,fiveYShareholdersEquityGrowthPerShare,grossProfitGrowth,netIncomeGrowth,operatingIncomeGrowth,threeYNetIncomeGrowthPerShare,threeYRevenueGrowthPerShare,threeYShareholdersEquityGrowthPerShare,Industry,Sector,Symbol
2023Q1,2023,Q1,2023-05-08,2023-03-31,170668000.0,2872699000.0,311645000.0,1.85,814510000.0,0.2835347525,16727787000.0,825470000.0,3039739000.0,2565093000.0,14309085000.0,106770000.0,290034000.0,7340211670.0,18532555670.0,9.1215178403704,1.1850404644198085,0.6880453463449768,13.942936751184174,0.016320365144506098,9.1215178403704,0.20675251674803446,2.5551621210575837,10.752179187076663,8.89216042981574,0.0,19.276847429053106,0.0,0.17173216038678638,1.0718172791395868,0.01020266458438286,23.313212779337594,0.2835347525097478,0.5040650406504066,0.8887661013179351,0.9936393837956373,-0.6436408222639219,-0.016538135997401615,0.5081607946060108,0.21616611772786162,-0.01686752987845477,0.39545786493187296,-0.41510118340024094,Medical Care Facilities,Healthcare,DVA
2022Q4,2022,Q4,2023-02-22,2022-12-31,113163000.0,2916888000.0,256252000.0,1.23,828207000.0,0.2839351391,16928252000.0,712326000.0,3155292000.0,2619747000.0,14703452000.0,109122000.0,174487000.0,6729409740.0,18307813740.0,7.90401899647145,1.2044262289450087,0.6983881147326966,16.597021588430017,0.012739193388314305,7.90401899647145,0.15886405943346166,2.3070511243489635,14.866629861350443,9.447092679475409,0.0,19.140787375597956,0.0,0.17230887158343342,1.096452443690173,0.006684860315170167,44.95744194436279,0.2839351390934448,-0.3050847457627119,0.16118117654048197,1.1212745561334954,-0.6928377786745737,-0.04047088591756368,-0.3128893584465737,-0.178118394929872,-0.33621599464993757,0.44541830070443983,-0.5204163601729236,Medical Care Facilities,Healthcare,DVA
2022Q3,2022,Q3,2022-10-31,2022-09-30,164694000.0,2948694000.0,311787000.0,1.77,863139000.0,0.2927190817,16961799000.0,532672000.0,3202442000.0,2537409000.0,14888919000.0,106845000.0,846634000.0,7545313200.0,19214479200.0,5.843264589732339,1.262091369582121,0.7096343966816255,22.596787516520486,0.015962732006395978,5.843264589732339,0.30918463895230086,2.558866128530122,11.453533826368902,14.165026883335335,0.0,19.519444054471432,0.0,0.17384323443521527,1.1567256205050112,0.009709701193841526,13.3167782676376,0.29271908173584643,-0.2304347826086956,2.5910717015999754,0.5574739190232607,-0.7693217581659992,-0.05146329160663715,-0.26740477471987334,-0.27946338814231075,0.9000312356282226,0.6782615826806331,-0.6202683849155886,Medical Care Facilities,Healthcare,DVA
2022Q2,2022,Q2,2022-08-01,2022-06-30,224809000.0,2926757000.0,432715000.0,2.3,909969000.0,0.310913752,17100575000.0,604784000.0,3264108000.0,2310747000.0,14939580000.0,109522000.0,741268000.0,7552781719.999999,19557414720.0,6.402744105783584,1.4125769718623458,0.7173582174868389,20.283668218735947,0.022236419281076975,6.402744105783584,0.3717178364506998,2.580597473585952,8.399109599704637,12.488395394058044,0.0,18.41445554317854,0.0,0.1711496250857062,1.2973791592069577,0.013146283092819979,165.02319786750567,0.31091375197872595,0.12195121951219513,2.5810164087226695,0.5269935168019658,-0.7593600732215398,0.13884779719308257,0.09280179663422744,0.27905636284096147,0.4472838243071663,0.8131477422269169,-0.7369738820078976,Medical Care Facilities,Healthcare,DVA
2022Q1,2022,Q1,2022-05-05,2022-03-31,205718000.0,2817555000.0,338308000.0,2.05,799026000.0,0.2835884304,17087010000.0,843771000.0,3128714000.0,2420447000.0,14677930000.0,107722000.0,516459000.0,10897243620.0,22464096620.0,8.758080587905587,1.2926182643123356,0.6961051114267505,14.096662483067089,0.016808821153415594,8.758080587905587,0.2438078578192424,3.8676240996182862,13.242938901797606,12.91493025951354,0.0,18.738317149700155,0.0,0.1648945602536664,1.1769115374143702,0.012039438146287735,54.73608834328711,0.2835884303944377,-0.13865546218487398,-0.08246001097537084,0.5216914499533426,-0.672203458769925,-0.09586771809642783,-0.17525417749126015,-0.13124045041921859,1.379856213638825,0.7739243557008368,-0.6239726370749484,Medical Care Facilities,Healthcare,DVA
2021Q4,2021,Q4,2022-02-11,2021-12-31,249432000.0,2943967000.0,389415000.0,2.38,883749000.0,0.3001898459,17121488000.0,755508000.0,3167723000.0,2398533000.0,14750508000.0,107428000.0,354337000.0,11479862880.0,22993212880.0,7.486726189886338,1.3206918562304542,0.6994281104539511,15.850593243221779,0.019522689226181302,7.486726189886338,0.3301513683508315,3.899453655560677,11.506004522274608,15.194892549119269,0.0,19.17766317905946,0.0,0.17194574443529675,1.2068701994093889,0.014568359946285043,33.657686915271334,0.30018984587802783,0.00847457627118645,2.0402046763458563,1.0966048225786598,-0.687519802982453,-0.0494562937627053,-0.03973759788107209,-0.17996660187796,0.9785004247122616,0.7164544825159513,-0.6644516951733497,Medical Care Facilities,Healthcare,DVA
2021Q3,2021,Q3,2021-10-28,2021-09-30,259754000.0,2938319000.0,474877000.0,2.36,929730000.0,0.3164156104,17633940000.0,1149437000.0,3839538000.0,2363053000.0,14881772000.0,114096000.0,1643514000.0,12183234180.0,23179989180.0,10.968642943708073,1.6248209413838792,0.6829158429709979,10.476865630739223,0.023620869647442,10.968642943708073,0.22598367722632906,4.146327944651347,11.725742606466119,10.599305729674615,0.0,17.604377015846303,0.0,0.16662861504575835,1.5080131507841763,0.01473034387096701,29.80709842049636,0.31641561042214955,-0.10606060606060615,-0.11597731933624916,0.5314850590213326,-0.5449710949476428,-0.022605397415775105,-0.11594173303383024,-0.0318037987587568,4.021873150682267,0.6422849912354098,-0.5217213744578627,Medical Care Facilities,Healthcare,DVA
2021Q2,2021,Q2,2021-08-03,2021-06-30,293820000.0,2916510000.0,490476000.0,2.64,951233000.0,0.3261545477,17810311000.0,1277780000.0,3978586000.0,2386040000.0,14921274000.0,115369000.0,1383760000.0,12809416520.0,23858147520.0,12.013275168290022,1.6674431275251043,0.6789529391148756,9.463571976396564,0.024164936973993,12.013275168290022,0.22994568705097904,4.392035864783594,10.899033864270642,10.024743320446401,0.0,17.03470603021609,0.0,0.1637540186692978,1.5217728956765184,0.016497185254092418,24.15927462293029,0.32615454772999236,0.26315789473684226,9.582319104617778,0.5083050753634746,-0.4823720115770453,0.0788979108987366,0.23764232128490373,0.10816489758293003,0.7737305169814198,0.6300090029133624,-0.5182060169144587,Medical Care Facilities,Healthcare,DVA
2021Q1,2021,Q1,2021-04-29,2021-03-31,237403000.0,2820001000.0,442602000.0,2.09,881671000.0,0.3126491799,17647268000.0,1248106000.0,3866681000.0,2314724000.0,14864893000.0,116322000.0,1089940000.0,11748438780.0,22974237780.0,11.449043242152385,1.6704717279468309,0.6862254259412846,9.70270473821935,0.02079510065980367,11.449043242152385,0.19021060711189594,4.166111565208665,12.371830579226042,9.413013622240417,0.0,16.663485841027494,0.0,0.1597981625257802,1.5119552050266036,0.0134526772075995,1251.0317090831647,0.3126491799116383,-0.045662100456621044,3.5677664109369567,0.47623896406744615,-0.5025846238983581,0.039165952611908195,-0.06535355881623445,0.15964272894718226,1.1810428112568427,0.6246419040401058,-0.5527091316336725,Medical Care Facilities,Healthcare,DVA
2020Q4,2020,Q4,2021-02-12,2020-12-31,254003000.0,2905322000.0,381671000.0,2.19,848441000.0,0.2920299368,16988516000.0,1383566000.0,3148724000.0,2476143000.0,14091736000.0,111625000.0,852537000.0,13112406000.0,23981419000.0,12.387554839287313,1.2716244578766251,0.6589139981385073,8.090666437307652,0.018879208748062166,12.387554839287313,0.18358574871021693,4.513236742777565,12.905758987098578,9.477253705280413,0.0,18.42670548712206,0.0,0.17101682101014593,1.1242807866912372,0.014951453087485687,50.40267073606685,0.29202993678497596,0.2443181818181818,12.771644974082516,0.53679835842636,-0.46906663712257224,-0.10910518960000924,0.1676151512365542,-0.12794600485755217,1.1030563571979615,0.7048569009485122,-0.5186007443903328,Medical Care Facilities,Healthcare,DVA
2020Q3,2020,Q3,2020-10-29,2020-09-30,217540000.0,2924066000.0,437669000.0,1.76,952347000.0,0.3256927169,17046672000.0,1574757000.0,3429675000.0,2499241000.0,13989398000.0,106254000.0,2031607000.0,10355516504.7,20751074504.7,13.02474260832704,1.3722866262197204,0.6515096905718606,7.0525623953409955,0.02132689486597525,13.02474260832704,0.13814194824979345,3.5414783745305343,11.900703898938126,6.575945688572904,0.0,18.55665669057165,0.0,0.17153295376364372,1.2636180344352546,0.012761435193919377,31.912420121849753,0.32569271692225826,0.08641975308641969,0.770115448628428,0.45681669577107503,-0.44570486899524614,0.06358169117113294,0.07905675538933145,0.06769369633099141,2.5845684947157865,0.1644964431565512,-0.48581402072588564,Medical Care Facilities,Healthcare,DVA
2020Q2,2020,Q2,2020-07-30,2020-06-30,201602000.0,2879979000.0,409920000.0,1.62,895415000.0,0.3109102532,19305091000.0,2153915000.0,5779830000.0,4274563000.0,15729337000.0,97902000.0,1872933000.0,9660972131.28,19603270131.28,17.64427334885763,1.3521452368347362,0.6667260983126161,5.975726990155136,0.017077948572369682,17.64427334885763,0.09359793678023506,3.354528672354903,11.980253334887552,4.485307977000021,0.0,20.2709239852097,0.0,0.14918235816655825,1.2894541500499583,0.010442944816991538,18.78115955435199,0.31091025316504045,-0.14285714285714277,1.063320755455271,0.4630143442965783,-0.2698285655405502,0.03421969350464548,-0.1585647326925244,-0.11916385890118958,1.484830780223154,0.16265058138072025,-0.33685985624618187,Medical Care Facilities,Healthcare,DVA
2020Q1,2020,Q1,2020-05-05,2020-03-31,239593000.0,2841237000.0,465376000.0,1.89,865788000.0,0.3047222037,17596300000.0,1947846000.0,4023939000.0,2220746000.0,14234920000.0,95685000.0,1671331000.0,9500021096.26,19797114096.260002,15.59503555400792,1.8119762458200983,0.6637109505975688,5.99578046724433,0.020939669180839986,15.59503555400792,0.12300407732438806,3.34362149171646,9.91266553724441,4.877193112936033,0.0,20.64533625960182,0.0,0.16146786540352234,1.693879894413859,0.013616101112165626,46.24253961643116,0.304722203744355,0.005319148936170218,4.70043238846336,0.4763199881145539,-0.3306161034179271,-0.035826802782755116,-0.021554206092187316,0.006026961356541891,-0.17572098721316004,0.18361120734649328,-0.41631061010979725,Medical Care Facilities,Healthcare,DVA
2019Q4,2019,Q4,2020-02-21,2019-12-31,244871000.0,2898584000.0,462588000.0,1.88,897959000.0,0.3097922986,17311394000.0,2133409000.0,3690170000.0,2372098000.0,13811776000.0,97949000.0,1431738000.0,9712375246.74,19785949246.739998,16.481002144529793,1.5556566381321513,0.6455832499682002,5.238538883073991,0.022206073874430802,16.481002144529793,0.11477921017488911,3.350730993733492,9.915807962907,4.552514424913366,0.0,20.42517024165637,0.0,0.16743793134163545,1.441343907376508,0.014145076936034152,21.06042983721732,0.30979229858441226,0.3623188405797102,0.9364343531501208,0.43275149526298895,-0.321248184365818,-0.01637298911388467,0.7091575347246458,0.22269094138543516,1.3267226566480583,0.6092597306212055,-0.31211765108676,Medical Care Facilities,Healthcare,DVA
2019Q3,2019,Q3,2019-11-07,2019-09-30,143270000.0,2904078000.0,378336000.0,1.38,912906000.0,0.3143531269,17451830000.0,2318576000.0,3998718000.0,2206640000.0,13643248000.0,98641000.0,3349180000.0,8599048787.55,18538047787.55,15.38788017013918,1.8121297538338832,0.6413227151536544,4.827210753496974,0.017393633488784376,15.38788017013918,0.061792237994355154,2.9610254227159185,15.004971011987855,3.7087629594846145,0.0,20.186048397725084,0.0,0.1664053569167245,1.6974109959032737,0.00820945425207557,18.395851463915537,0.3143531268788235,-0.15853658536585366,0.09800801151463602,0.2601933296382332,-0.34237166631960847,0.03158815393377268,-0.4762585404549791,-0.18088879074057235,-0.6608856581592364,0.052717471236324115,-0.3616411527998713,Medical Care Facilities,Healthcare,DVA
2019Q2,2019,Q2,2019-08-02,2019-06-30,273551000.0,2842705000.0,461886000.0,1.64,884952000.0,0.3113063086,19930960000.0,4049298000.0,6390629000.0,5706944000.0,14502158000.0,96819000.0,3205910000.0,9330349439.69,17785714439.690002,24.342617207222865,1.1197987924885893,0.603633894202788,2.9711330210816786,0.01846871794565277,24.342617207222865,0.06755516635229118,3.2822081220844233,8.527065738829323,2.3041893779341507,0.0,20.220752125099413,0.0,0.14262760047684608,1.0745574163685503,0.013724928453019824,21.46037670334498,0.3113063086039529,0.8222222222222221,1.363531709020835,0.14336607170143445,0.0796461927936407,0.13721171404449117,0.8323587136359678,0.3564655058486316,5.29970187892172,-0.059974341437070575,0.04887466585170439,Medical Care Facilities,Healthcare,DVA
2019Q1,2019,Q1,2019-05-07,2019-03-31,149289000.0,2743112000.0,340507000.0,0.9,778177000.0,0.2836840056,22605944000.0,3875354000.0,9225076000.0,8230877000.0,17376227000.0,104236000.0,2932359000.0,9138026653.36,22135677653.36,23.291072542641576,1.1207889511652283,0.5952811791447418,3.4724293574212832,0.01235011975355665,23.291072542641576,0.03852267431568832,3.3312626875461158,15.302578645044177,2.357985013332976,0.0,18.850828888291954,0.0,0.1213447224322948,0.3582765238746734,0.0066039710617703026,-158.7179395796714,0.2836840056111453,-0.27999999999999997,0.034721832112380974,0.1452644058692487,0.056569389865988126,-0.019996095988313152,-0.280070021122074,-0.12219650020107861,0.8819404468725426,-0.05916963629688236,0.011904432848545705,Medical Care Facilities,Healthcare,DVA
2018Q4,2018,Q4,2019-02-22,2018-12-31,207366000.0,2821124000.0,387908000.0,1.25,794055000.0,0.2814675994,19110252000.0,3703442000.0,8424159000.0,4891161000.0,14077213000.0,107381000.0,2743194000.0,8541584240.5,18320762240.5,22.311917784099972,1.7223229822121986,0.5286280892580589,2.7277910657167035,0.022486315374478462,22.311917784099972,0.05599277644958393,3.0277237868665114,10.29771544093535,2.306390714502887,0.0,18.877352604278226,0.0,0.14762358968369438,0.5567166977329104,0.010851034303472293,79.15250470749585,0.28146759943908883,0.8115942028985509,0.23928003576921952,0.16837548655999382,0.05997531425046315,0.013393996630762163,2.5158776572414396,0.34206574914025145,6.565369896798683,0.004131139158045759,-0.043706228142242246,Medical Care Facilities,Healthcare,DVA
2018Q3,2018,Q3,2018-11-07,2018-09-30,-136796000.0,2847330000.0,289038000.0,0.69,783560000.0,0.275191144,19357789000.0,3824649000.0,8929501000.0,4855104000.0,14264115000.0,91102000.0,3951247000.0,12347699962.560001,22124222962.56,22.9335838106395,1.8391987071749647,0.5281976159570703,2.6733794395250388,0.014165771285028095,22.9335838106395,-0.03576694227365701,4.336589001822761,-22.565900981315245,3.22845311100705,0.0,22.65339948629009,0.0,0.14708962888272004,0.558137580574999,-0.0070667161420139455,54.63801639251121,0.2751911439840131,-0.5490196078431373,-2.2631314135441754,0.19754360114037364,0.1305335291780763,-0.041943403793295704,-1.5118155015788923,-0.34038503669624276,-1.8069759776716714,0.028443133589206474,-0.024013431589823164,Medical Care Facilities,Healthcare,DVA
2018Q2,2018,Q2,2018-08-01,2018-06-30,267276000.0,2886953000.0,438192000.0,1.53,817864000.0,0.2832966106,19435564000.0,4279184000.0,9085362000.0,4783778000.0,13903899000.0,112729000.0,4088043000.0,11917101006.72,21471924006.72,24.934464916630343,1.8992022623123397,0.5116438607081328,2.323827860638851,0.02274613008148297,24.934464916630343,0.062459571731432906,4.127916528852392,11.146811728999236,2.784900347056822,0.0,18.354540535265993,0.0,0.14853970792923735,0.5709382835073032,0.01375190346933076,37.182610425894374,0.28329661064797385,0.5612244897959184,0.2844668081569827,0.22897708589103424,0.2682024679561854,0.004920999829208745,0.49578590376414494,0.06697574302508486,0.9457890227279743,0.04318864699125734,0.031860800140776004,Medical Care Facilities,Healthcare,DVA
2018Q1,2018,Q1,2018-05-03,2018-03-31,178686000.0,2849444000.0,410686000.0,0.98,813859000.0,0.2856202824,18942372000.0,4580680000.0,8673555000.0,2947523000.0,13125790000.0,125555000.0,3820767000.0,11800481618.1,20905628618.1,25.59641622903805,2.9426589716178637,0.4996217474770319,2.066073377751775,0.0223865630749092,25.59641622903805,0.03900861880768794,4.141327788193065,16.51008139711561,2.576141886815931,0.0,16.2126956313966,0.0,0.1504269898194376,0.8918132275812606,0.009433137518363593,90.70595266649244,0.28562028241299003,-0.08411214953271035,5.917235627329135,0.1758957396646538,0.4078004807910932,-0.030226661233088585,-0.09338785947679257,-0.06104877134260656,2.9261332740190724,0.03335756472082375,0.09867199562278063,Medical Care Facilities,Healthcare,DVA
2017Q4,2017,Q4,2018-02-23,2017-12-31,197092000.0,2780913000.0,437388000.0,1.07,839226000.0,0.3017807461,18948193000.0,4690029000.0,8744358000.0,3041177000.0,13050767000.0,181799000.0,3633713000.0,13168405874.25,21996402874.25,25.732393008375382,2.8753203118397908,0.49272408192169037,1.9906552816624374,0.13125510061556425,25.732393008375382,0.042023620749466584,4.735281497209729,16.70337440668571,2.8077450852116264,0.0,10.68040528275733,0.0,0.14676402124466434,0.8841507745192075,0.010401625104831896,169.93903488559667,0.3017807461074834,2.1758241758241756,0.4031757221083566,0.27129915900454876,0.38275334178073034,-0.15812715176514963,1.9189466420485275,0.10519054573754669,0.10695400252781546,-0.023735411511508254,0.059760099651721056,Medical Care Facilities,Healthcare,DVA
2017Q3,2017,Q3,2017-11-07,2017-09-30,-214476000.0,3922831000.0,395758000.0,-0.91,996856000.0,0.2541164786,19013339000.0,4784581000.0,4033549000.0,2874793000.0,13017320000.0,154422000.0,4070535000.0,11217816127.58,19470231127.58,25.330800786739275,1.4030745865876255,0.4785337809418956,1.901634646795613,0.016469016269426352,25.330800786739275,-0.044826495778836226,2.859622585724442,-13.075840802210971,2.344576490100178,0.0,18.947915452461437,0.0,0.20631994201544504,1.2779758403474615,-0.011280291168216166,35.93081531930841,0.254116478634945,-2.4,-2.490437147628978,1.0098023097323323,0.8963474029345422,-0.020352488192412088,-2.6887741041409123,0.04610431491134396,-2.3112228171426326,0.3579258220956775,0.08255666979388945,Medical Care Facilities,Healthcare,DVA
2017Q2,2017,Q2,2017-08-01,2017-06-30,127001000.0,3877477000.0,378316000.0,0.65,1017566000.0,0.2624299254,19341784000.0,5084314000.0,4023768000.0,2773325000.0,13060184000.0,199304000.0,4285011000.0,12374872868.160002,20756012868.160004,26.60715614195697,1.4508822442375127,0.4701291773292474,1.7884688081813986,0.0156485768953384,26.60715614195697,0.024978984382160504,3.1914755053763058,24.35979415154212,2.433931670656061,0.0,14.349491229478586,0.0,0.20047152837607948,1.3060135397041457,0.006566147155815617,-324.501714125082,0.2624299254386293,-0.7161572052401747,0.31299060793775435,0.980461444335012,1.106824552522047,0.044232567065142545,-0.7163237636169105,-0.05123324430400381,-0.044768071330040744,0.3576296091852838,0.1800832500954825,Medical Care Facilities,Healthcare,DVA
2017Q1,2017,Q1,2017-05-02,2017-03-31,447697000.0,3697283000.0,398745000.0,2.29,974463000.0,0.2635619183,19388264000.0,5139929000.0,4603900000.0,2813577000.0,13067825000.0,174159000.0,4158010000.0,13075846677.949999,20692709677.949997,26.718038436404484,1.636315622426541,0.46879364753853153,1.7683308465934062,0.017790323555218715,26.718038436404484,0.08710178681456494,3.536609634142152,7.301727886243373,2.5439741829021374,0.0,15.634104467756476,0.0,0.19069695976906442,1.5019009609475766,0.02309113389419496,20.096930368376317,0.26356191830595604,1.8624999999999998,2.1147357827492295,0.9309029488402771,1.2029396879379461,0.1932575023786462,1.838447687762322,0.09712611261676457,1.6837949419055775,0.3351014250300224,0.21202926647044987,Medical Care Facilities,Healthcare,DVA
2016Q4,2016,Q4,2017-02-24,2016-12-31,157726000.0,2699419000.0,363445000.0,0.8,816641000.0,0.3025247285,18741257000.0,4648047000.0,3980228000.0,2696445000.0,12918258000.0,164858000.0,3710313000.0,12454780804.2,20653961804.2,23.959042081204032,1.4761020528881545,0.4862196809957838,1.9604724306789496,0.017952579128903558,23.959042081204032,0.033933822097754175,4.613874616797171,19.741166333071277,2.6795729053944592,0.0,11.420604398937268,0.0,0.14403617644216715,1.3368587158276917,0.008415977647603894,54.529370216063576,0.3025247284693484,-0.7101449275362318,0.02936509087164182,0.40121605616844197,1.0985884391198741,-0.2094066781741948,-0.7239328446507459,-0.1863013759968477,-0.19350295847387364,-0.0434709872024933,0.13822547236446575,Medical Care Facilities,Healthcare,DVA
2016Q3,2016,Q3,2016-11-02,2016-09-30,571332000.0,3730576000.0,446658000.0,2.76,1032947000.0,0.2768867328,18925653000.0,4911746000.0,4261359000.0,2639469000.0,12834518000.0,200563000.0,5078983000.0,13462517878.31,21673787878.309998,24.10537621219026,1.6144758661685361,0.4821374459311919,1.857743865419751,0.027188626976700835,24.10537621219026,0.11631953280971777,3.6086968549387546,5.890847124924736,2.740882341698858,0.0,13.450282454889486,0.0,0.19711742575011812,1.4713368484342872,0.030188231814247044,42.211248411291436,0.2768867327726335,5.133333333333332,2.8711799864059078,0.8925933191898124,1.2532870066735142,-0.013069616080624789,9.702708778239856,-0.0665337496394939,3.317788432200118,0.2841835256033306,0.18829818602925052,Medical Care Facilities,Healthcare,DVA
2016Q2,2016,Q2,2016-08-08,2016-06-30,53382000.0,3717651000.0,478494000.0,0.45,1046626000.0,0.2815288471,18691630000.0,4746054000.0,4496217000.0,2645662000.0,12796024000.0,197388000.0,4507651000.0,15811783040.399998,23629807040.399998,23.208318400422264,1.699467656866221,0.48692596632824425,1.9176857237612552,0.014235559192369683,23.208318400422264,0.011247659634719706,4.2531649798219355,74.05016222884117,3.3315640825831307,0.0,13.531850973716741,0.0,0.1988938899389727,1.5538893479212386,0.0028559307026728006,47.74132326198606,0.28152884711340576,-0.3181818181818182,-0.5015500746013449,1.0285054963927998,1.3565044779587232,0.04788031273434301,-0.4521214360490178,0.31134125720424566,-0.7847071182456041,0.32814226186560336,0.18040819287434842,Medical Care Facilities,Healthcare,DVA
2016Q1,2016,Q1,2016-05-04,2016-03-31,97434000.0,3581136000.0,364889000.0,0.66,998803000.0,0.2789067491,18514198000.0,4703926000.0,4199560000.0,2443618000.0,12679761000.0,192689000.0,4454269000.0,14996440847.22,23072834847.22,23.017067409297148,1.7185828554217557,0.49247723287824835,1.9383427800522373,0.013764558265167955,23.017067409297148,0.020713336051630064,4.1876211479318295,38.47845938589198,3.188069040035919,0.0,13.401558988836934,0.0,0.19342647194331616,1.5630855559256807,0.005262663821570883,58.62221076645232,0.2789067491432886,2.88235294117647,-0.02870300064473437,1.1007247200089305,1.1362473585881507,-0.019298783062237226,1.8263038811858212,0.48973809377998245,2.3028805944700816,0.2941058595132361,0.26593653874284173,Medical Care Facilities,Healthcare,DVA
2015Q4,2015,Q4,2016-02-26,2015-12-31,34474000.0,3533589000.0,244935000.0,0.17,1018458000.0,0.2882219749,18514875000.0,4870780000.0,4503280000.0,2399138000.0,12566637000.0,185575000.0,4356835000.0,14552849002.069998,22184078002.07,23.33165648538671,1.8770408371673493,0.49313565444001106,1.8745139382193405,0.004122061691077267,23.33165648538671,0.007077716505364644,4.118432846058214,105.53496114513835,2.9877861455598484,0.0,13.553177960393372,0.0,0.19085135600429384,1.720360812925309,0.0018619623410906095,76.23763150156111,0.2882219748816289,-0.83,-0.6560872189226238,0.9757210797594025,1.2704902798708082,-0.006043039086517347,-0.8403035131930032,-0.5191394041243266,-0.7857222119652837,0.4103236983011138,0.2537475999199883,Medical Care Facilities,Healthcare,DVA
2015Q3,2015,Q3,2015-11-05,2015-09-30,215872000.0,3525665000.0,509368000.0,1.0,1024650000.0,0.2906260237,18894828000.0,4990353000.0,4737886000.0,2410554000.0,12805492000.0,173050000.0,4362835000.0,15361076300.01,23510370300.010002,23.49784777058656,1.9654759860181519,0.48673176596262213,1.842898287956784,0.02297392606348003,23.49784777058656,0.04325786171839948,4.35693019615023,17.789565460099038,3.0781542508135193,0.0,14.452557064432245,0.0,0.18659418333948316,1.7158105564115138,0.011424925381697044,30.25882940418315,0.29062602374303853,0.282051282051282,0.7472332477381309,1.0653103741068666,1.0772402186303582,0.036526520876199495,0.26628225508426356,0.05997319726645413,0.3342066187360271,0.6065217044292409,0.7591264867406141,Medical Care Facilities,Healthcare,DVA
2015Q2,2015,Q2,2015-08-05,2015-06-30,170477000.0,3434618000.0,480548000.0,0.78,988542000.0,0.2878171605,18946818000.0,5146849000.0,4780921000.0,2334290000.0,12736776000.0,159353000.0,4146963000.0,16926442928.82,25202554928.82,24.164562616613164,2.0481264110286213,0.48608937922979994,1.7894146496234882,0.02104054729425832,24.164562616613164,0.03312259598056986,4.928187917497667,24.822179720460824,3.2887001209516735,0.0,15.350046751551586,0.0,0.18127677164577186,1.7962755270339161,0.008997658604204675,-122.6464961149192,0.28781716045277816,3.166666666666667,0.5288102031008567,1.0933747132483702,1.1631850379390483,0.0682863728760808,2.541146478389398,8.428589095518557,0.5812177859994243,0.573863344973075,0.9134135775358562,Medical Care Facilities,Healthcare,DVA
2015Q1,2015,Q1,2015-05-05,2015-03-31,-110617000.0,3287965000.0,-64689000.0,-0.36,925353000.0,0.28143639,18366663000.0,4971410000.0,4300795000.0,2679516000.0,12347557000.0,145740000.0,3976486000.0,17344115923.84,24831073923.84,23.29759594402764,1.605064123520815,0.46269858601968145,1.7094202650757029,-0.002256320945514309,23.29759594402764,-0.022250629097177663,5.275030580872972,-39.19857690011481,3.488771982966603,0.0,16.211143131604228,0.0,0.17901809381486447,1.3183466715630734,-0.00602270537658365,60.083264940485265,0.28143638998590315,-1.3749999999999998,-1.979372127639417,1.04267429883049,1.1300268295302638,-0.03765043325609741,-1.5317613690991252,-1.1430903480540164,-1.6938138754002534,0.548064368798892,0.9209194140805835,Medical Care Facilities,Healthcare,DVA
2014Q4,2014,Q4,2015-02-26,2014-12-31,208020000.0,3328017000.0,452085000.0,0.96,961556000.0,0.2889276106,17942715000.0,5170513000.0,3876797000.0,2088652000.0,11752439000.0,136085000.0,4087103000.0,16128215718.999998,23666408719.0,24.281337839414846,1.8561239498011157,0.47392125439210286,1.644601609163346,0.02336086370853153,24.281337839414846,0.040231984717957386,4.846193910367645,19.38301091121046,3.1192679950712816,0.0,17.389580041885587,0.0,0.18548012382741408,1.5863073408112027,0.011593563181491764,-60.00482070599965,0.28892761064621963,0.12941176470588234,0.8405405580535557,1.0602736598243196,1.3510629694031553,0.03919419857558171,0.12979437546843942,0.03325212096833175,0.2368336034720005,0.5738392739753048,1.1268185390490029,Medical Care Facilities,Healthcare,DVA
2014Q3,2014,Q3,2014-11-06,2014-09-30,184122000.0,3251824000.0,437536000.0,0.85,925290000.0,0.28454492,18101416000.0,4975042000.0,4178435000.0,2597631000.0,12191198000.0,114677000.0,3879083000.0,15550824787.32,22526222787.32,23.399052902756644,1.6085560266257986,0.46971093311153117,1.7090173309089651,0.021209471723616997,23.399052902756644,0.03700913479725397,4.7821852558195035,21.11483797063903,3.125767538710226,0.0,20.287712444518082,0.0,0.17964473055588578,1.3413883650141225,0.01017169043570956,22.61293476669924,0.2845449200202717,0.2499999999999999,0.6257469331076019,1.023680888845681,1.3463766152966943,-0.0007138606686530928,0.24673794546427144,-0.0965506561083637,0.19559478571225045,0.5810003165373158,1.1872623521878254,Medical Care Facilities,Healthcare,DVA
2014Q2,2014,Q2,2014-08-01,2014-06-30,147683000.0,3172489000.0,484295000.0,0.68,925951000.0,0.2918689395,17925571000.0,4785771000.0,4161247000.0,2608148000.0,12208504000.0,99650000.0,3694961000.0,15350570446.079998,22729162446.079998,22.54684670747097,1.5954796276898398,0.49089454388928533,1.8386932847392823,0.022908886067634582,22.54684670747097,0.030858768628921025,4.838652063436626,25.98567615446598,3.207543872466944,0.0,22.544284997491218,0.0,0.1769811963033144,1.3410454468074664,0.008238677585221692,145.35010979992612,0.29186893949829296,-0.19999999999999993,0.3637454135940691,1.040784180846954,1.3381683304129963,0.0729394070015898,-0.19426152142245307,0.09761459572780327,0.3285567185739915,0.66774864353601,1.289340585272112,Medical Care Facilities,Healthcare,DVA
2014Q1,2014,Q1,2014-05-02,2014-03-31,183289000.0,3042776000.0,441225000.0,0.85,863004000.0,0.2836239013,17398342000.0,4659567000.0,3707233000.0,2566174000.0,11867926000.0,101173000.0,3547278000.0,14553184723.199999,21808957723.199997,22.04405386530812,1.4446537919876048,0.48072638185868516,1.7949826668443656,0.02131245890754354,22.04405386530812,0.03933605847925355,4.782864306541132,19.85005199875606,3.1232912249571685,0.0,21.544997183042906,0.0,0.17488884860407963,1.1807048158075018,0.010534854413138907,49.748694931871164,0.28362390133220455,-0.14141414141414144,0.8724614890318587,1.0659063407981122,1.4544186473008682,-0.07737308058675807,-0.13656149012144453,-0.08871512395209209,0.7665840734034863,0.7257373862641239,1.0459405624939853,Medical Care Facilities,Healthcare,DVA
2013Q4,2013,Q4,2014-02-21,2013-12-31,212278000.0,3063209000.0,484179000.0,0.99,935377000.0,0.3053585309,17098877000.0,4432479000.0,3472278000.0,2462049000.0,11796036000.0,88805000.0,3363989000.0,13344098650.71,20813777650.71,21.04946925096772,1.4103204282286828,0.49219185564057805,1.8986955155343093,0.024222874346670222,21.04946925096772,0.04789148465226795,4.356248186365997,15.71535751551032,3.010527213035865,0.0,23.960722932267327,0.0,0.17914679426023125,1.1362966374755337,0.01241473343541801,97.99587758471029,0.3053585308739952,0.546875,1.1291887977302604,1.0685842917805723,1.239828507943016,0.0344207145795641,0.5536932400386451,0.2840423895574874,1.0994668888312615,0.6979841508986542,1.0484021509872463,Medical Care Facilities,Healthcare,DVA
2013Q3,2013,Q3,2013-11-06,2013-09-30,136628000.0,2999586000.0,377074000.0,0.64,904252000.0,0.3014589347,16827319000.0,4267986000.0,3381408000.0,2453126000.0,11768656000.0,84899000.0,3151711000.0,11971450464.0,19441960464.0,20.285629058089715,1.3784077947891793,0.501636891771054,1.9777956160118613,0.018609912839882073,20.285629058089715,0.03201228870010352,3.9910342507266003,21.905192317826508,2.8049413620382073,0.0,24.68031425576273,0.0,0.17825691662468632,1.117525557187034,0.008119415814248247,20.223718625359194,0.3014589346663173,-0.4621848739495798,0.44602405678887497,1.0601551024132976,1.2248106280417448,0.054702088871211745,-0.4628895807780608,-0.27766369104632005,0.1162538142866138,0.7736759404485223,0.7932759183344034,Medical Care Facilities,Healthcare,DVA
2013Q2,2013,Q2,2013-08-07,2013-06-30,254376000.0,2871673000.0,522020000.0,1.19,857353000.0,0.2985552324,16455509000.0,4124881000.0,3131834000.0,2214888000.0,11572726000.0,77997000.0,4016375000.0,12708473507.050001,20567183507.050003,19.66126509500831,1.4139920393265935,0.5151231724281515,2.0549960107940084,0.028452730999342108,19.66126509500831,0.061668688139124496,4.425459830227885,12.489851152477042,3.0809309425047653,0.0,25.825608677256817,0.0,0.17451134449867214,1.1149931734697194,0.015458409703400849,76.89196625695045,0.29855523243767657,4.409090909090909,1.6768824589718145,1.038918065112164,1.3156539325670833,-0.020898689320998157,7.433099058480308,2.1284722014131523,1.315935368774909,0.7769124907450887,0.7600548023672963,Medical Care Facilities,Healthcare,DVA
2013Q1,2013,Q1,2013-05-09,2013-03-31,30164000.0,2829582000.0,166861000.0,0.22,875653000.0,0.30946373,16413477000.0,3799442000.0,3191168000.0,2325239000.0,11851052000.0,76582000.0,3761999000.0,12528733517.16,20334540517.16,18.181849330421105,1.3724042990849543,0.5182008662759268,2.2386124067692044,0.010229009913503813,18.181849330421105,0.007939060525203438,4.427768312478663,103.83846238197852,3.297519350778351,0.0,25.514206993810557,0.0,0.17239382002972314,1.0847598891984866,0.0018377580813620418,47.75652579860184,0.30946372997849153,-0.7105263157894737,-0.6434505599788732,1.1622684797377139,1.1710602969624913,0.14552792349655289,-0.8064412630984542,-0.5695276080108765,-0.727289723189391,0.7950681065986859,0.6623100073208081,Medical Care Facilities,Healthcare,DVA
2012Q4,2012,Q4,2013-03-01,2012-12-31,155839000.0,2426939000.0,387623000.0,0.76,764410000.0,0.3149687734,16018596000.0,3763137000.0,2878794000.0,2018174000.0,11509856000.0,78126000.0,3731835000.0,11175442923.4,19196019923.4,18.60953232283411,1.4264349852886817,0.5340246423594177,2.2731898944949385,0.02055542686478034,18.60953232283411,0.041411992175676836,4.604748171832914,17.927866136525516,2.9697146086895057,0.0,21.280098814735172,0.0,0.15150759779446338,1.1313761846104449,0.009728630399318393,384.8558069908396,0.3149687734219937,0.013333333333333345,0.9306203229831452,0.902169607269482,1.306891363139543,0.22886015227120737,0.07682368142840362,0.1371945584537888,0.4519875917542636,0.5821391860724666,0.8018851601786675,Medical Care Facilities,Healthcare,DVA
2012Q3,2012,Q3,2012-10-31,2012-09-30,144721000.0,1962966000.0,340859000.0,0.75,622048000.0,0.3168918871,10824112000.0,2537421000.0,2325674000.0,1336837000.0,8153727000.0,78322000.0,3575996000.0,9824716511.52,15181059511.52,13.357679477684627,1.7396840452500941,0.530162381911791,2.261562823039614,0.026206401404776487,13.357679477684627,0.057034682064978574,5.005036516944257,16.971822526654737,3.8719300074839764,0.0,17.120579147621356,0.0,0.18135122770348275,1.40416819702028,0.013370242288697678,41.246873382173284,0.3168918870729294,0.5,0.71270643382068,0.664363444793053,0.7430518501678859,0.007376601840020858,0.5179940631654028,0.37508572627298475,0.43026257563529513,0.36730290404087823,0.339462194958128,Medical Care Facilities,Healthcare,DVA
2012Q2,2012,Q2,2012-08-03,2012-06-30,95337000.0,1929740000.0,247882000.0,0.5,617493000.0,0.3199876667,9254933000.0,2378592000.0,2178751000.0,1235864000.0,6746986000.0,77684000.0,3431275000.0,9248591166.43,13473616166.43,12.62903268813056,1.76293750768693,0.48606186560183634,1.8912322920450417,0.023006465078720104,12.62903268813056,0.04008127497275699,4.792661791966793,24.25236573006807,3.888262958266907,0.0,16.89211420627156,0.0,0.20850934307141933,1.420174064460167,0.010301209095733054,144.38290193627452,0.3199876667323059,-0.3150684931506849,-0.14611342780829642,0.6460909472141568,0.774887769722119,0.023227104309036316,-0.3196046246074793,-0.22710775754552257,-0.0078427417783697,0.3989815544250929,0.3096644802819775,Medical Care Facilities,Healthcare,DVA
2012Q1,2012,Q1,2012-05-02,2012-03-31,140120000.0,1866635000.0,320720000.0,0.73,603476000.0,0.3232961988,9157084000.0,2274530000.0,2374400000.0,1242115000.0,6755154000.0,72285000.0,3335938000.0,8455159025.64,12497380025.64,12.128356751071024,1.9115782355095945,0.49049577354537754,1.9746985091425482,0.030016704650960048,12.128356751071024,0.06160393575815663,4.529626319896498,15.085567773408506,3.7173213919535026,0.18844561804167856,17.47470429549699,0.00312294540172783,0.20384600599928973,1.5628730029023077,0.01530181442039846,38.53500911806395,0.32329619877480065,-0.07594936708860765,1.0490726587314696,0.6355208228946524,0.8810964949346807,-0.06929300469150501,-0.05402942149429866,-0.02845094998061264,0.6133961349174512,0.4284480228458517,0.3503897764373394,Medical Care Facilities,Healthcare,DVA
2011Q4,2011,Q4,2012-02-24,2011-12-31,148123000.0,1862318000.0,330112000.0,0.79,648406000.0,0.3481714723,8892172000.0,2141075000.0,2281608000.0,1153116000.0,6624047000.0,75731000.0,3195818000.0,7108634864.52,11219851864.52,11.416741670059043,1.9786456869907276,0.506621891704299,2.1040687505108413,0.03274570991907608,11.416741670059043,0.06918160269957849,3.817089704615431,11.997857970267953,3.3201241733801945,0.0,16.029261464921895,0.0,0.20943342076604007,1.6270227800151935,0.01665768498405114,2984.313545138539,0.3481714723264233,0.11267605633802827,1.2377846568062147,0.6388532037637311,0.9245281274648278,0.0488086168438658,0.09428121837161368,0.035768970104671304,0.6681976894766793,0.41210263884347265,0.21483079480702755,Medical Care Facilities,Healthcare,DVA
2011Q3,2011,Q3,2011-11-04,2011-09-30,135361000.0,1807869000.0,318712000.0,0.71,618231000.0,0.3419667022,8706668000.0,1999253000.0,2370167000.0,1205920000.0,6624276000.0,73293000.0,3047695000.0,5855986325.400001,9814745325.400002,10.69787210452901,1.9654429812922913,0.5168412301927672,2.250823182458648,0.031178820683078746,10.69787210452901,0.06770578811185977,3.2391651858624715,10.815497679169038,2.92908717676052,0.0,16.23126355859359,0.0,0.20764189010078252,1.6361740413957808,0.015546819977516084,14.704518650375148,0.341966702233403,0.36538461538461525,0.5849695652854139,0.6232112497041015,0.9362779852516578,0.13165076907025144,0.35340698895165723,0.2900917238085215,0.6128482702977645,0.39787941544639055,0.1732808229624972,Medical Care Facilities,Healthcare,DVA
2011Q2,2011,Q2,2011-08-04,2011-06-30,100015000.0,1711529000.0,247046000.0,0.52,546309000.0,0.3191935398,8192721000.0,1880859000.0,2513364000.0,1035611000.0,6246595000.0,68629000.0,2912334000.0,8270254567.89,11826478567.89,9.848620538385747,2.4269383001918676,0.5231532966886093,2.2787720929639064,0.02575228872638728,9.848620538385747,0.05317517155725123,4.8320855608581565,20.672535539394094,4.397062495322616,0.24232365145228216,16.978536770170045,0.002930502296035533,0.20890849328324496,2.090673042290976,0.012207787864373753,70.67929141610618,0.3191935398114785,0.08333333333333341,0.7139396461678856,0.535624837459401,0.9545128807493585,0.11500279613521049,0.0583373896848744,0.04879156707832208,0.15621190684080344,0.33495977978476066,0.1599455462234721,Medical Care Facilities,Healthcare,DVA
2011Q1,2011,Q1,2011-05-06,2011-03-31,94502000.0,1605958000.0,235553000.0,0.48,489962000.0,0.3050901705,8322941000.0,2074395000.0,2726916000.0,1007373000.0,6186040000.0,69641000.0,2812319000.0,8231517709.02,11542244709.02,10.774532882048437,2.7069576016033783,0.5186552445824139,2.080961919017352,0.023787116627282095,10.774532882048437,0.0455564152439627,5.125612070191126,21.776041007121545,3.9681534659599547,0.23477809993439291,16.024985281658793,0.0026953717144637553,0.19295559105849724,2.368474239432663,0.011354399844958651,31.387697029280886,0.3050901704776837,0.0,0.7523191373252798,0.4712623260468086,1.2965828876045098,-0.04751703424344631,0.022251068202715128,-0.0777275307844404,0.21244091889160158,0.332018556651943,0.28656662660785703,Medical Care Facilities,Healthcare,DVA
2010Q4,2010,Q4,2011-02-25,2010-12-31,92445000.0,1649417000.0,255405000.0,0.48,514405000.0,0.3118708004,8114424000.0,1978422000.0,2622854000.0,924345000.0,6077290000.0,76008000.0,2717817000.0,6689371600.98,10137996600.98,10.276043325195072,2.837527113794092,0.5309978872191051,2.177868018046706,0.028372311027048278,10.276043325195072,0.046726633650454756,4.055597584467724,18.090139004218724,3.3811651917437224,0.24316079831251014,14.932796547731817,0.0033604053326484066,0.20326975765624275,2.4631409268184496,0.011392675561444658,409.76242578744257,0.3118708004100843,-0.15789473684210523,0.535675234087325,0.6931679852661241,1.4785335587597794,0.018456372516992257,-0.2256694614991582,-0.0052191863522171806,0.20288943914132343,0.3578206472580438,0.2738480034263449,Medical Care Facilities,Healthcare,DVA
2010Q3,2010,Q3,2010-11-05,2010-09-30,119387000.0,1649557000.0,256745000.0,0.57,505083000.0,0.3061931173,7627105000.0,2321433000.0,2262005000.0,1111784000.0,5250629000.0,68950000.0,2648797000.0,7083088501.32,9937615501.32,11.312051230203899,2.034572362976981,0.444348412667716,1.4599137687798873,0.029485243389852752,11.312051230203899,0.05142814804476373,4.29393376604749,14.83220221070971,3.051170764489003,0.19944382554214446,16.598607686729515,0.0033616691356549615,0.21627563800419689,1.7394700769214164,0.015652990223682512,77.54555458468815,0.3061931173036155,0.09615384615384602,1.1347197504368558,1.40630558855038,1.9668510958985146,0.060307963598576694,0.10694185604480172,0.05933199925731851,0.307841562031569,0.29464124697235655,0.4761165559437855,Medical Care Facilities,Healthcare,DVA
2010Q2,2010,Q2,2010-08-05,2010-06-30,107853000.0,1586907000.0,242365000.0,0.52,476355000.0,0.3001782713,7577681000.0,2301271000.0,2265150000.0,1118818000.0,5220873000.0,69386000.0,2529410000.0,6431546220.12,9240943220.119999,11.170825515525799,2.024592024797599,0.4465895304909246,1.4705408446028303,0.0270399389755719,11.170825515525799,0.04686670974431086,4.052881624518639,14.908130094016856,2.794780023786855,0.17285564611091023,16.00541896059724,0.002898680871122179,0.20941855430441053,1.6981215890341415,0.014232982359642746,26.89301919741755,0.30017827131646657,0.0,0.9871747345018058,1.3849962626187404,2.26836749056549,-0.0005748706016629286,-0.01434798899682882,-0.0012403880230440194,-0.11684221335188799,0.23758168469143634,0.5699509277413594,Medical Care Facilities,Healthcare,DVA
2010Q1,2010,Q1,2010-05-03,2010-03-31,109423000.0,1559418000.0,242666000.0,0.52,476629000.0,0.3056454395,7691718000.0,2261148000.0,2461251000.0,1047475000.0,5373082000.0,68038000.0,2421557000.0,6553332694.599999,9435295694.599998,10.937700699838356,2.349699038163202,0.47295961708424566,1.6088606318560306,0.025850784370371624,10.937700699838356,0.04839267487134854,4.202422118123556,14.97247538131837,2.8982325325896405,0.17051259789989306,15.914474264381669,0.002847100989604014,0.20273988203935714,2.012114847609728,0.014226080571336598,29.888136998659135,0.30564543951653755,-0.018867924528301903,0.8678833831885914,1.4585233745794006,2.5161072155212167,0.007335815943088778,-0.0027432466916991723,0.016563892891852946,0.45161885069962965,0.23949839276944937,0.6964268838227916,Medical Care Facilities,Healthcare,DVA
2009Q4,2009,Q4,2010-02-25,2009-12-31,109724000.0,1568204000.0,238712000.0,0.53,473158000.0,0.3017196742,7558236000.0,2135066000.0,2302521000.0,1046941000.0,5364077000.0,70041000.0,2312134000.0,6071652405.06,9195064405.060001,10.32781263429067,2.1992843913840416,0.4846198239906772,1.7155774107217294,0.02657488285832241,10.32781263429067,0.05139138555904127,3.871723580006173,13.833920575853961,2.8437773844274603,0.19011337537822173,15.634357019460031,0.0034356380451910705,0.20748280418870224,1.8485215499249719,0.014517143947344328,72.65349294076822,0.30171967422605733,0.0,0.8641531327967744,1.4481130030187963,2.9247327402049588,-0.01024980232524087,-0.010871720905075273,-0.02566928298251844,0.5037795547407049,0.25191695970308636,0.7409665983776456,Medical Care Facilities,Healthcare,DVA
2009Q3,2009,Q3,2009-11-05,2009-09-30,110930000.0,1573915000.0,245001000.0,0.53,478058000.0,0.3037381307,7537708000.0,2076803000.0,2308533000.0,1113509000.0,5399375000.0,69014000.0,2202410000.0,5897772197.76,9004602197.76,9.972419921939037,2.073205515177695,0.48934105698973746,1.7760519413733513,0.02676742465645231,9.972419921939037,0.05341382885136433,3.7471986719486123,13.291652839087714,2.8398322795951274,0.15318669431172813,15.878763729098443,0.002881257435893169,0.2088055148859574,1.567316474316777,0.014716675148466881,58.954729633043115,0.30373813071226846,0.03921568627450984,0.7495390018900017,1.517026449464565,3.3726531302809324,0.023323814865078923,0.04829945472930192,0.03834221924612424,0.16560659545308928,0.2681334857359585,0.8049736401654,Medical Care Facilities,Healthcare,DVA
2009Q2,2009,Q2,2009-08-07,2009-06-30,105819000.0,1519041000.0,235954000.0,0.51,467162000.0,0.3075374529,7441034000.0,2000058000.0,2233397000.0,1108840000.0,5384539000.0,65354000.0,2091480000.0,5129283081.18,8290189081.18,9.642952739629514,2.014174272212402,0.4979172249448128,1.8524557787824154,0.02602207903307957,9.642952739629514,0.052907965668995596,3.376658747973228,12.118057912992942,2.564567168142124,0.1543012124476701,16.095097469167918,0.0031832908696167567,0.20414380582053515,1.7301711698712168,0.014221007456759369,34.864384290346045,0.30753745290614276,0.10869565217391301,0.9411383276686722,1.6470005142534663,3.080020465782017,0.05751617416027925,0.09986384093294945,0.06958169389494298,0.6697148965257405,0.2549275242766024,0.9136969755921159,Medical Care Facilities,Healthcare,DVA
2009Q1,2009,Q1,2009-05-07,2009-03-31,96211000.0,1447640000.0,220604000.0,0.46,441754000.0,0.3051545964,7235411000.0,1865942000.0,2031463000.0,1026606000.0,5311262000.0,71353000.0,1985661000.0,4565456427.150001,7877946427.150001,8.981374831693865,1.9788146572297454,0.5138855277191579,1.9926519688178947,0.024716902232879333,8.981374831693865,0.05156162410192814,3.1537235964397228,11.86313526298968,2.446730084402409,0.1410129818835684,14.097318963463344,0.0029716634506287993,0.20007709306354537,1.6698879609119759,0.013297240474659975,74.78715111800938,0.3051545964466304,-0.021276595744680753,0.7186912229451697,1.553279919039765,3.508749004618135,-0.017595281831403752,-0.021898032836883036,0.04255198487712666,0.6532351119912971,0.22900653864105464,0.9143727130849401,Medical Care Facilities,Healthcare,DVA
2008Q4,2008,Q4,2009-02-27,2008-12-31,98365000.0,1461010000.0,211600000.0,0.47,449666000.0,0.3077774964,7286091000.0,1952458000.0,2128304000.0,1163063000.0,5167787000.0,84174000.0,1889450000.0,5149253130.69,8433518130.69,9.397803973081338,1.8299129109945034,0.5071506792874259,1.8925610691753676,0.023347139590889708,9.397803973081338,0.050380085000548025,3.524447560721692,13.087107026610074,2.63731825764754,0.0,12.014921472188561,0.0,0.20052041622867461,1.5417677288332619,0.013500380382292782,57.176441340565624,0.307777496389484,0.04444444444444436,0.47923151473371245,1.3647971252321394,5.00851595627413,0.01852602681392657,0.04743903737621127,0.01787535356256374,0.514238337812721,0.3898260830919289,1.2667063371383667,Medical Care Facilities,Healthcare,DVA
2008Q3,2008,Q3,2008-11-06,2008-09-30,93910000.0,1447135000.0,207884000.0,0.45,441487000.0,0.3050765824,7171893000.0,1906679000.0,2063989000.0,1123750000.0,5102306000.0,82494000.0,1791085000.0,5960781457.7,9280371457.7,9.117912689919553,1.8366976640711903,0.5169537526563768,1.9444998345290423,0.022310490364510875,9.117912689919553,0.04925317790776528,4.119022384020841,15.86833526168672,3.1262637589756848,0.0,12.190559313404611,0.0,0.20177866568840333,1.5362180200222468,0.013094171929224265,88.46120620482911,0.30507658235064455,0.0,1.3045329681499955,1.6332547830323183,6.103688458062075,0.017208963683533862,-0.010963549620330486,0.011335220915185304,0.6478903325783462,1.0716917492178242,1.3913867348978757,Medical Care Facilities,Healthcare,DVA
2008Q2,2008,Q2,2008-08-08,2008-06-30,94951000.0,1407304000.0,205554000.0,0.45,434018000.0,0.3084038701,7049560000.0,1779879000.0,1989239000.0,1149460000.0,5109983000.0,81222000.0,1697175000.0,5568811227.21,8951138227.21,8.490588692245677,1.7305856663128774,0.5261765273293653,2.084025374758621,0.023205918422717988,8.490588692245677,0.0533468848163274,3.957077665671383,14.662329062384808,3.128758318520529,0.0,11.983034153308218,0.0,0.19963004783277255,1.4312216171071634,0.01346906757301165,102.79300834720813,0.30840387009487646,0.12499999999999997,1.1626413636696529,1.5203844647823448,8.841378832518036,0.047050167062711847,0.09221938482066855,0.044869285863150456,0.7192268701018367,1.0785188585763297,1.4841820346159573,Medical Care Facilities,Healthcare,DVA
2008Q1,2008,Q1,2008-05-08,2008-03-31,86934000.0,1344724000.0,196727000.0,0.4,414515000.0,0.3082528459,6990432000.0,1798326000.0,2018477000.0,1070734000.0,5042830000.0,76807000.0,1602224000.0,5127864922.559999,8353983922.559999,8.37464042609003,1.885133936159681,0.5300723903758737,2.0604912568688882,0.021802488346345027,8.37464042609003,0.04834162437733759,3.8133214864611618,14.746430977983298,2.8514657089760145,0.0,12.110992487663884,0.0,0.19236636591272185,1.5599112384588516,0.012436141285688781,195.07227612736332,0.30825284593715885,0.0,1.0314472478937666,1.488455764038709,12.716520096386882,-0.030070244240299884,0.014197883733681766,0.007497580186722523,0.4286686145099951,1.0410124553867546,1.6921685313629038,Medical Care Facilities,Healthcare,DVA
2007Q4,2007,Q4,2008-02-29,2007-12-31,85717000.0,1354869000.0,195263000.0,0.4,427366000.0,0.3154297574,6943960000.0,1732250000.0,1976250000.0,1086496000.0,5061193000.0,80173000.0,1515290000.0,6050150510.6,9310422510.6,8.066930510983246,1.818920640296881,0.533891036238688,2.1401749170154423,0.02230638224129208,8.066930510983246,0.049483042286044165,4.465487446092575,17.645713541654512,3.4926543573964492,0.0,11.568770034799746,0.0,0.19511474720476502,1.4855250272435425,0.012344109125052564,48.22489387280104,0.3154297574156616,-0.09090909090909087,0.2401686430108363,1.291494341504848,19.977322150156976,-0.0018031569260378664,-0.09250966068498227,-0.08073461009735797,0.4019987180951191,1.0362303651615714,2.0655616450955065,Medical Care Facilities,Healthcare,DVA
2007Q3,2007,Q3,2007-11-07,2007-09-30,94455000.0,1318381000.0,212412000.0,0.44,428138000.0,0.3247452747,6781435000.0,1627266000.0,1920520000.0,1041580000.0,5006151000.0,75611000.0,1429573000.0,6735518247.12,10049515247.119999,7.663386190375262,1.8438526085370304,0.5463883381614658,2.2770075697519645,0.02412198322938706,7.663386190375262,0.05804521203048549,5.108931520645397,17.82732054184532,4.139162403147365,0.0,11.773987911811773,0.0,0.19441032760765237,1.513128132260604,0.013928467942257059,272.7040870934046,0.3247452746967682,-0.25423728813559315,0.5886531319598404,1.496224828429913,29.437108143362966,0.015213813839448736,-0.24450505502943434,0.07125133646688588,0.46102105393246134,1.067780078123815,2.3602004203790594,Medical Care Facilities,Healthcare,DVA
2007Q2,2007,Q2,2007-08-06,2007-06-30,125024000.0,1312735000.0,198284000.0,0.59,421722000.0,0.3212544802,6671382000.0,1500656000.0,1887480000.0,1073469000.0,5037025000.0,69860000.0,1335118000.0,5681716367.280001,8992781367.28,7.115397888007191,1.7582994944427832,0.5558019312939958,2.470897394206267,0.023108237314613724,7.115397888007191,0.08331289782601742,4.328151810746267,11.361251374296137,3.7861550996897355,0.0,12.754265674205554,0.0,0.19677107381948747,1.4448111682777984,0.018740344954014027,81.34750328985612,0.32125448015022073,0.6388888888888888,2.9454301624180794,2.5306515723955147,14.750801432362481,0.06339436332048182,0.6325507299365386,0.025693549972325248,1.255468751622773,1.2496356597194505,2.0105891617557448,Medical Care Facilities,Healthcare,DVA
2007Q1,2007,Q1,2007-05-03,2007-03-31,76582000.0,1278166000.0,193317000.0,0.36,396581000.0,0.31027347,6537997000.0,1354143000.0,1748032000.0,1043046000.0,5056358000.0,69452000.0,1210094000.0,5599300624.8,8998422624.8,6.447493142286765,1.6758915714167928,0.5744123161879701,2.7733452080024046,0.022699280032738304,6.447493142286765,0.05655384992574639,4.3807303783702585,18.278775119479775,4.134940419734105,0.0,12.69344295340667,0.0,0.19549810132981094,1.356497220640317,0.01171337337719794,145.31559806913734,0.31027346995617155,0.0285714285714286,1.543934133208417,2.5719035843747786,2.2561682694764547,-0.008698673452298524,0.03309096305089776,-0.5818382788739828,0.35326083455378143,1.2300099155382593,2.2367125114279585,Medical Care Facilities,Healthcare,DVA
