Quarters,Year,Quarter,FillingDate,Date,NetIncome,Revenue,OperatingIncome,EPSDiluted,GrossProfit,GrossProfitRatio,TotalAssets,CommonStockEquity,CurrentAssets,CurrentLiability,TotalLiability,Inventory,RetainedEarnings,MarketCap,EnterpriseValue,bookValuePerShare,currentRatio,debtToAssets,debtToEquity,roic,shareholdersEquityPerShare,roe,priceToSalesRatio,peRatio,pbRatio,payoutRatio,inventoryTurnover,dividendYield,assetTurnover,quickRatio,returnOnAssets,priceToFreeCashFlowsRatio,grossProfitMargin,epsdilutedGrowth,fiveYNetIncomeGrowthPerShare,fiveYRevenueGrowthPerShare,fiveYShareholdersEquityGrowthPerShare,grossProfitGrowth,netIncomeGrowth,operatingIncomeGrowth,threeYNetIncomeGrowthPerShare,threeYRevenueGrowthPerShare,threeYShareholdersEquityGrowthPerShare,Industry,Sector,Symbol
2023Q1,2023,Q1,2023-05-11,2023-03-31,-28844000.0,802000.0,-27511000.0,-0.5,802000.0,1.0,197881000.0,151899000.0,153583000.0,18507000.0,45982000.0,0.0,-457981000.0,59447834.32,49094834.32,2.631819506793431,8.29864375641649,0.14706313390370981,0.1915812480661492,-0.14503052187310744,2.631819506793431,-0.18988933436033154,74.1244816957606,-0.5152530363333796,0.3913642243859407,0.0,0.0,0.0,0.004052940908930115,8.106392175933431,-0.1457643735376312,-2.261922012023438,1.0,0.12280701754385957,0.8812598912105368,-0.957806029945096,1.1328628579815423,0.0,0.1242941283623778,0.20244100423262015,0.36133860346157054,0.06700916898511994,-0.4754592767605003,Biotechnology,Healthcare,FIXX
2022Q4,2022,Q4,2023-03-09,2022-12-31,-32938000.0,802000.0,-34494000.0,-0.57,802000.0,1.0,228470000.0,177978000.0,181015000.0,22576000.0,50492000.0,0.0,-429137000.0,72323700.12,67814700.12,3.100674877362732,8.018027994330263,0.12901912723771172,0.16562159368011778,-0.14514101967999538,3.100674877362732,-0.18506781737068626,90.17917720698254,-0.5489381574473253,0.40636314668105045,0.0,0.0,0.0,0.0035103076990414496,7.752746279234586,-0.1441677244277148,-2.658177746251103,1.0,-0.03636363636363619,0.10339717425341262,0.0,-0.41327236537299344,0.0,-0.0440929406916664,-0.049662223845170717,-0.07209757553958653,0.12053597499388635,-0.45843093971673027,Biotechnology,Healthcare,FIXX
2022Q3,2022,Q3,2022-11-10,2022-09-30,-31547000.0,802000.0,-32862000.0,-0.55,802000.0,1.0,262651000.0,209061000.0,213204000.0,25252000.0,53590000.0,0.0,-394842000.0,92489979.12,79154979.12,3.63918570641364,8.443054015523522,0.11356134185668434,0.14267127776103625,-0.1221150747528834,3.63918570641364,-0.15089854157399038,115.32416349127183,-0.7329538396677973,0.44240666178770793,0.0,0.0,0.0,0.0030534816162892963,7.9626960240773,-0.1201099557968559,-3.708796981313658,1.0,-0.14583333333333348,-0.564975386005647,0.0,0.0,0.0,-0.13773081361800346,-0.16091426149009078,0.186207459250839,0.38988572764301954,-0.3802787804253397,Biotechnology,Healthcare,FIXX
2022Q2,2022,Q2,2022-08-15,2022-06-30,-27728000.0,802000.0,-28307000.0,-0.48,802000.0,1.0,284609000.0,240288000.0,238440000.0,20734000.0,44321000.0,0.0,-361116000.0,113049588.66,-39141411.34,4.187254156436309,11.499951770039548,0.08431567518947046,0.09986765880942869,-0.09782161853626753,4.187254156436309,-0.11539485950193101,140.95958685785536,-1.0192728348600693,0.4704753822912505,0.0,0.0,0.0,0.002817901050212748,10.876965370888396,-0.09742488817992404,-3.6506470972325378,1.0,-1.3,-0.497389884242541,0.0,0.0,0.0,-1.2991283334771726,0.24751448774522836,0.20770499733606546,0.5357366380025138,-0.3665548787790919,Biotechnology,Healthcare,FIXX
2022Q1,2022,Q1,2022-05-16,2022-03-31,92696000.0,802000.0,-37618000.0,1.6,802000.0,1.0,310958000.0,266254000.0,262448000.0,20802000.0,44704000.0,0.0,-332027000.0,174131087.52,-50012912.47999999,4.64829210870824,12.61647918469378,0.07712617138005776,0.09007564205608179,-0.11848266327723109,4.64829210870824,0.34814876020641944,217.12105675810474,0.4696294541296281,0.6540036488465901,0.0,0.0,0.0,0.0025791264415130017,12.312566099413518,0.29809813543951275,-5.4701437979455285,1.0,3.7118644067796613,6.419510240905053,0.0,0.0,0.0,3.760206056635798,-0.12015007593127475,3.5364430890982494,0.93865055226561,-0.002811200959188613,Biotechnology,Healthcare,FIXX
2021Q4,2021,Q4,2022-03-23,2021-12-31,-33583000.0,802000.0,-33583000.0,-0.59,802000.0,1.0,211721000.0,169651000.0,191909000.0,17226000.0,42070000.0,0.0,-424132000.0,207868165.96,123420165.96000001,2.970775429455759,11.140659468245675,0.11304499789817732,0.14107785984167498,-0.17347935015626212,2.970775429455759,-0.1979534456030321,259.187239351621,-1.5474210609534587,1.2252693232577467,0.0,0.0,0.0,0.003788004024163876,9.04870544525717,-0.1586191261140841,-6.755985633125325,1.0,-0.09259259259259246,0.08114737882170013,0.0,-0.43785269024556994,0.0,-0.09719681129116571,-0.09530021851863932,-0.15701251053655915,-0.46426198584254647,-0.4296287697637246,Biotechnology,Healthcare,FIXX
2021Q3,2021,Q3,2021-11-15,2021-09-30,-30608000.0,1677000.0,-30661000.0,-0.54,0.0,0.0,230816000.0,198571000.0,191817000.0,18705000.0,32245000.0,0.0,-390549000.0,449429248.93,367141248.93,3.477196407934286,10.25485164394547,0.05866577706918064,0.06819223350841765,-0.13587676653977568,3.477196407934286,-0.1541413398733954,267.99597431723316,-3.6708478905024835,2.2633176492539193,0.0,0.0,0.0,0.007265527519755996,10.026784282277466,-0.13260779148759186,-17.376633503325085,0.0,0.0,-0.5274485937966329,0.0,0.0,0.0,-0.003540983606557377,-0.0035676878764074366,-0.35023704546320034,0.14717400106075743,-0.3908308284391539,Biotechnology,Healthcare,FIXX
2021Q2,2021,Q2,2021-08-12,2021-06-30,-30500000.0,2187000.0,-30552000.0,-0.54,0.0,0.0,258918000.0,224577000.0,217937000.0,19534000.0,34341000.0,0.0,-359941000.0,410736541.46999997,308612541.46999997,3.974992787728992,11.156803522064093,0.05480113394974471,0.06318100250693526,-0.12078037595619774,3.974992787728992,-0.1358108800099743,187.80820368998627,-3.3666929628688522,1.8289341360424263,0.0,0.0,0.0,0.008446689685537506,10.919064195761237,-0.11779791285271785,-16.51202176763819,0.0,-26.0,-0.6729771840995139,0.0,0.0,0.0,-27.42497670083877,-26.499549954995498,-0.543255799230838,0.5400961447786186,-0.3539607217290394,Biotechnology,Healthcare,FIXX
2021Q1,2021,Q1,2021-05-06,2021-03-31,-1073000.0,29305000.0,-1111000.0,-0.02,0.0,0.0,234697000.0,200829000.0,191652000.0,17808000.0,33868000.0,0.0,-329441000.0,473921278.39,384326278.39,3.98758396419762,10.762129380053908,0.06314950766307197,0.07379910271922879,-0.004820563107722881,3.98758396419762,-0.005342853870705924,16.172027926633678,-110.41968275629077,2.3598249176662733,0.0,0.0,0.0,0.12486312138629808,10.59349730458221,-0.004571852217966144,-15.467404647193211,0.0,0.9696369836527811,0.9286514891539596,0.0,0.0,-1.0,0.9639824107952066,0.9627206227769949,0.9949379794270318,0.7668512010808523,1.2013062828043883,Biotechnology,Healthcare,FIXX
2020Q4,2020,Q4,2021-03-11,2020-12-31,-29791000.0,980000.0,-29802000.0,-0.6586960851085488,980000.0,1.0,263737000.0,195995000.0,219564000.0,22658000.0,67742000.0,0.0,-328368000.0,510615437.98999995,308626437.98999995,4.333561787145448,9.690352193485744,0.009482931860148557,0.012760529605347076,-0.13930204077816938,4.333561787145448,-0.1519987754789663,521.0361612142857,-4.284980682001276,2.605247266460879,0.0,0.0,0.0,0.0037158229599942366,9.596213258010415,-0.11295722632774317,-40.631450464709154,1.0,-0.0624130404976594,-0.02919591073234011,0.0,-0.1799783732745148,0.7283950617283951,-0.05522102578634174,-0.054079864181374455,-0.02919591073234011,0.0,-0.1799783732745148,Biotechnology,Healthcare,FIXX
2020Q3,2020,Q3,2020-11-09,2020-09-30,-28232000.0,567000.0,-28273000.0,-0.62,567000.0,1.0,228362000.0,170222000.0,181255000.0,17178000.0,58140000.0,0.0,-298577000.0,483931371.7,321965371.7,3.76370598500713,10.55157759925486,0.010934393638170975,0.014669079202453267,-0.14978596706859648,3.76370598500713,-0.16585400242036868,853.4944827160493,-4.2853089729739295,2.8429425791025835,0.0,0.0,0.0,0.0024828999570856796,10.362265688671556,-0.12362827440642489,-16.66200839071753,1.0,0.20512820512820515,-0.7789342513171723,0.0,0.0,0.0,0.20113186191284663,0.20797265876684315,-0.7789342513171723,0.0,0.0,Biotechnology,Healthcare,FIXX
2020Q2,2020,Q2,2020-08-10,2020-06-30,-35340000.0,567000.0,-35697000.0,-0.78,0.0,0.0,258238000.0,194704000.0,209807000.0,19564000.0,63534000.0,0.0,-270345000.0,686708517.4599999,535675517.4599999,4.306854633082768,10.724136168472706,0.009344093433189538,0.01239317117265182,-0.16702695115103874,4.306854633082768,-0.18150628646560935,1211.1261330864197,-4.857870100877193,3.526935848570137,0.0,0.0,0.0,0.002195648974976572,10.562410549989778,-0.13685050224986253,-24.031794136832893,0.0,0.0,-1.422540212311936,0.0,0.0,0.0,-0.0002547338031756814,0.0217855968431437,-1.422540212311936,0.0,0.0,Biotechnology,Healthcare,FIXX
2020Q1,2020,Q1,2020-05-07,2020-03-31,-35331000.0,588000.0,-36492000.0,-0.78,0.0,0.0,288788000.0,226541000.0,238333000.0,17452000.0,62247000.0,0.0,-235005000.0,701650658.0999999,575430658.0999999,5.017378804336933,13.656486362594546,0.008071665027632726,0.010289528164879647,-0.1483269924885377,5.017378804336933,-0.1559585240640767,1193.283432142857,-4.964837239959243,3.0972347526496304,0.0,0.0,0.0,0.0020360956826460932,13.461437084574834,-0.12234234109450531,-25.16771254707844,0.0,-0.457275901022055,-1.6205218393327534,0.0,0.0,0.0,-0.46195224893449743,-0.42775538949098163,-1.6205218393327534,0.0,0.0,Biotechnology,Healthcare,FIXX
2019Q4,2019,Q4,2020-03-12,2019-12-31,-24167000.0,563000.0,-25559000.0,-0.5352452472815545,0.0,0.0,310567000.0,258507000.0,266577000.0,12374000.0,52060000.0,0.0,-199674000.0,934631185.5,880857185.5,5.725354538793099,21.543316631647002,0.0,0.0,-0.09887159728750092,5.725354538793099,-0.09348683014386458,1660.0909156305506,-9.668465112550171,3.6154966229154333,0.0,0.0,0.0,0.001812813338184675,21.20478422498788,-0.07781573702292903,-31.0942572859139,0.0,0.20112649659469478,0.16369288933861514,0.0,0.08338470133451945,0.0,0.18429135585783238,0.1831053439018154,0.16369288933861514,0.0,0.08338470133451945,Biotechnology,Healthcare,FIXX
2019Q3,2019,Q3,2019-11-12,2019-09-30,-29627000.0,441000.0,-31288000.0,-0.67,0.0,0.0,316759000.0,257822000.0,274079000.0,18682000.0,58937000.0,0.0,-175507000.0,794677097.2,717118097.2,5.872294818162528,14.67075259608179,0.0,0.0,-0.12135504340203707,5.872294818162528,-0.11491261412912784,1801.9888825396827,-6.70568313700341,3.0822703151786897,0.0,0.0,0.0,0.0013922256352621393,14.434857081682903,-0.09353167550093289,-29.208552843018342,0.0,-0.09836065573770501,-0.9230643040362132,0.0,0.0,0.0,-0.1277883517320137,-0.11850713187716727,-0.9230643040362132,0.0,0.0,Biotechnology,Healthcare,FIXX
2019Q2,2019,Q2,2019-08-08,2019-06-30,-26270000.0,392000.0,-27973000.0,-0.61,0.0,0.0,341156000.0,284742000.0,298769000.0,15491000.0,56414000.0,0.0,-145880000.0,807236500.3799999,691670500.3799999,6.610287167996109,19.28661803627913,0.0,0.0,-0.09823981007368074,6.610287167996109,-0.09225895723145866,2059.276786683673,-7.682113631328511,2.8349751718397704,0.0,0.0,0.0,0.0011490344593089378,19.094700148473308,-0.07700289603583112,-29.25936062851136,0.0,0.04687500000000004,-0.8899398320169444,0.0,0.0,0.0,-0.10137514673821901,-0.11344186601918561,-0.8899398320169444,0.0,0.0,Biotechnology,Healthcare,FIXX
2019Q1,2019,Q1,2019-05-13,2019-03-31,-23852000.0,270000.0,-25123000.0,-0.64,0.0,0.0,233026000.0,174264000.0,190502000.0,17647000.0,58762000.0,0.0,-119610000.0,1089384533.98,1048545533.98,4.661396230261911,10.795149317164391,0.0,0.0,-0.14416632236147456,4.661396230261911,-0.13687279070835054,4034.757533259259,-11.418167595799094,6.251345854450718,0.0,0.0,0.0,0.0011586689897264684,10.651498838329461,-0.10235767682576193,-38.44389081342415,0.0,-0.2591722384815171,-1.1366575359795614,0.0,0.0,0.0,-0.25527335061307727,-0.23228839874759122,-1.1366575359795614,0.0,0.0,Biotechnology,Healthcare,FIXX
2018Q4,2018,Q4,2019-03-12,2018-12-31,-19001439.0,980002.0,-20387273.0,-0.5082704180103271,0.0,0.0,259094000.0,194717000.0,221685000.0,25433000.0,64377000.0,0.0,-97396000.0,835917576.52,797697576.52,5.208494524215606,8.71643140801321,0.0,0.0,-0.10470207018390792,5.208494524215606,-0.09758490013712208,852.9753781318814,-10.998082520487001,4.2929871378462074,0.0,0.0,0.0,0.003782418736057184,8.443243030708135,-0.07333801245879874,-34.81672959369785,0.0,-0.27067604502581777,0.20584037526769156,0.0,-0.0144185401469822,0.0,-0.28424867308296303,-0.2520623869638388,0.20584037526769156,0.0,-0.0144185401469822,Biotechnology,Healthcare,FIXX
2018Q3,2018,Q3,2018-11-13,2018-09-30,-14795763.0,954149.0,-16282953.0,-0.4,0.0,0.0,268396823.0,212760175.0,245866343.0,18573975.0,55636648.0,0.0,-78394427.0,828214992.4399999,792176601.4399999,5.7080964866045765,13.237141914964353,0.0,0.0,-0.07653195904731701,5.7080964866045765,-0.06954197607705484,868.0143168834217,-13.994124406426351,3.8927162587641226,0.0,0.0,0.0,0.0035549936446155326,12.78907821292965,-0.05512644611296312,-44.728576789669646,0.0,-0.142857142857143,-0.1312447684122309,0.0,0.0,0.0,-0.14747108708108025,-0.17221731127286408,-0.1312447684122309,0.0,0.0,Biotechnology,Healthcare,FIXX
2018Q2,2018,Q2,2018-08-13,2018-06-30,-12894236.0,926477.0,-13890729.0,-0.35,0.0,0.0,270314772.0,226798431.0,261582353.0,10875559.0,43516341.0,0.0,-63598664.0,751956627.5999999,656996092.5999999,6.152865501254876,24.052313356950204,0.0,0.0,-0.06124702423536607,6.152865501254876,-0.05685328572665478,811.6301080329031,-14.579317215847452,3.3155283494884493,0.0,0.0,0.0,0.0034274005565629985,23.493788687091854,-0.04770081895487384,-58.30698596752144,0.0,0.9168646080760094,-0.08405695603627691,0.0,0.0,0.0,-0.2253649513645264,-0.2625347258357491,-0.08405695603627691,0.0,0.0,Biotechnology,Healthcare,FIXX
2018Q1,2018,Q1,2018-05-14,2018-03-31,-10522772.0,823372.0,-11002255.0,-4.21,0.0,0.0,129078151.0,-49524881.0,120404902.0,9442066.0,178603032.0,0.0,-50703638.0,46753328.6,539915.6000000015,-19.808542031807335,12.75196572445056,0.0,0.0,0.22215611179358513,-19.808542031807335,0.2124744529926281,56.782752631860205,-1.1107655045647669,-0.9440371719419174,0.0,0.0,0.0,0.006378864227765395,12.363022457161389,-0.0815224878763564,-3.870645097462942,0.0,-5.578018121162988,-13.094867813665207,0.0,0.0,0.0,0.11616036220487784,0.1027861018085022,-13.094867813665207,0.0,0.0,Biotechnology,Healthcare,FIXX
2017Q4,2017,Q4,2017-12-31,2017-12-31,-11905748.0,0.0,-12262689.0,-0.6400103986420268,0.0,0.0,137530341.0,98308109.0,131603287.0,8861746.0,39222232.0,0.0,-40180866.0,347121325.14,295546393.14,5.284692068976583,14.850717567395861,0.0,0.0,-0.1247373093098556,5.284692068976583,-0.1211064694571635,0.0,-7.288944070124783,3.5309531296141605,0.0,0.0,0.0,0.0,14.631262958789385,-0.08656815589514172,15.988189508882295,0.0,-0.8239162797329909,0.0,0.0,0.0,0.0,-0.8239178818206107,-0.839926809177211,0.0,0.0,0.0,Biotechnology,Healthcare,FIXX
2017Q3,2017,Q3,2017-09-30,2017-09-30,-6527568.0,0.0,-6664770.0,-0.350899,0.0,0.0,,,,,,,,347121325.14,,,0.0,0.0,0.0,0.0,,0.0,0.0,-13.294435429090896,0.0,0.0,0.0,0.0,0.0,0.0,0.0,-60.385592534843965,0.0,-0.08742837486480712,0.0,0.0,0.0,0.0,-0.08742887014860179,-0.10370918701933586,0.0,0.0,0.0,Biotechnology,Healthcare,FIXX
2017Q2,2017,Q2,2017-06-30,2017-06-30,-6002754.0,0.0,-6038520.0,-0.322687,0.0,0.0,,,,,,,,347121325.14,,,0.0,0.0,0.0,0.0,,0.0,0.0,-14.456752897919856,0.0,0.0,0.0,0.0,0.0,0.0,0.0,-57.19983632722821,0.0,-0.08064472917489944,0.0,0.0,0.0,0.0,-0.0806440492021935,-0.28711431992800623,0.0,0.0,0.0,Biotechnology,Healthcare,FIXX
2017Q1,2017,Q1,2017-03-31,2017-03-31,-5554793.0,0.0,-4691518.0,-0.298606,0.0,0.0,,,,,,,,347121325.14,,,0.0,0.0,0.0,0.0,,0.0,0.0,-15.622603989923656,0.0,0.0,0.0,0.0,0.0,0.0,0.0,-64.60152836969978,0.0,0.0,0.0,0.0,0.0,0.0,0.0,0.0,0.0,0.0,0.0,Biotechnology,Healthcare,FIXX
