Quarters,Year,Quarter,FillingDate,Date,NetIncome,Revenue,OperatingIncome,EPSDiluted,GrossProfit,GrossProfitRatio,TotalAssets,CommonStockEquity,CurrentAssets,CurrentLiability,TotalLiability,Inventory,RetainedEarnings,MarketCap,EnterpriseValue,bookValuePerShare,currentRatio,debtToAssets,debtToEquity,roic,shareholdersEquityPerShare,roe,priceToSalesRatio,peRatio,pbRatio,payoutRatio,inventoryTurnover,dividendYield,assetTurnover,quickRatio,returnOnAssets,priceToFreeCashFlowsRatio,grossProfitMargin,epsdilutedGrowth,fiveYNetIncomeGrowthPerShare,fiveYRevenueGrowthPerShare,fiveYShareholdersEquityGrowthPerShare,grossProfitGrowth,netIncomeGrowth,operatingIncomeGrowth,threeYNetIncomeGrowthPerShare,threeYRevenueGrowthPerShare,threeYShareholdersEquityGrowthPerShare,Industry,Sector,Symbol
2023Q1,2023,Q1,2023-05-22,2023-03-31,1235400.0,0.0,1235400.0,0.27,0.0,0.0,25470477.0,10045403.0,97064.0,667074.0,15425074.0,0.0,-15329353.0,1277289.76,1225006.76,0.629169876066336,0.14550709516485427,0.0,0.0,0.12298162652110622,0.629169876066336,0.12298162652110622,0.0,0.25847696292698724,0.12715166927598623,0.0,0.0,0.0,0.0,38.11525557884133,0.048503214132974426,-16.609101855584306,0.0,0.1739130434782609,11.046960122069063,0.0,-0.9330107960797522,0.0,-0.8505992537218672,1.6493083294790396,11.046960122069063,0.0,-0.9330107960797522,Shell Companies,Financial Services,LGSTW
2022Q4,2022,Q4,2023-04-17,2022-12-31,8269035.0,0.0,-1902640.0,0.23,0.0,0.0,357138356.0,342080652.0,274356.0,350454.0,15057704.0,0.0,-14784691.0,269625.0,140439.0,9.515456244784422,0.7828588060059237,0.0,0.0,-0.01759124004875077,9.515456244784422,0.024172764380722706,0.0,0.008151646473863032,0.0007881913181105606,0.0,0.0,0.0,0.0,0.3686246982485576,0.023153589809323086,-19.45205973594979,0.0,1.4134312696747116,288.66863802400417,0.0,25.04327021307506,0.0,1.4146269885766347,0.5022165105969718,288.66863802400417,0.0,25.04327021307506,Shell Companies,Financial Services,LGSTW
2022Q3,2022,Q3,2022-11-14,2022-09-30,3424560.0,0.0,-3822224.0,0.0953,0.0,0.0,354542198.0,339466165.0,418473.0,281783.0,15076033.0,0.0,-14658903.0,4314000.0,4170953.0,9.44273059805285,1.485089590216585,0.0,0.0,-0.02390708757037969,9.44273059805285,0.010088074609733197,0.0,0.31493096923400377,0.01270818845819288,0.0,0.0,0.0,0.0,1257.232593875429,0.009659104104724934,-101.27236020470444,0.0,15.431034482758621,29779.782608695656,0.0,24985.468791402913,0.0,15.543927960656625,-19.465028647619782,29779.782608695656,0.0,24985.468791402913,Shell Companies,Financial Services,LGSTW
2022Q2,2022,Q2,2022-08-15,2022-06-30,206998.0,0.0,206998.0,0.0058,0.0,0.0,352979285.0,337853301.0,594755.0,259234.0,15125984.0,0.0,-14048042.0,5752000.0,5566355.0,9.397866509040334,2.2942785282794693,0.0,0.0,0.0006126860367719184,9.397866509040334,0.0006126860367719184,0.0,6.946927023449502,0.01702514074296406,0.0,0.0,0.0,0.0,1360.0460394855613,0.0005864310139332964,-125.31317400492364,0.0,-0.09375000000000011,0.0,0.0,0.0,0.0,-0.10352832141635232,1.2598319737002313,0.0,0.0,0.0,Shell Companies,Financial Services,LGSTW
2022Q1,2022,Q1,2022-05-17,2022-03-31,230903.0,0.0,-796661.0,0.0064,0.0,0.0,352829802.0,337646303.0,734159.0,178999.0,15183499.0,0.0,-14255040.0,9710095.0,9478549.0,9.392108567454798,4.1014698406136345,0.0,0.0,0.0209637163896821,9.392108567454798,0.0006838605900565717,0.0,10.513175445966489,0.02875818545538762,0.0,0.0,0.0,0.0,1.2935602992195487,0.0006544316797819703,-85.90343698854338,0.0,9.0,0.0,0.0,0.0,0.0,9.03280570534006,-26.714767785701863,0.0,0.0,0.0,Shell Companies,Financial Services,LGSTW
2021Q4,2021,Q4,2022-04-01,2021-12-31,-28745.0,0.0,-28745.0,-0.0008,0.0,0.0,352852166.0,-14227709.0,791191.0,59375.0,15179875.0,0.0,-14229052.0,16177500.0,15832919.0,-0.39576381084840057,13.325322105263158,0.0,0.0,0.0020203533822627383,-0.39576381084840057,0.0020203533822627383,0.0,-140.6983823273613,-1.137041810455921,0.0,0.0,0.0,0.0,5.803469473684211,-8.146471176827068e-05,-22.663085962125223,0.0,0.0,0.0,0.0,0.0,0.0,-248.95652173913044,-248.95652173913044,0.0,0.0,0.0,Shell Companies,Financial Services,LGSTW
2021Q3,2021,Q3,2021-12-17,2021-09-30,-115.0,0.0,-115.0,0.0,0.0,0.0,166789.0,13586.0,0.0,153203.0,153203.0,0.0,-11414.0,16177500.0,16259034.0,0.000377913769123783,0.0,0.4888451876322779,6.0013248932724865,-0.001208999158957107,0.000377913769123783,-0.008464595907551891,0.0,-35168.47826086957,1190.7478286471369,,0.0,,0.0,0.0,-0.0006894939114689818,0.0,0.0,0.0,0.0,0.0,0.0,0.0,0.0,0.0,0.0,0.0,0.0,Shell Companies,Financial Services,LGSTW
2021Q2,2021,Q2,2021-06-30,2021-06-30,,,,,,,146910.0,13701.0,0.0,133209.0,133209.0,0.0,-11299.0,0.0,81534.0,0.0,0.0,0.5549928527670002,5.950952485220057,,0.0,,0.0,0.0,0.0,0.0,0.0,,,0.0,,0.0,0.0,0.0,0.0,0.0,0.0,0.0,0.0,0.0,0.0,0.0,0.0,Shell Companies,Financial Services,LGSTW
