Quarters,Year,Quarter,FillingDate,Date,NetIncome,Revenue,OperatingIncome,EPSDiluted,GrossProfit,GrossProfitRatio,TotalAssets,CommonStockEquity,CurrentAssets,CurrentLiability,TotalLiability,Inventory,RetainedEarnings,MarketCap,EnterpriseValue,bookValuePerShare,currentRatio,debtToAssets,debtToEquity,roic,shareholdersEquityPerShare,roe,priceToSalesRatio,peRatio,pbRatio,payoutRatio,inventoryTurnover,dividendYield,assetTurnover,quickRatio,returnOnAssets,priceToFreeCashFlowsRatio,grossProfitMargin,epsdilutedGrowth,fiveYNetIncomeGrowthPerShare,fiveYRevenueGrowthPerShare,fiveYShareholdersEquityGrowthPerShare,grossProfitGrowth,netIncomeGrowth,operatingIncomeGrowth,threeYNetIncomeGrowthPerShare,threeYRevenueGrowthPerShare,threeYShareholdersEquityGrowthPerShare,Industry,Sector,Symbol
2023Q1,2023,Q1,2023-05-05,2023-03-31,3806000.0,5152000.0,8509000.0,0.28,13393000.0,2.5995729814,515483000.0,179808000.0,12974000.0,106000000.0,335675000.0,0.0,-5167000.0,137866222.61999997,455453222.62,13.42043239336269,0.12239622641509434,0.8426272059408361,2.4156878448122443,0.014476985720948984,13.42043239336269,0.021167022601886458,26.75974817934782,9.055847518392012,0.7667413164041643,1.1615869679453494,0.0,0.03206731798393854,0.00999451000323968,0.12239622641509434,0.007383366667765959,34.841097452615614,2.5995729813664594,0.5555555555555558,0.08492537972412498,0.036335382107520346,-0.01873191898998786,2.5207676130389065,0.5636811832374692,1.3608260537698245,1.1181596589722185,-0.5589180333897732,0.3811439302791276,Asset Management,Financial Services,OFS
2022Q4,2022,Q4,2023-03-03,2022-12-31,2434000.0,3804000.0,-23582000.0,0.18,3804000.0,1.0,520717000.0,180423000.0,517715.0,104700.0,340294000.0,0.0,-4552000.0,135944075.75,452757075.75,13.470932366098344,4.944746895893028,0.637303372081188,1.8393148323661617,-0.051820926447365155,13.470932366098344,0.013490519501393947,35.737138735541535,13.963031609490551,0.7534742009056495,1.6298274445357437,0.0,0.029181117147725356,0.0073053117144245335,168.47732569245463,0.004674324057021376,5.624263611352447,1.0,1.2432432432432432,-0.41605991416906113,-0.25047344825387474,-0.0462064754105636,-0.6968924302788845,1.2441079129475479,-1.7223549592599399,2.4419303843938653,0.9425846641162788,0.0810175232261738,Asset Management,Financial Services,OFS
2022Q3,2022,Q3,2022-11-04,2022-09-30,-9971000.0,12550000.0,32646000.0,-0.74,12550000.0,1.0,538234000.0,182074000.0,531496.0,122900.0,356160000.0,0.0,-3070000.0,110381530.2,446982530.2,13.558865122527537,4.324621643612693,0.6498584258891115,1.9210645122312906,0.06403428792527671,13.558865122527537,-0.05476344782890473,8.795341051792828,-2.767564191154348,0.6062454287817042,-0.3860194564236285,0.0,0.034869964141881406,0.023316995953432895,154.31745321399512,-0.018525399733201546,8.183684030249111,1.0,0.22105263157894733,-9.424836152161168,5.254822726308232,-0.041840245921947176,0.21314644755920734,0.2190021148272891,0.3229322851237995,-6.632826954086479,3.270821818089886,0.06354690587914257,Asset Management,Financial Services,OFS
2022Q2,2022,Q2,2022-08-05,2022-06-30,-12767000.0,10345000.0,24677000.0,-0.95,10345000.0,1.0,567321000.0,195712000.0,17274700.0,134100000.0,371609000.0,0.0,10383000.0,133180731.84,478882731.84000003,14.577657091811338,0.12881953765846382,0.8718979202250577,2.5274178384565076,0.05171795669067199,14.577657091811338,-0.0652336085676913,12.873922845819237,-2.607909685908984,0.6804934385219097,-0.3015587060390068,0.0,0.028908085627771543,0.018234826491527724,0.12881953765846382,-0.022504014482100963,-12.893865024687774,1.0,-2.532258064516129,-4.502170471082782,0.45904331667001164,0.0020646528175946905,9.202169625246547,-2.5357873210633946,12.786033519553072,-4.7894031989257195,1.314628140745487,0.12500802792961443,Asset Management,Financial Services,OFS
2022Q1,2022,Q1,2022-05-06,2022-03-31,8313000.0,1014000.0,1790000.0,0.62,1014000.0,1.0,571735000.0,208386000.0,485103000.0,14694000.0,363349000.0,0.0,23100000.0,174491811.0,504807811.0,15.525187024392794,33.01367905267456,0.5960611122285674,1.6353737775090458,0.003240722387688262,15.525187024392794,0.0398923152227117,172.08265384615385,5.247558372428726,0.8373490109700268,0.4473715866714784,0.0,0.021313321116255706,0.0017735489343839366,33.01367905267456,0.01453995295023044,-7.155996186023622,1.0,-0.48333333333333334,0.2346402818980899,-0.8736530600953195,0.035852049517089764,-0.9545780326106432,-0.4822818708351498,-0.9198244199587925,1.2167078540066099,-0.7892458535390563,0.19005799889585479,Asset Management,Financial Services,OFS
2021Q4,2021,Q4,2022-03-04,2021-12-31,16057000.0,22324000.0,22326000.0,1.2,22324000.0,1.0,569048000.0,203744000.0,466090000.0,175446000.0,365304000.0,0.0,18497000.0,146267209.0,623476209.0,15.183236319221761,2.6566008914423813,0.9142585511239825,2.553483783571541,0.028983217702543942,15.183236319221761,0.0788096827391236,6.552016170937108,2.2773122158560133,0.7178970129181719,0.20657657096593385,0.0,0.022677673435335735,0.03923043398799398,2.7414874092313304,0.02821730328548734,13.190297502029038,1.0,0.22448979591836732,1.4058938954487388,1.7757205005558379,0.024051303704000836,0.0,0.21967337637675655,0.0,4.9017976530532374,0.030141616658122466,0.1583610514021337,Asset Management,Financial Services,OFS
2021Q3,2021,Q3,2021-11-05,2021-09-30,13165000.0,14457000.0,0.0,0.98,0.0,0.0,537221000.0,189977000.0,8718300.0,0.0,347244000.0,0.0,2625000.0,138982259.35999998,445986259.36,14.161244241266449,0.0,0.5844950216019106,1.652847449954468,0.0,14.161244241266449,0.06929786237281355,9.61349238154527,2.639237739460691,0.7315741345531301,0.2416255222180023,0.0,0.022887813269464756,0.026910712723441563,0.0,0.02450574344636565,-6.642241414643471,0.0,-0.41317365269461076,2.983875506257225,2.2718883849528457,-0.03463820691896411,0.0,-0.4133505637003699,0.0,1.5297193980503354,1.3093381648224731,0.029746863599384846,Asset Management,Financial Services,OFS
2021Q2,2021,Q2,2021-08-06,2021-06-30,22441000.0,23696000.0,0.0,1.67,0.0,0.0,522440000.0,179993000.0,0.0,0.0,342447000.0,0.0,-7320000.0,133583500.08000001,415832500.08000004,13.42029725921522,0.0,0.6075491922517419,1.7634463562471874,0.0,13.42029725921522,0.12467707077497459,5.637386060094531,1.488163407156544,0.7421594177551349,0.1300298560670202,0.0,0.021844015153461904,0.04535640456320343,0.0,0.04295421483806753,-16.7042015855946,0.0,4.387096774193548,2.738419965023299,2.22489775107114,-0.09089904627365387,0.0,4.376377575467178,0.0,3.4715205569943692,3.0225705108153957,-0.020686877904917703,Asset Management,Financial Services,OFS
2021Q1,2021,Q1,2021-05-11,2021-03-31,4174000.0,5456000.0,0.0,0.31,0.0,0.0,511591000.0,160470000.0,41641000.0,293078000.0,351121000.0,0.0,-26810000.0,117731309.74,388718309.74,11.967305919822854,0.14208163014624092,0.6110897181537596,1.9482021561662617,0.0,11.967305919822854,0.026011092416027917,21.578319233870968,7.051468000718734,0.7336655433414345,0.6360804983229517,0.0,0.022551350238635342,0.010664769317677597,0.1454698066726264,0.008158861277856725,20.218325560707537,0.0,-0.6352941176470589,0.3236935554499206,0.19095270674472956,-0.18332135055744553,0.0,-0.634980323567993,0.0,0.18885413262784773,0.09658897550628735,-0.12498085228519883,Asset Management,Financial Services,OFS
2020Q4,2020,Q4,2021-03-05,2020-12-31,11435000.0,12522000.0,0.0,0.85,0.0,0.0,483813000.0,158956000.0,0.0,0.0,324857000.0,0.0,-28302000.0,95856017.4,367333017.4,11.856693307602407,0.0,0.0,0.0,0.0,11.856693307602407,0.07193814640529454,7.655008576904648,2.0956715653694795,0.6030349115478498,0.20909488412767818,0.0,0.024943660970417076,0.025881900651698073,0.0,0.023635164826079497,2.513926498819827,0.0,-0.32,0.33827570533376033,0.2344342289097848,-0.1966197375903393,0.0,-0.31776147007935085,0.0,1.7407207589994533,1.4649102924547375,-0.16050077362911444,Asset Management,Financial Services,OFS
2020Q3,2020,Q3,2020-11-06,2020-09-30,16761000.0,19060000.0,0.0,1.25,0.0,0.0,481675000.0,149912000.0,0.0,0.0,331763000.0,0.0,-37201000.0,63112902.57,369502902.57,11.187657218218794,0.0,0.0,0.0,0.0,11.187657218218794,0.11180559261433375,3.31127505613851,0.9413654103275461,0.420999670273227,0.13400155122009427,0.0,0.03558701800331412,0.03957024964966004,0.0,0.03479732184564281,-18.689044290790644,0.0,1.192982456140351,7.517287738524962,4.826912198674943,-0.22743533633925606,0.0,1.1886915643771219,0.0,13.192209689565436,8.519661849553895,-0.2094055961137981,Asset Management,Financial Services,OFS
2020Q2,2020,Q2,2020-07-31,2020-06-30,7658000.0,9017000.0,0.0,0.57,0.0,0.0,475442000.0,135397000.0,0.0,7645000.0,340045000.0,0.0,-52174000.0,60534588.16,361153588.15999997,10.109830736477914,0.0,0.0,0.0,0.0,10.109830736477914,0.05655959880942709,6.713384513696351,1.9761879132932878,0.44708958219162903,0.29302689997388354,0.0,0.03706971614424543,0.018965509988600082,4.647351209941138,0.01610711716676272,1.586544048224348,0.0,1.2365145228215766,-0.25352246213783475,-0.3328571440381547,-0.31125131625158114,-1.0,1.2381218905472637,1.0,4.308454094151116,0.2748653806624357,-0.30505265947817656,Asset Management,Financial Services,OFS
2020Q1,2020,Q1,2020-05-08,2020-03-31,-32160000.0,11662000.0,-36132000.0,-2.41,31086000.0,1.0,476853000.0,129983000.0,2170000.0,8462000.0,346870000.0,0.0,-57538000.0,54444422.56,390682422.56,9.716896334367148,0.25644055778775704,0.5879338076933562,2.156882053807036,-0.08805359444949444,9.716896334367148,-0.24741696991144996,4.668532203738638,-0.4232308967661692,0.41885802420316504,-0.1394278606965174,0.0,0.08235921677851292,0.024456174124939972,0.8141101394469392,-0.06744216771206221,7.055127972009848,2.6655805179214545,-49.199999999999996,-8.17887880888056,0.7017921218313117,-0.3183291030079889,0.0,-46.552407932011334,0.0,-5.792602532402569,0.4580503481846586,-0.3516814343630769,Asset Management,Financial Services,OFS
2019Q4,2019,Q4,2020-03-13,2019-12-31,706000.0,1955000.0,0.0,0.05,0.0,0.0,538188000.0,166627000.0,0.0,19083000.0,371561000.0,0.0,-20812000.0,149359766.7,488390766.7,12.46134505377478,0.0,0.0,0.0,0.0,12.46134505377478,0.004237008408001105,76.39885764705882,52.88943580028329,0.8963719367209395,6.352691218130311,0.0,0.030028166882507593,0.0036325596260042958,0.8801551118796835,0.0013118092562450297,-23.75692169556227,0.0,-0.6153846153846154,-0.8542865852387899,-0.7370908908427363,-0.1251678185778547,0.0,-0.5993189557321226,0.0,-0.8938410078061386,-0.756055796001047,-0.15952986702392627,Asset Management,Financial Services,OFS
2019Q3,2019,Q3,2019-11-08,2019-09-30,1762000.0,2925000.0,0.0,0.13,0.0,0.0,518287000.0,170406000.0,0.0,11925000.0,347881000.0,0.0,-17618000.0,155185239.15,483167239.15,12.748723208704737,0.0,0.0,0.0,0.0,12.748723208704737,0.01034001150194242,53.05478261538462,22.01833699631101,0.9106794311820006,2.547105561861521,0.0,0.02892027633931059,0.0056435912920833435,0.9452410901467505,0.003399660805692599,-3.0460730803203395,0.0,-0.48,-0.668779988411769,-0.5671926543707874,-0.10397465983577107,0.0,-0.4745004473605726,0.0,-0.4648540769574053,-0.33560310919562264,-0.13092874562635265,Asset Management,Financial Services,OFS
2019Q2,2019,Q2,2019-08-02,2019-06-30,3353000.0,4448000.0,0.0,0.25,0.0,0.0,504871000.0,173132000.0,0.0,50229000.0,331739000.0,0.0,-14816000.0,163941838.10999998,436047838.11,12.957824948715283,0.0,0.0,0.0,0.0,12.957824948715283,0.01936672596631472,36.85742763264388,12.223519095586042,0.94691817867292,1.336116910229645,0.0,0.027326764489452995,0.008810171311087387,0.30141949869597245,0.006641300451006297,-76.75179686797752,0.0,-0.10714285714285723,3.3398201588068908,1.0231537418762024,-0.08570327142550743,0.0,-0.10155412647374062,0.0,-0.43930371615813696,-0.3923494022581404,-0.12222726579269792,Asset Management,Financial Services,OFS
2019Q1,2019,Q1,2019-05-03,2019-03-31,3732000.0,4788000.0,0.0,0.28,0.0,0.0,460202000.0,174258000.0,0.0,7153000.0,285944000.0,0.0,-13480000.0,158953821.6,422588821.6,13.045739820073631,0.0,0.6058013654873294,1.5998748981395403,0.0,13.045739820073631,0.021416520331921634,33.19837543859649,10.648031993569132,0.9121751747409014,1.204715969989282,0.0,0.028284944361476112,0.010404126883412067,2.6482594715503986,0.00810948235774725,-3.7607074455248775,0.0,1.9032258064516132,0.3119894252631709,0.012998764185169319,-0.09730264391007012,0.0,1.9113553113553114,0.0,0.18809205589412747,0.04917453985856736,-0.10972634537662129,Asset Management,Financial Services,OFS
2018Q4,2018,Q4,2019-03-15,2018-12-31,-4095000.0,21564000.0,0.0,-0.31,0.0,0.0,441421000.0,175023000.0,0.0,11572000.0,266398000.0,0.0,-12651000.0,141540453.79999998,358194453.79999995,13.107516262605058,0.0,0.577285629818246,1.4559572170514732,0.0,13.107516262605058,-0.023396924975574638,6.563738350955295,-8.641053345543344,0.8086963073424636,-1.0964590964590966,0.0,0.03172237957032748,0.048851323339850164,3.5394918769443486,-0.009276858146757857,-27.42500558031389,0.0,-1.7948717948717947,-3.5009652784124294,5.7419477511415025,-0.10071007714762979,0.0,-1.7906931840123577,0.0,-1.481173777942614,1.1343331022722338,-0.11186706264565363,Asset Management,Financial Services,OFS
2018Q3,2018,Q3,2018-11-02,2018-09-30,5179000.0,6230000.0,0.0,0.39,0.0,0.0,408538000.0,183598000.0,0.0,12123000.0,224940000.0,0.0,7599000.0,158470245.07999998,365244245.08,13.75216059582559,0.0,0.5209233902354249,1.159146613797536,0.0,13.75216059582559,0.0282083682828789,25.4366364494382,7.649654618652249,0.8631370988790726,0.8708244834910215,0.0,0.028459601344865925,0.015249499434569122,0.7159943908273529,0.01267691132771003,-7.524345713878732,0.0,0.054054054054054106,9.203022193536063,2.231746239344705,-0.048720431282903355,0.0,0.036836836836836834,0.0,1.641481298671669,0.9116301017411972,-0.0503433276431697,Asset Management,Financial Services,OFS
2018Q2,2018,Q2,2018-08-03,2018-06-30,4995000.0,5863000.0,0.0,0.37,0.0,0.0,392673000.0,182929000.0,0.0,6000000.0,209744000.0,0.0,7088000.0,152977167.78,334021167.78,13.703785802956117,0.0,0.5187751640678121,1.1135959853276407,0.0,13.703785802956117,0.027305675972645126,26.09196107453522,7.656514903903904,0.8362652601829126,0.9047047047047047,0.0,0.02954035602554022,0.014930998566237048,4.264,0.012720507903522778,-7.633972143320525,0.0,0.423076923076923,0.10538083234204221,-0.03320747653122451,-0.071786784911824,0.0,0.43000286286859435,0.0,-0.5115051007272251,-0.5647890406810145,-0.06640727424834322,Asset Management,Financial Services,OFS
2018Q1,2018,Q1,2018-05-04,2018-03-31,3493000.0,4950000.0,0.0,0.26,0.0,0.0,374701000.0,182453000.0,0.0,3900000.0,192248000.0,0.0,7273000.0,149680432.44,306020432.44,13.67662176430842,0.0,0.5024432814430706,1.0318602599025501,0.0,13.67662176430842,0.019144656432067437,30.2384712,10.712885230460921,0.8203780285333757,2.6842255940452335,0.0,0.06264011833182274,0.013210533198470247,8.933589743589744,0.00932209948732456,-2.7300496550969413,0.0,-0.16129032258064513,-0.1243052390228266,-0.13941808317193038,-0.07455662567796958,0.0,-0.15831325301204818,-1.0,-0.21814542482552324,-0.2756883255952874,-0.04054188651547676,Asset Management,Financial Services,OFS
2017Q4,2017,Q4,2018-03-12,2017-12-31,4150000.0,5053000.0,3819000.0,0.31,0.0,0.0,357778000.0,188336000.0,0.0,4600000.0,169442000.0,0.0,9404000.0,158685417.1,250556417.1,14.12353095172978,0.0,0.46068511758688346,0.8751539801206355,0.01081382606701231,14.12353095172978,0.022035086228867556,31.404198911537698,9.559362475903615,0.8425655057981479,1.076867469879518,0.0,0.028162638266777444,0.014123283153240277,16.453478260869566,0.011599371677408895,6.853181477002807,0.0,2.4444444444444446,2.891664872412319,1.0968547008595042,-0.04593869621396851,0.0,2.5319148936170213,-0.13243980009086778,-0.14111834099089704,-0.3186055886671752,-0.008476264916348836,Asset Management,Financial Services,OFS
2017Q3,2017,Q3,2017-11-03,2017-09-30,1175000.0,1992000.0,4402000.0,0.09,0.0,0.0,356509000.0,188656000.0,0.0,3700000.0,167853000.0,0.0,6942000.0,175578357.3,285938357.3,14.150944103860802,0.0,0.46065597221949517,0.8705156475277754,0.012474354178710284,14.150944103860802,0.0062282673225341366,88.14174563253013,37.357097297872336,0.9306799534602662,3.822127659574468,0.0,0.0255783233711801,0.005587516724682967,15.04054054054054,0.0032958494736458266,377.5878651612903,0.0,1.5294117647058822,-0.7147884475494712,-0.6161885666809077,1.4786512257095883,0.0,1.515124945199474,0.019925857275254866,-0.7785470274661156,-0.7044771473749164,-0.005421617778216314,Asset Management,Financial Services,OFS
2017Q2,2017,Q2,2017-08-04,2017-06-30,-2281000.0,6970000.0,4316000.0,-0.17,0.0,0.0,348960000.0,191996000.0,0.0,4000000.0,156964000.0,0.0,6888000.0,188859931.29000002,294972931.29,14.54762130449571,0.0,0.43854023383768914,0.7970634804891769,0.01250909343852256,14.54762130449571,-0.011880455842830059,27.096116397417507,-20.699247182156952,0.9836659685097606,-1.9653660675142481,0.0,0.02373716843683598,0.019973635946813388,12.0425,-0.006536565795506649,-4.278463397444611,0.0,-1.34,-3.474345651962375,0.635531180184097,1.4414747132857,0.0,-1.4687628442252363,0.29221556886227545,-3.9888802026355332,2.2095336241893757,0.026471851555591952,Asset Management,Financial Services,OFS
2017Q1,2017,Q1,2017-05-05,2017-03-31,4866000.0,5800000.0,3340000.0,0.5,0.0,0.0,307429000.0,145387000.0,0.0,7100000.0,162042000.0,0.0,6786000.0,137647668.51,248498668.51,14.987842164941004,0.0,0.5039797806973317,1.0656936314801186,0.011121285274286189,14.987842164941004,0.03346929230261302,23.73235663965517,7.071910630394575,0.9467673761065294,0.6693382655158241,0.0,0.023661861005392776,0.018866144703329875,6.3592957746478875,0.015828044849379858,4.412491377143772,0.0,0.0,0.6800637865611948,8.178318055778552,1.544241388958139,0.0,0.008915612689197595,-0.10599571734475374,1.355582679420909,0.6897416753654788,0.03708073918256734,Asset Management,Financial Services,OFS
2016Q4,2016,Q4,2017-03-15,2016-12-31,4823000.0,5812000.0,3736000.0,0.5,0.0,0.0,305030000.0,143778000.0,0.0,5000000.0,161252000.0,0.0,6731000.0,133434531.52,272118531.52,14.826636384626324,0.0,0.5125495852866931,1.0873916732740754,0.012448312513952706,14.826636384626324,0.033544770409937544,22.958453461803167,6.916573269749119,0.9280594494289808,0.6748911465892597,0.0,0.02439398529691784,0.019053863554404485,3.8858,0.015811559518735863,-8.13724426881327,0.0,1.0,0.8965049872323176,10.574448086585743,1.5954379374201413,0.0,1.019681742043551,0.13315134971185927,3.0559812185138675,1.5021110570731928,0.017236555222155562,Asset Management,Financial Services,OFS
2016Q3,2016,Q3,2016-11-04,2016-09-30,2388000.0,3193000.0,3297000.0,0.25,0.0,0.0,292222000.0,142210000.0,0.0,3300000.0,150012000.0,0.0,5230000.0,126317419.58999999,245075419.58999997,14.669364732231228,0.0,0.5021764275105912,1.0319035229590043,0.011410002180255193,14.669364732231228,0.016792068068349625,39.5607327247103,13.224185467964823,0.8882456901061809,1.364321608040201,0.0,0.025792167149826118,0.010926624278801733,8.80151515151515,0.008171869332220024,-9.46836216100742,0.0,-0.4444444444444445,1.4558556991005172,9.992699489975827,0.0,0.0,-0.44951590594744123,-0.04628290425224183,5.478812684077821,1.2810053557642336,0.014725421405171137,Asset Management,Financial Services,OFS
2016Q2,2016,Q2,2016-06-30,2016-06-30,4338000.0,5310000.0,3457000.0,0.45,0.0,0.0,298377000.0,143080000.0,0.0,8600000.0,155297000.0,0.0,5160000.0,124546646.1,226609646.1,14.7621638765269,0.0,0.4914956581774064,1.024958065417948,0.011931757388750255,14.7621638765269,0.03031870282359519,23.455112259887006,7.177653647994467,0.8704685916969528,0.7535730751498386,0.0,0.02624719414262895,0.017796277863240128,5.2841860465116275,0.014538654118782614,22.133756193353474,0.0,0.8750000000000001,8.086167719566154,39.9979183010104,0.0,0.0,0.9034664326458973,-0.05417236662106703,0.3221449600016202,0.2059269456498524,-9.852820862542583e-05,Asset Management,Financial Services,OFS
2016Q1,2016,Q1,2016-05-06,2016-03-31,2279000.0,3311000.0,3655000.0,0.24,0.0,0.0,292685000.0,142011000.0,0.0,4100000.0,150674000.0,0.0,4985000.0,125500819.85,229826819.85,14.653628973882755,0.0,0.5007294531663734,1.0320045630268078,0.012666035963918259,14.653628973882755,0.01604805261564245,37.904204122621564,13.767093006801227,0.8837401317503573,1.4392277314611672,0.0,0.02613528743414022,0.01131250320310231,10.504634146341463,0.0077865281787587335,9.807816493435448,0.0,-0.625,1.0818356125781754,15.121019818416034,0.988025947105971,0.0,-0.6309909326424871,-0.14602803738317757,-0.21350879799788,-0.2076052750296114,-0.00844637825378453,Asset Management,Financial Services,OFS
2015Q4,2015,Q4,2016-03-15,2015-12-31,6176000.0,7332000.0,4280000.0,0.64,0.0,0.0,298096000.0,143012000.0,0.0,5200000.0,155084000.0,0.0,4612000.0,111242807.2,228408807.2,14.758507101032595,0.0,0.5027910471794321,1.0480239420468211,0.014612894855441596,14.758507101032595,0.0431851872570134,15.172232296781234,4.5030281411917095,0.7778564540038598,0.5315738341968912,0.0,0.029512020440994404,0.024596103268745638,6.4428846153846155,0.020718157908861574,-20.953627274439633,0.0,3.2666666666666666,1.430321697152555,13.61224319589377,1.5835117444049966,0.0,3.346235045742435,0.1790633608815427,6.969932249669999,3.186985918638539,-0.0030453025613931405,Asset Management,Financial Services,OFS
2015Q3,2015,Q3,2015-11-06,2015-09-30,1421000.0,2362000.0,3630000.0,0.15,0.0,0.0,296454000.0,140119000.0,0.0,6400000.0,156335000.0,0.0,-8276000.0,99081523.2,207453523.2,14.481191988780406,0.0,0.0,0.0,0.02590655086034014,14.481191988780406,0.010141379827146925,41.94814699407282,17.43165432793807,0.7071241102205983,2.211118930330753,0.0,0.03171126057133526,0.007967509293178706,6.5796875,0.004793323753432235,10.90965901783748,0.0,-0.8051948051948051,1.2717773476833447,7.147257491290278,0.0,0.0,-0.8080248581464469,0.651501364877161,-0.5247569082402052,-0.3729517565030008,1.5364967884321945,Asset Management,Financial Services,OFS
2015Q2,2015,Q2,2015-08-07,2015-06-30,7402000.0,9752000.0,2198000.0,0.77,0.0,0.0,299680000.0,141840000.0,0.0,7900000.0,157840000.0,0.0,-8859000.0,115956972.0,230268972.0,14.678548177335987,0.0,0.0,0.0,0.015496333897349127,14.678548177335987,0.05218556119571348,11.89058367514356,3.9164067819508244,0.8175195431472081,0.42312888408538235,0.0,0.027010018854235,0.03254137746930059,4.6092405063291135,0.02469967965830219,1.5894096715828718,0.0,1.3333333333333333,1.6574996601747825,2.7237416984141616,0.24285125980583605,0.0,1.2902227722772277,-0.03849518810148731,20.830693410115067,2.1253907045209064,1.463447697228465,Asset Management,Financial Services,OFS
2015Q1,2015,Q1,2015-05-08,2015-03-31,3232000.0,4944000.0,2286000.0,0.33,0.0,0.0,347309000.0,137570000.0,0.0,4500000.0,209739000.0,0.0,-8286000.0,118224370.25,302155370.25,14.254527187891703,0.0,0.18527593583811533,0.4677473286326961,0.011321427510177399,14.254527187891703,0.023493494221123793,23.912696247977347,9.144830619585395,0.8593761012575416,0.9693688118811881,0.0,0.026500458351986864,0.014235162348225932,5.006,0.009305834285895268,16.867508952775005,0.0,-0.08927086931655703,2.0637964832879985,0.968300607369512,0.0,0.0,-0.07577923934801258,0.12168792934249265,0.12160661468620078,6.863739445788772,1.4197584717229974,Asset Management,Financial Services,OFS
2014Q4,2014,Q4,2015-03-06,2014-12-31,3497000.0,5367000.0,2038000.0,0.3623470347899781,0.0,0.0,341476000.0,137471000.0,0.0,4100000.0,204005000.0,0.0,-7844000.0,113688414.82,301148414.82,14.244269150589956,0.0,0.21264159120992399,0.5281986746295583,0.009700927728564424,14.244269150589956,0.025438092397669327,21.18286096888392,8.127567545038604,0.8269992567159619,0.8941950243065485,0.0,0.027505001322702054,0.015717063571085522,4.962439024390244,0.01024083683772798,-2.2373003014857815,0.0,-0.09413241302505482,0.3816919908516918,9.739527185877865,1.493493168996759,0.0,-0.08813559322033898,0.0,0.3816919908516918,9.739527185877865,1.493493168996759,Asset Management,Financial Services,OFS
2014Q3,2014,Q3,2014-11-07,2014-09-30,3835000.0,4872000.0,0.0,0.4,0.0,0.0,289111000.0,137101000.0,0.0,5900000.0,152010000.0,0.0,-7491000.0,116305832.01,248155832.01,14.228083333411167,0.0,0.0,0.0,0.0,14.228083333411167,0.027972078978271493,23.872297210591135,7.581866493481096,0.8483222734334542,0.847457627118644,0.0,0.027943568639967806,0.016851659051367814,2.5410169491525423,0.013264801408455576,-3.8412653415020808,0.0,5.666666666666667,1.7365174516467579,15.874749092044638,0.0,0.0,5.885098743267505,-1.0,1.7365174516467579,15.874749092044638,0.0,Asset Management,Financial Services,OFS
2014Q2,2014,Q2,2014-08-08,2014-06-30,557000.0,1585000.0,2021000.0,0.06,0.0,0.0,259704000.0,136516000.0,0.0,4800000.0,123188000.0,0.0,-7125000.0,125222383.0,222218383.0,14.17245030387259,0.0,0.35574731232480056,0.6767631632922149,0.008828990192437911,14.17245030387259,0.004080107826188872,79.00465804416403,56.2039421005386,0.917272576108295,5.798922800718133,0.0,0.0257941106263726,0.006103101993038229,4.593958333333333,0.0021447494070172195,-96.62220910493828,0.0,-0.7142857142857143,-0.9184257719803505,-0.8308128641672688,0.0,0.0,-0.7284251584592881,0.5510360706062931,1.9155190219064806,11.313651229825961,0.0,Asset Management,Financial Services,OFS
2014Q1,2014,Q1,2014-05-09,2014-03-31,2051000.0,3408000.0,1303000.0,0.21,0.0,0.0,272607000.0,139189000.0,0.0,3900000.0,133418000.0,0.0,-5977000.0,120485749.05,212945749.05,14.451953062742735,0.0,0.3795170336785189,0.7432986802117983,0.005369918565164353,14.451953062742735,0.014735359834469677,35.35379960387324,14.686220020721597,0.8656269464541019,1.5797172111165285,0.0,0.026891147090395254,0.012501513167306782,9.636410256410256,0.007523651263540555,7.013140224097788,0.0,0.7125677815410669,0.9482593534995111,0.3595810379119985,0.0,0.0,0.7366638441998307,0.0516545601291364,0.8852380250591387,15.696726736525184,0.9606650152189149,Asset Management,Financial Services,OFS
2013Q4,2013,Q4,2013-12-31,2013-12-31,1181000.0,2307000.0,1239000.0,0.12262288375589428,0.0,0.0,279087000.0,140378000.0,0.0,3700000.0,138709000.0,0.0,-4103000.0,123567718.65,229953718.65,14.575406584153198,0.0,0.39039797625829936,0.7761543831654533,0.004969257980291418,14.575406584153198,0.008412999187906937,53.562080039011704,26.157434091871295,0.8802498870905698,2.7425910245554617,0.0,0.026212347653470254,0.008266239559707188,9.168648648648649,0.004231655361948066,15.283576827458257,0.0,2.065572093897357,-0.5324177097823922,3.625873041832436,1.5514595637524258,0.0,2.226775956284153,-0.1323529411764706,-0.5324177097823922,3.625873041832436,1.5514595637524258,Asset Management,Financial Services,OFS
2013Q3,2013,Q3,2013-11-08,2013-09-30,366000.0,1390000.0,1428000.0,0.04,0.0,0.0,229586000.0,139163000.0,0.0,6300000.0,90423000.0,0.0,-5567000.0,121869413.76,199117413.76,14.456486871017177,0.0,0.3662374883485927,0.6042051407342469,0.006396531180849825,14.456486871017177,0.002630009413421671,87.67583723741008,83.24413508196722,0.8757314355108757,8.87704918032787,0.0,0.02665968350679297,0.006054376137917817,1.193174603174603,0.0015941738607754827,12.049576207237493,0.0,-0.8823529411764707,1.0703609938007341,3.819234405652155,0.0,0.0,-0.8876266502916794,-0.02592087312414734,1.0703609938007341,3.819234405652155,0.0,Asset Management,Financial Services,OFS
2013Q2,2013,Q2,2013-08-07,2013-06-30,3257000.0,4371000.0,1466000.0,0.34,0.0,0.0,242353000.0,142046000.0,0.0,6100000.0,100307000.0,0.0,-3722000.0,112666055.34,196876055.34,14.763618509411462,0.0,0.38854068239303824,0.6629120144178646,0.006206341814487109,14.763618509411462,0.022929191951902905,25.775807673301305,8.64799319465766,0.793165983836222,0.9545594105004606,0.0,0.027594824285076452,0.01803567523405941,1.7754098360655737,0.013439074407991648,86.46665797390638,0.0,0.13333333333333347,-0.5224509847898979,-0.5328877076650842,0.0,0.0,0.13444792755137583,-0.4893765238592825,0.17441427500057702,0.6762781646348515,0.2500542725367105,Asset Management,Financial Services,OFS
2013Q1,2013,Q1,2013-05-08,2013-03-31,2871000.0,4140000.0,2871000.0,0.3,0.0,0.0,245092000.0,141902000.0,0.0,6000000.0,103190000.0,0.0,-1916000.0,133275093.76,218297093.76,14.778453381145834,0.0,0.3965449708680822,0.6849093036038957,0.012007930001840295,14.778453381145834,0.020232272977125057,32.192051632850244,11.605285071403692,0.9392051821679751,0.39254615116684083,0.0,0.008456193638321398,0.0168916162094234,2.1771666666666665,0.011713968632187098,13.773779842910294,0.0,2.7514455613577025,1.7354774798345924,0.6566268483892028,0.0,0.0,2.748041775456919,4.459036144578313,1.7354774798345924,0.6566268483892028,0.0,Asset Management,Financial Services,OFS
2012Q4,2012,Q4,2012-12-31,2012-12-31,766000.0,1731000.0,-830000.0,0.07996917324089481,0.0,0.0,245549000.0,141799000.0,0.0,0.0,103750000.0,0.0,-94000.0,131132279.78999999,222086279.79,14.803588507030867,0.0,0.0,0.0,,14.803588507030867,0.005402012708129112,75.75521651646447,42.79774144582245,0.9247757726782276,0.0,0.0,0.0,0.007049509466542319,0.0,0.0031195402954196515,-7.053156184918244,0.0,-0.7412159988839042,-0.695063694267516,2.4899193548387095,1.5914033516694384,0.0,-0.7412162162162163,-1.2834699453551912,-0.695063694267516,2.4899193548387095,1.5914033516694384,Asset Management,Financial Services,OFS
2012Q3,2012,Q3,2012-09-30,2012-09-30,2960000.0,3729000.0,2928000.0,0.309019,0.0,0.0,236646000.0,54686000.0,0.0,0.0,181960000.0,0.0,0.0,137454215.85,294658215.85,5.709130819649574,0.0,0.0,0.0,,5.709130819649574,0.05412719891745602,36.860878479485116,11.609308771114865,2.5135174605932047,0.0,0.0,0.0,0.015757714053903298,0.0,0.01250813451315467,-6.573925862068966,0.0,9.000077665881378,1.5718701700154558,11.993031358885016,0.0,0.0,9.0,4.021671826625387,1.5718701700154558,11.993031358885016,0.0,Asset Management,Financial Services,OFS
2012Q2,2012,Q2,2012-06-30,2012-06-30,-370000.0,3093000.0,-969000.0,-0.038627,0.0,0.0,227066000.0,57075000.0,0.0,0.0,168649000.0,0.0,0.0,137454215.85,278898215.85,5.958538593634558,0.0,0.0,0.0,,5.958538593634558,-0.006482698204117389,44.44041896217264,-92.87447016891892,2.408308643889619,0.0,0.0,0.0,0.013621590198444505,0.0,-0.0016294821769881885,11.756262046698597,0.0,-1.1293694466121196,-1.0544918998527246,-0.6679905538857879,0.0,0.0,-1.1293706293706294,-1.3388111888111889,-1.0544918998527246,-0.6679905538857879,0.0,Asset Management,Financial Services,OFS
2012Q1,2012,Q1,2012-03-31,2012-03-31,2860000.0,624000.0,2860000.0,0.298579,0.0,0.0,235440000.0,56427000.0,0.0,0.0,179013000.0,0.0,0.0,137454215.85,290117215.85,5.890888431415107,0.0,0.0,0.0,,5.890888431415107,0.05068495578357878,220.2791920673077,12.015228658216783,2.435965333085225,0.0,0.0,0.0,0.0026503567787971457,0.0,0.012147468569486918,276.01248162650603,0.0,0.13853343156409223,1.7316141356255972,-0.7496991576413959,0.0,0.0,0.13853503184713375,0.0,1.7316141356255972,-0.7496991576413959,0.0,Asset Management,Financial Services,OFS
2011Q4,2011,Q4,2011-12-31,2011-12-31,2512000.0,496000.0,0.0,0.26224877699886134,0.0,0.0,64914000.0,54719000.0,0.0,0.0,10195000.0,0.0,0.0,137454215.85,136640215.85,5.712575966799639,0.0,0.0,0.0,,5.712575966799639,0.04590727169721669,277.1254351814516,13.679758743033439,2.512001605475246,0.0,0.0,0.0,0.007640878701050621,0.0,0.03869735342144992,1090.906475,0.0,1.4853169462898506,0.0,0.0,0.0,0.0,1.4853168469860896,1.0,0.0,0.0,0.0,Asset Management,Financial Services,OFS
2011Q3,2011,Q3,2011-09-30,2011-09-30,-5176000.0,287000.0,-5176000.0,-0.540366,0.0,0.0,,,,,,,,137454215.85,,,0.0,0.0,0.0,0.0,,0.0,478.93455,-6.639017380699381,0.0,0.0,0.0,0.0,0.0,0.0,0.0,2593.475770754717,0.0,-7.555374360760596,0.0,0.0,0.0,0.0,-7.555371900826446,-7.555371900826446,0.0,0.0,0.0,Asset Management,Financial Services,OFS
2011Q2,2011,Q2,2011-06-30,2011-06-30,-605000.0,128000.0,-605000.0,-0.063161,0.0,0.0,,,,,,,,137454215.85,,,0.0,0.0,0.0,0.0,,0.0,1073.861061328125,-56.79926274793389,0.0,0.0,0.0,0.0,0.0,0.0,0.0,-219.22522464114832,0.0,-1.5591497800086755,-1.089101620029455,-0.9862601975096608,0.0,0.0,-1.5591497227356748,-1.5591497227356748,-1.089101620029455,-0.9862601975096608,0.0,Asset Management,Financial Services,OFS
2011Q1,2011,Q1,2011-03-31,2011-03-31,1082000.0,203000.0,1082000.0,0.112959,0.0,0.0,75417000.0,70604000.0,0.0,0.0,4813000.0,0.0,0.0,137454215.85,136946215.85,7.370944526762582,0.0,0.0,0.0,,7.370944526762582,0.015324910769928049,677.1143637931034,31.759292017097966,1.9468332651124582,0.0,0.0,0.0,0.002691700810162165,0.0,0.014346897914263362,-869.9633914556962,0.0,0.0,0.03342884431709646,-0.9185720016044926,0.0,0.0,0.0,0.0,0.03342884431709646,-0.9185720016044926,0.0,Asset Management,Financial Services,OFS
2010Q2,2010,Q2,2010-06-30,2010-06-30,2761000.0,2596000.0,2761000.0,0.288244,0.0,0.0,193756000.0,113128000.0,0.0,0.0,80628000.0,0.0,0.0,137454215.85,208135215.85,11.810382024015599,0.0,0.0,0.0,0.024405982603776254,11.810382024015599,0.024405982603776254,52.94846527349769,12.446053590184716,1.2150326696308607,0.0,0.0,0.0,0.013398294762484775,0.0,0.014249881293998637,69.88013007117438,0.0,1.6370614336032205,-0.5933726067746686,-0.721339630742808,0.0,0.0,1.6370582617000955,1.6370582617000955,-0.5933726067746686,-0.721339630742808,0.0,Asset Management,Financial Services,OFS
2010Q1,2010,Q1,2010-03-31,2010-03-31,1047000.0,2493000.0,1047000.0,0.109305,0.0,0.0,,,,,,,,137454215.85,,,0.0,0.0,0.0,0.0,,0.0,55.13606732851985,32.82096844555874,0.0,0.0,0.0,0.0,0.0,0.0,0.0,54.937736151079136,0.0,0.0,0.0,0.0,0.0,0.0,0.0,0.0,0.0,0.0,0.0,Asset Management,Financial Services,OFS
2009Q2,2009,Q2,2009-06-30,2009-06-30,6790000.0,9316000.0,6823000.0,0.708865,0.0,0.0,,,,,,,,137454215.85,,,0.0,0.0,0.0,0.0,,0.0,14.754638884714469,5.060906327319588,0.0,,0.0,,0.0,0.0,0.0,0.0,0.0,0.0,0.0,0.0,0.0,0.0,0.0,0.0,0.0,0.0,0.0,Asset Management,Financial Services,OFS
