Quarters,Year,Quarter,FillingDate,Date,NetIncome,Revenue,OperatingIncome,EPSDiluted,GrossProfit,GrossProfitRatio,TotalAssets,CommonStockEquity,CurrentAssets,CurrentLiability,TotalLiability,Inventory,RetainedEarnings,MarketCap,EnterpriseValue,bookValuePerShare,currentRatio,debtToAssets,debtToEquity,roic,shareholdersEquityPerShare,roe,priceToSalesRatio,peRatio,pbRatio,payoutRatio,inventoryTurnover,dividendYield,assetTurnover,quickRatio,returnOnAssets,priceToFreeCashFlowsRatio,grossProfitMargin,epsdilutedGrowth,fiveYNetIncomeGrowthPerShare,fiveYRevenueGrowthPerShare,fiveYShareholdersEquityGrowthPerShare,grossProfitGrowth,netIncomeGrowth,operatingIncomeGrowth,threeYNetIncomeGrowthPerShare,threeYRevenueGrowthPerShare,threeYShareholdersEquityGrowthPerShare,Industry,Sector,Symbol
2023Q1,2023,Q1,2023-03-01,2023-03-31,85973000.0,473556000.0,175919000.0,0.08,213633000.0,0.4511251045,3767544000.0,3046137000.0,1072346000.0,268286000.0,603148000.0,350196000.0,624752000.0,4237083880.0,3612650880.0,2.8325565695432964,3.997025562273097,0.01308730568242866,0.016186730931668537,0.03244627965681441,2.8325565695432964,0.028223615681106925,8.947376614381403,12.320972514626686,1.3909695722812203,0.4998778686331755,0.7422214988178049,0.010142824927978532,0.12569355527102005,2.602647920502747,0.022819375168544813,45.829598606859705,0.4511251045282923,-0.4666666666666666,0.3901556146669503,0.2562059922445662,0.7231765642200766,-0.18044025350253962,-0.45502548239052715,0.6576428019523962,0.1446819045455409,0.1984784775191511,0.4157051812628202,Gold,Basic Materials,BTG
2022Q4,2022,Q4,2022-12-31,2022-12-31,157756000.0,592468000.0,106126000.0,0.15,260668000.0,0.4399697536,3681233000.0,3008126000.0,1035171000.0,233616000.0,569444000.0,332031000.0,588139000.0,3835779360.0,3241061360.0,2.7996943546825905,4.431079206903637,0.015545878242425839,0.01902446905482018,0.02565878980445073,2.7996943546825905,0.05244328196358796,6.474238878724252,6.078658434544486,1.2751391929726348,0.2721924998098329,0.9993042818291064,0.011194595926914836,0.16094281454067155,3.009810971851243,0.042854119801707745,24.419272727272727,0.43996975364070295,8.499999999999998,3.814193522902855,2.1048764760597276,0.7671724072828507,2.0310585006802406,8.429405670151644,0.4565942436761416,-0.15006940482760056,0.8054796993781026,0.4446923827660116,Gold,Basic Materials,BTG
2022Q3,2022,Q3,2022-09-30,2022-09-30,-21234000.0,392554000.0,72859000.0,-0.02,85999000.0,0.2190755921,3517600000.0,2884069000.0,897563000.0,172258000.0,545862000.0,293793000.0,476721000.0,3427049220.0,2940121220.0,2.7098245703048294,5.210573674372163,0.017775756197407323,0.021680479905300462,-0.011119933228953384,2.7098245703048294,-0.007362514558424227,8.730134503788014,-40.3486062447019,1.1882688035549773,-2.0226523500047096,1.0434387476896998,0.012532355750641946,0.11159711166704571,3.333134019900382,-0.006036502160564021,206.21272158372946,0.2190755921478319,-1.5,-2.706350162587656,1.3423276646614535,0.7530953636848735,-0.27062006496645663,-1.5616865940112157,1.6862441470338827,-1.3646527493500524,0.20971395025395598,0.5273935916295786,Gold,Basic Materials,BTG
2022Q2,2022,Q2,2022-06-30,2022-06-30,37804000.0,381985000.0,27123000.0,0.04,117907000.0,0.3086691886,3565013000.0,2912551000.0,1005291000.0,216741000.0,567540000.0,300203000.0,542438000.0,3597705300.0,3077639300.0,2.744401518934861,4.638213351419436,0.01868885190600988,0.022875479261994038,0.003460472805247541,2.744401518934861,0.012979686879302715,9.418446535858738,23.79182956829965,1.2352419923290614,1.1245370860226431,0.8796647601789456,0.011816420872493363,0.10714827687865373,2.971025325157677,0.010604168904853923,-472.4498095863427,0.3086691885807034,-0.5321637426900585,0.6541599489048722,1.1389910371719716,0.7931711720933226,-0.1558172835970502,-0.5836701430569474,-0.7703445297748576,-0.05237617206823615,0.358225836982519,0.615699318824407,Gold,Basic Materials,BTG
2022Q1,2022,Q1,2022-03-31,2022-03-31,90803000.0,365583000.0,118103000.0,0.0855,139670000.0,0.3820473053,3585009000.0,2906818000.0,1060643000.0,205338000.0,569366000.0,278977000.0,546518000.0,4850822160.0,4274726160.0,2.7505223197050785,5.16535176148594,0.02026884730275433,0.02499778107882915,0.024958473321725388,2.7505223197050785,0.031237937841309637,13.268730110535774,13.355346629516646,1.6687739514479407,0.46511679129544176,0.8097907712822204,0.008706565321702085,0.1019754762121936,3.549406344660998,0.02532852776659696,123.16420363082392,0.3820473052631003,-0.3892857142857143,16.162907979700197,1.295294006141954,0.8249171401343153,-0.4362484914288943,-0.4070589003526185,-0.46657723819589353,2.8592416848571562,0.1483433599679694,0.6593664095098248,Gold,Basic Materials,BTG
2021Q4,2021,Q4,2021-12-31,2021-12-31,153140000.0,526113000.0,221406000.0,0.14,247751000.0,0.470908341,3561293000.0,2860294000.0,1046117000.0,231189000.0,600286000.0,272354000.0,507381000.0,4145155710.0,3547290710.0,2.7118294719017926,4.52494279572125,0.02109739355902477,0.026267929100994514,0.048701768431771424,2.7118294719017926,0.053539950788275614,7.878831562801147,6.766938275434244,1.4492061690161921,0.27570197205171737,1.0220595254705274,0.010185624607091055,0.1477308943689834,3.1869941909000863,0.0430012357871144,26.95335008778204,0.47090834098378104,0.16666666666666682,21.42811034242424,1.6455224280744092,0.8034760393264565,0.053510909268732434,0.24392819429778248,0.013411084054999176,3.4415932101173454,0.8171261546073104,0.6687188173726037,Gold,Basic Materials,BTG
2021Q3,2021,Q3,2021-09-30,2021-09-30,123110000.0,510859000.0,218476000.0,0.12,235167000.0,0.4603364137658336,3404311000.0,2750085000.0,975533000.0,199521000.0,570333000.0,269795000.0,412050000.0,3607234740.0,3144476740.0,2.607340907345553,4.8893750532525395,0.0246008663720794,0.030453240536201607,0.046582862831329265,2.607340907345553,0.04476588905433832,7.061116159253336,7.325226910892697,1.3116811807635036,0.34266915766387784,1.0218573361255767,0.011694830816582787,0.1500623767922496,2.9017747505275135,0.03616297100940543,14.050803730017762,0.4603364137658336,1.0,2.1694326606548606,1.3792125072664174,0.7461172567956363,0.8341327593064882,0.7983551718597075,1.0119903855894352,9.889987443574933,0.47879647021718924,0.5566521006707202,Gold,Basic Materials,BTG
2021Q2,2021,Q2,2021-06-30,2021-06-30,68457000.0,362990000.0,108587000.0,0.06,128217000.0,0.35322460673847766,3296251000.0,2662615000.0,742696000.0,173065000.0,557681000.0,269668000.0,330513000.0,4433357340.0,4144740340.0,2.5284695751594883,4.2914280761563575,0.028372839325646014,0.035124867846083645,0.024955930841275623,2.5284695751594883,0.025710438797948633,12.213442078294168,16.19029953109251,1.665038820858442,0.6119607929064961,0.8706001453639289,0.009449497702795146,0.1101220750482897,2.4757576633056946,0.020768139319487504,-90.64687453995256,0.35322460673847766,-0.3333333333333333,6.854092429886009,0.9456807464527082,0.7814832030954509,-0.18549457809512315,-0.2522855114412102,-0.2769350628595781,2.0765254498150245,0.19172697447958276,0.5182449645150096,Gold,Basic Materials,BTG
2021Q1,2021,Q1,2021-03-31,2021-03-31,91555000.0,362302000.0,150176000.0,0.09,157417000.0,0.43449111514703204,3401254000.0,2622730000.0,842637000.0,289644000.0,684340000.0,255462000.0,303352000.0,4532154640.0,4092612640.0,2.494170476936771,2.9092161411940176,0.021470316536195178,0.0278435065752098,0.03511324650156937,2.494170476936771,0.03490828259104063,12.509328239976593,12.375497351318877,1.7280294349780572,0.459527060237016,0.8020175211968903,0.009283001870386312,0.1065201246363841,1.8908107884161247,0.026918013179844845,45.525500642880104,0.43449111514703204,-0.43750000000000006,8.70583191159936,1.2144520894091064,0.7490705846440134,-0.5291427374970089,-0.456524320024694,-0.36137712837435576,0.5140032019278559,-0.01711289183545738,0.5173204868137975,Gold,Basic Materials,BTG
2020Q4,2020,Q4,2020-12-31,2020-12-31,168462000.0,479525000.0,235156000.0,0.16,334320000.0,0.697189927532454,3362379000.0,2572016000.0,762698000.0,286093000.0,701789000.0,238055000.0,254343000.0,5884211200.0,5514548200.0,2.4477859666220003,2.6659093371735763,0.03272147488430067,0.04277656126555978,0.06378022086356393,2.4477859666220003,0.0654980373372483,12.270916427714926,8.732252970996427,2.287781724530485,0.2495874440526647,0.6099640839301842,0.007145562688164559,0.142614797439551,1.7923821973973497,0.05010202597625074,47.62962255445561,0.697189927532454,-0.36,2.235433267845681,2.0342856557739104,0.7353470239541822,0.23075110716796926,-0.3591384268910632,-0.44919565645114445,4.2568403434891335,1.569661152263269,0.5450471627067993,Gold,Basic Materials,BTG
2020Q3,2020,Q3,2020-09-30,2020-09-30,262868000.0,487166000.0,426932000.0,0.25,271639000.0,0.557590225918886,3182434000.0,2435789000.0,662697000.0,294468000.0,649163000.0,242202000.0,127340000.0,6826263960.0,6504452960.0,2.3265060321517366,2.250489017482375,0.013715602585945223,0.017919860874648832,0.11217409028522782,2.3265060321517366,0.1079190356800199,14.012192887024135,6.492102462072218,2.802485748970867,0.2391009936546099,0.8898646584256117,0.009207379082950084,0.15307968680575937,1.350927774834617,0.08259967056661661,28.44869331110648,0.557590225918886,1.0833333333333335,16.383768740690275,2.087917758114,0.5141084876901957,0.14068851412638156,1.112305739035405,1.0193452873650206,20.473510765026827,1.9549776445987355,0.5051110626291571,Gold,Basic Materials,BTG
2020Q2,2020,Q2,2020-07-22,2020-06-30,124446000.0,441939000.0,211421000.0,0.12,238136000.0,0.5388435960618999,3246303000.0,2193129000.0,933780000.0,266166000.0,969115000.0,244963000.0,-93858000.0,5921361090.0,5764784090.0,2.1074384453727006,3.5082617614571356,0.14511646017023055,0.21480359796436962,0.051908819907138956,2.1074384453727006,0.05674358416673164,13.39859367469266,11.89544278241165,2.6999602348972633,0.0,0.8319746247392463,0.0,0.13613609080852895,2.543382701021167,0.03833468410065234,34.86147567911265,0.5388435960618999,0.7142857142857141,6.210283606131539,1.871570464385383,0.35626884802078196,0.23771953076679192,0.7215543597050645,0.17832520551762576,4.553123054109804,1.5237224607853965,0.3769843228589141,Gold,Basic Materials,BTG
2020Q1,2020,Q1,2020-04-09,2020-03-31,72287000.0,380298000.0,179425000.0,0.07,192399000.0,0.5059164129182904,2816429000.0,2070902000.0,500626000.0,212926000.0,674190000.0,238293000.0,-198393000.0,3167197920.0,3184267920.0,2.0008096368035,2.3511736471825895,0.0798915932196409,0.1086526547369214,0.04057277404546649,2.0008096368035,0.034906045771359535,8.328200306075761,10.953552920995477,1.529380878477108,0.14342827894365515,0.7885208545781873,0.0032735560776069213,0.13502843494368222,1.0548688276678282,0.025666189348284654,28.050889831634326,0.5059164129182904,-0.5882352941176471,9.234701072439126,1.4275871744785207,0.2666084695045495,0.499754456803885,-0.592551884293235,-0.2513570912975086,13.32512673838776,1.437952624619223,0.3274976080689026,Gold,Basic Materials,BTG
2019Q4,2019,Q4,2020-01-16,2019-12-31,177414000.0,313659000.0,239667000.0,0.17,128287000.0,0.4090014952544005,2683071000.0,1990243000.0,407479000.0,165062000.0,631419000.0,217923000.0,-261245000.0,4118274010.0,4239529010.0,1.9379172951146104,2.468642086004047,0.09759376475687748,0.13156735132343136,0.08021647029004753,1.9379172951146104,0.0891418786550185,13.129781099856851,5.803197619691794,2.0692317521026324,0.0578759286189365,0.8506307273670057,0.0024932775174908773,0.11690298169522909,1.1483927251578194,0.0661234831281021,86.16176768416427,0.4090014952544005,2.4,1.4444399399141874,1.2825261382382995,0.20609229843982407,-0.02993663324410568,2.181229715433305,1.0727777489491983,25.685132362679536,0.6198231460927227,0.28879320921478147,Gold,Basic Materials,BTG
2019Q3,2019,Q3,2019-10-07,2019-09-30,55769000.0,310783000.0,115626000.0,0.05,132246000.0,0.4255252056901439,2641427000.0,1808403000.0,378873000.0,143045000.0,775868000.0,204568000.0,-429268000.0,3292361610.0,3512141610.0,1.7741494956867754,2.6486280541088467,0.13863453353054997,0.20249524027553592,0.025452719029528708,1.7741494956867754,0.030838811924112048,10.593763526319007,14.758923461062597,1.8205906592722971,0.0,0.8727513589613234,0.0,0.11765723603188731,1.2185326295920864,0.021113208882925782,27.13984395479388,0.4255252056901439,0.25000000000000006,1.1398786260879403,0.8591212702412783,-0.32352714863103105,0.35822198486140067,0.4713222878851836,0.46293508103799486,0.485676818385019,0.4977272517905087,0.18813502362749918,Gold,Basic Materials,BTG
2019Q2,2019,Q2,2019-07-02,2019-06-30,37904000.0,267213000.0,79037000.0,0.04,97367000.0,0.3643797270342386,2596111000.0,1712759000.0,337754000.0,145974000.0,835266000.0,194864000.0,-485914000.0,2934283950.0,3267848950.0,1.6985843139005004,2.313795607436941,0.1722137458683392,0.26103263798351084,0.024160852762201975,1.6985843139005004,0.022130375610345646,10.98106735076512,19.353392451983957,1.7131913771873335,0.0,0.8716130224156334,0.0,0.10292818758519956,0.9788729499773933,0.014600300218288047,53.70998590569629,0.3643797270342386,1.0,3.1970065714833926,0.48716475523060765,-0.30287168929812064,0.10248426106254813,0.700112132765194,0.158017347476997,4.385074634460039,0.4958084986006488,0.19677114329694126,Gold,Basic Materials,BTG
2019Q1,2019,Q1,2019-04-05,2019-03-31,22295000.0,301664000.0,68252000.0,0.02,88316000.0,0.2927628089530073,2593014000.0,1659911000.0,404210000.0,198654000.0,887697000.0,226050000.0,-524686000.0,2753877500.0,3095414500.0,1.6575738209125133,2.034743825948634,0.18631600137909013,0.29105174916004534,0.01288675296886449,1.6575738209125133,0.013431443011101198,9.128956388564761,30.879989908051133,1.6590512985334758,0.0,0.9438088918380889,0.0,0.11633720450410218,0.8968357042898708,0.008598102439863418,75.57085425756702,0.2927628089530073,1.3333333333333335,1.6230239617502786,0.5684310507396168,-0.32461260814572007,0.3182673075200764,1.3782146976996674,11.257288848812744,1.4818395511649245,0.9361302405939101,0.1623959303674967,Gold,Basic Materials,BTG
2018Q4,2018,Q4,2019-01-16,2018-12-31,-58948000.0,272112000.0,-6654000.0,-0.06,66994000.0,0.2462000940789087,2547804000.0,1610947000.0,363031000.0,207250000.0,894951000.0,233971000.0,-547839000.0,2894575560.0,3271358560.0,1.6250967171159283,1.7516574185765983,0.18821502752959018,0.29767273535380123,-0.0056850612322680415,1.6250967171159283,-0.03659214114430829,10.637441788675252,-12.275970177105245,1.7968161336158173,0.0,0.8766812981095948,0.0,0.10680256409048734,0.6227261761158022,-0.02313678760218604,107.08355443749768,0.2462000940789087,-6.999999999999999,-2.5235098124465063,0.3356958238301487,-0.3438125873718644,-0.24143709591584858,-6.562181543687489,-1.0984552556818181,0.5417688589042252,0.825118596640284,0.15210512280885752,Gold,Basic Materials,BTG
2018Q3,2018,Q3,2018-10-03,2018-09-30,10598000.0,323855000.0,67584000.0,0.01,88317000.0,0.2727053774065554,2847595000.0,1656199000.0,617566000.0,485642000.0,1158114000.0,223782000.0,-490243000.0,2264340550.0,2656429550.0,1.6749670052943229,1.2716486630069064,0.26230204786846445,0.4509904908770021,0.007373506650750192,1.6749670052943229,0.006398989493412326,6.9918344629541,53.414336431402155,1.3671911104885344,0.0,1.0525332689849942,0.0,0.11372930490466517,0.810852438627631,0.003721737115004065,24.07566692539154,0.2727053774065554,-0.5,-0.1265513363182376,0.6481502618570278,-0.32007782197514756,-0.016131008745056536,-0.49062770354705376,-0.09991210079109288,1.65671684657163,1.1735447255982638,0.09008174673486419,Gold,Basic Materials,BTG
2018Q2,2018,Q2,2018-07-11,2018-06-30,20806000.0,284806000.0,75086000.0,0.02,89765000.0,0.3151794554889995,2638366000.0,1639826000.0,384968000.0,496365000.0,982344000.0,235299000.0,-490642000.0,2540397000.0,3011281000.0,1.6653897323922207,0.7755744260775841,0.2190128283945442,0.3523764106679611,0.010115631643530095,1.6653897323922207,0.012687931524442227,8.919745370532924,30.52481255407094,1.5491869259299462,0.0,0.8289070501787088,0.0,0.10794787379764596,0.3015301240014908,0.007885941525929306,89.50102170236754,0.3151794554889995,-0.5,-0.5887271207790269,0.5181808310549358,-0.3216726348353272,-0.2493309918046496,-0.6316348571226231,-0.10074492802222808,1.9206539263702076,0.9558415918298976,0.07178276965417195,Gold,Basic Materials,BTG
2018Q1,2018,Q1,2018-04-11,2018-03-31,56482000.0,344288000.0,83498000.0,0.04,119580000.0,0.34732549493447346,2687631000.0,1614474000.0,424501000.0,512720000.0,1057716000.0,214709000.0,-508948000.0,2681296800.0,3155914800.0,1.6437993809562597,0.8279392260883133,0.23907076529478935,0.3979834918369698,0.024153851011612416,1.6437993809562597,0.03498476903313401,7.787947299934938,11.867926064941043,1.6607866091370935,0.0,1.0465700087094625,0.0,0.12810091861568795,0.40917459822125135,0.02101553375444769,29.810404135860804,0.34732549493447346,0.3333333333333334,547.0406431370571,0.3590815370322324,-0.35899513480672596,1.773255409448271,0.8903577763646708,3.049173172979002,7.427457323805199,1.316030172500254,0.040603853453956826,Gold,Basic Materials,BTG
2017Q4,2017,Q4,2018-01-11,2017-12-31,29879000.0,173990000.0,20621000.0,0.03,43119000.0,0.24782458761997816,2685157000.0,1552104000.0,395851000.0,494544000.0,1118764000.0,206445000.0,-610908000.0,3037042100.0,3591755100.0,1.5842791247444348,0.8004363615775341,0.2615046345520951,0.4524058954812306,0.012988779038895096,1.5842791247444348,0.01925064299814961,17.455268118857404,25.411175909501658,1.9567259023879844,0.0,0.6339267117149846,0.0,0.06479695600666925,0.38299119997411757,0.011127468524186853,-107.2780678205581,0.24782458761997816,1.7777777777777775,0.6725058453080871,0.5063701369808677,0.6986749042944047,0.15780570323827936,1.6111159660928078,-0.0296,1.078464461566115,0.3272845595194206,-0.013999794650554379,Gold,Basic Materials,BTG
2017Q3,2017,Q3,2017-10-11,2017-09-30,11443000.0,154109000.0,21250000.0,0.0108,37242000.0,0.24166012367869494,2579199000.0,1512782000.0,242285000.0,207087000.0,1056715000.0,118088000.0,-640787000.0,2740304000.0,3312300000.0,1.5457371152981567,1.1699672118481603,0.2565544574110024,0.4374093557432598,0.0048019348813886096,1.5457371152981567,0.007564209515977848,17.781596142989702,59.86856593550642,1.8114335046292194,0.0,0.9896602533703679,0.0,0.05975072105719644,0.5997334453635429,0.004436648742497186,-42.51037820731594,0.24166012367869494,-0.45999999999999996,-0.6873429888725839,-0.0911150296756583,0.09149385642292557,0.13345710198739993,-0.4558466879071758,0.09807771806531625,1.0298925312615341,-0.039841876200618034,-0.4106194565933032,Gold,Basic Materials,BTG
2017Q2,2017,Q2,2017-07-19,2017-06-30,21029000.0,164322000.0,19352000.0,0.02,32857000.0,0.1999549664682757,2479014000.0,1494549000.0,234279000.0,188144000.0,975713000.0,111232000.0,-652230000.0,2744040870.0,3238206870.0,1.530473811784006,1.245211114890722,0.23491557530534318,0.38965534084195297,0.009446667027738418,1.530473811784006,0.0140704654046137,16.699169131339687,32.622103642588804,1.8360327229150735,0.0,1.1818990937859608,0.0,0.06628522469013891,0.6540043796241177,0.008482808084181856,-46.1951965455127,0.1999549664682757,4.529514457174032,-0.3105665437104732,0.12171544034599822,0.135937683730221,-0.11355420061511898,4.824149845426441,-0.23891925905533487,2.2586060850032474,-0.05567365206234024,-0.37186714003474003,Gold,Basic Materials,BTG
2017Q1,2017,Q1,2017-04-05,2017-03-31,-5499000.0,146256000.0,25427000.0,-0.005666501793001113,37066000.0,0.2534323378186194,2399253000.0,1462651000.0,247527000.0,185434000.0,926085000.0,115240000.0,-673259000.0,2746345200.0,3170005200.0,1.50720394872429,1.334852292459851,0.21960626911792963,0.360230157433318,-0.14523679858137806,1.50720394872429,-0.003759611828112106,18.777658352477847,-124.85657392253138,1.8776490085468098,0.0,0.947500867754252,0.0,0.0609589734804958,0.7133912874661604,-0.002291963373600033,-42.10571406669222,0.2534323378186194,-1.9513647531296794,-1.1479067602272013,-0.10413150340910732,0.14715960911164552,-0.12683156654888103,-1.883941488506671,0.6752536566082488,0.8414288309953151,-0.21530863677381373,-0.3858816234434862,Gold,Basic Materials,BTG
2016Q4,2016,Q4,2017-01-17,2016-12-31,6221000.0,181189000.0,15178000.0,0.0059561821839207016,42450000.0,0.23428574582342196,2336135000.0,1444989000.0,277069000.0,176041000.0,881571000.0,104691000.0,-667760000.0,2277513120.0,2619622120.0,1.5036681457185195,1.573889037212922,0.20836980739554864,0.3368745367611795,0.001950377077445472,1.5036681457185195,0.004305223084743206,12.569820022186777,91.5252017360553,1.5761456453993767,0.0,1.3252237537133087,0.0,0.07755930200951572,0.9791923472372913,0.0026629454205343442,-151.68252547452548,0.23428574582342196,-0.8510954454019825,-0.8820415532641717,0.07015995993301716,0.21112031816106325,-0.40239043824701193,-0.8218652463992211,-0.6830388840162052,-0.8341460267127226,-0.08255254602088186,-0.3928434538090356,Gold,Basic Materials,BTG
2016Q3,2016,Q3,2016-10-13,2016-09-30,34923000.0,193049000.0,47886000.0,0.04,71033000.0,0.3679532139508622,2234133000.0,1416030000.0,266293000.0,151408000.0,811635000.0,113972000.0,-673981000.0,2494042150.0,2818985150.0,1.4932221173567575,1.758777607524041,0.200838983176024,0.31687252388720577,0.020440976565468255,1.4932221173567575,0.024662613080231353,12.91921817776834,17.853865289350857,1.7612918864713318,0.0,1.07057873863756,0.0,0.08640891119731905,1.0060300644615872,0.015631567144838737,351.42203043539524,0.3679532139508622,5.0,0.3838196865165166,0.36985027072116894,0.5067837524687008,0.3116851940761532,4.380735721200387,0.366492594812088,2.0011191271488893,0.02440567296025455,-0.3938538304940009,Gold,Basic Materials,BTG
2016Q2,2016,Q2,2016-07-29,2016-06-30,-10330000.0,164803000.0,35043000.0,-0.01,54154000.0,0.32859838716528217,2150019000.0,1320288000.0,228779000.0,122912000.0,824018000.0,100020000.0,-708904000.0,2334889850.0,2697343850.0,1.4193058743220799,1.8613235485550639,0.21500089068980321,0.35011755011027895,0.020625072316284,1.4193058743220799,-0.007824050510191716,14.167763026158504,-56.50749878993223,1.7684700989481081,0.0,1.10626874625075,0.0,0.07665188075082127,1.0475706196303045,-0.004804608703457969,-328.76511546043366,0.32859838716528217,-2.0,-1.247537065918452,0.08812484239334262,0.4711506573495759,0.2760432620938288,-2.2420343873993027,0.244822564029697,-1.2161379402351975,-0.07011617820417532,-0.4219046777064567,Gold,Basic Materials,BTG
2016Q1,2016,Q1,2016-04-04,2016-03-31,8317000.0,144252000.0,28151000.0,0.01,42439000.0,0.29420042703047444,2110359000.0,1322098000.0,230368000.0,105842000.0,781072000.0,93550000.0,-698574000.0,1539050740.0,1849807740.0,1.4259976120085553,2.1765272765064907,0.19893582087218337,0.31754529543195736,0.04436067620478872,1.4259976120085553,0.006290759081399412,10.66918129384688,46.262196104364556,1.1640973210760472,0.0,1.0883270978086586,0.0,0.06835424683667565,1.2926626480981085,0.003941035624744416,17.555645111615544,0.29420042703047444,1.076923076923077,-0.7381826299556836,-0.031464812482577494,0.5671034059697591,1.001367601980665,1.0693424266931242,1.2654052117509522,84.48832249036748,-0.39677009582542955,-0.44392763640066274,Gold,Basic Materials,BTG
2015Q4,2015,Q4,2016-01-12,2015-12-31,-119941000.0,139008000.0,-106068000.0,-0.13,21205000.0,0.15254517725598526,2024382000.0,1303684000.0,203596000.0,98920000.0,711843000.0,86324000.0,-706891000.0,942725820.0,1320774820.0,1.4105455178898145,2.05818843509907,0.2288066185136995,0.3552946879765342,-0.05688944483088258,1.4105455178898145,-0.09200158934220255,6.781809823895028,-1.9649782393009896,0.7231244841541354,0.0,1.3646610444372365,0.0,0.06866688204103771,1.185523655479175,-0.05924820513124499,-16.59524037530586,0.15254517725598526,-5.5,-7.926249877099433,0.0654594097989861,0.6275427468726593,-0.0741791826755152,-6.952592494364143,-154.72173913043477,-8.116609558093245,0.27570745178965417,0.5123965437535498,Gold,Basic Materials,BTG
2015Q3,2015,Q3,2015-10-05,2015-09-30,-15082000.0,139250000.0,690000.0,-0.02,22904000.0,0.16448114901256733,2076939000.0,1419929000.0,200604000.0,88788000.0,653011000.0,89447000.0,-586950000.0,970306050.0,1302732050.0,1.5365517405564977,2.259359372888228,0.2018407858873082,0.2952337757732957,0.0012305063206147508,1.5365517405564977,-0.010621657843455553,6.968086535008976,-16.08384249436414,0.6833482871326665,0.0,1.3007255693315594,0.0,0.06704578227863216,1.2519371987205479,-0.0072616480310687985,-38.38843369203988,0.16448114901256733,0.0,-1.156793004556279,0.1527586757293027,0.8157443953747777,0.16613207066849955,0.2880811895208874,-0.7519769949676491,-1.4364238573378627,-0.13024407409717592,0.08500777285784969,Gold,Basic Materials,BTG
2015Q2,2015,Q2,2015-07-20,2015-06-30,-21185000.0,136506000.0,2782000.0,-0.02,19641000.0,0.14388378532811744,2073878000.0,1434258000.0,221330000.0,84559000.0,631764000.0,86510000.0,-571868000.0,1412243550.0,1710523550.0,1.5538500706907106,2.6174623635568066,0.1967319196211156,0.28446625363079725,0.0014679053013604006,1.5538500706907106,-0.01477070373670567,10.345651839479583,-16.665607151286288,0.9846509832958924,0.0,1.3508842908334298,0.0,0.06582161535056547,1.5943897160562448,-0.010215162126219575,-115.56821194762684,0.14388378532811744,-4.150501437240498,-0.6810043065860132,0.9394993590206286,1.1086834821918738,-0.156278190643928,-4.383104439476206,-0.5059492097318415,-1.7347985464535038,-0.014163682723039446,0.15328784888319877,Gold,Basic Materials,BTG
2015Q1,2015,Q1,2015-04-13,2015-03-31,6262000.0,138892000.0,5631000.0,0.006348195802607809,23279000.0,0.1676050456469775,2059903000.0,1449590000.0,235182000.0,91827000.0,601190000.0,80398000.0,-550683000.0,1394843200.0,1650477200.0,1.5796591330122267,2.5611421477343264,0.18632479296355217,0.26477210797535855,0.003491461895726255,1.5796591330122267,0.004319842162266572,10.042646084727702,55.6868093260939,0.9622329072358391,0.0,1.4380084081693574,0.0,0.06742647590687523,1.6856044518496738,0.0030399489684708454,126.87313079861742,0.1676050456469775,1.0162774251348918,1.430839853540527,1.5713049909144816,1.027473725418051,0.23312850937599322,1.0176084358523725,1.0119007866227634,-0.8218834578204112,-0.10030627301916936,0.2023065326293374,Gold,Basic Materials,BTG
2014Q4,2014,Q4,2014-12-31,2014-12-31,-355625000.0,122422000.0,-473162000.0,-0.39,18878000.0,0.15420430968290014,2118598000.0,1470087000.0,259672000.0,84719000.0,593258000.0,95991000.0,-536617000.0,1482188220.0,1728912220.0,1.6067736255520908,3.065097557808756,0.179027828781109,0.25800377800769614,-0.19798311348905828,1.6067736255520908,-0.24190745173584965,12.107204750780088,-1.041960084358524,1.0082316352705656,0.0,1.0786844600014585,0.0,0.057784440464873466,1.932045940107886,-0.16785864991848382,502.77755088195386,0.15420430968290014,0.0,-5.525625770924208,9.936678143780782,1.3311226237938467,0.18565506845873633,-0.2974468799252816,-0.5909578456458657,-8.082479502290973,-0.2405476353234274,0.2941659967542704,Gold,Basic Materials,BTG
2014Q3,2014,Q3,2014-10-03,2014-09-30,-274096000.0,114924000.0,-297407000.0,-0.39,15922000.0,0.13854373324979988,2599325000.0,1837833000.0,297868000.0,82248000.0,711275000.0,82931000.0,-177008000.0,1422532649.9999998,1641882649.9999998,2.622647002161954,3.621583503550238,0.153269021765266,0.21677486474559984,-0.13521050432557638,2.622647002161954,-0.14914086317962513,12.378029393338204,-1.2974766596374991,0.7740271558950133,0.0,1.1937876065644935,0.0,0.04421301684091062,2.613279350257757,-0.10544891462206535,-82.2939170426935,0.13854373324979988,-18.5,-52.30440785947179,3.748972879613864,2.333426111796686,-0.27538342511263825,-22.73742097514506,-72.99394819656257,-15.697805423037858,0.10356549310278958,1.646466219180861,Gold,Basic Materials,BTG
2014Q2,2014,Q2,2014-07-17,2014-06-30,-11547000.0,120258000.0,4131000.0,-0.02,21973000.0,0.18271549501904238,2334225000.0,1644368000.0,266371000.0,70428000.0,682241000.0,80298000.0,97088000.0,1970640840.0,2219378840.0,2.4365447333365933,3.782174703243028,0.16431663614261693,0.23325192414350074,0.004352352628762812,2.4365447333365933,-0.0070221507594407095,16.386775432819437,-42.665645622239545,1.1984183832329502,0.0,1.2240030884953548,0.0,0.05151945506538573,2.64203157834952,-0.004946823892298301,-39.18476148813903,0.18271549501904238,0.5,-0.4355986368201096,4.414143104020094,2.1439841954806647,-0.4076560183313115,0.5189752134971881,-0.8356801909307876,-1.381396876006362,0.0944492740739173,1.5255474883607423,Gold,Basic Materials,BTG
2014Q1,2014,Q1,2014-04-01,2014-03-31,-24005000.0,129020000.0,25140000.0,-0.04,37095000.0,0.2875135637885599,2312375000.0,1648659000.0,313702000.0,76246000.0,655719000.0,82021000.0,108635000.0,1807020950.0,1985631950.0,2.4542563881176918,4.114340424415707,0.15661300610843829,0.21966216179331202,0.019470259104277313,2.4542563881176918,-0.014560318416361418,14.005742908076268,-18.819214226202874,1.09605500591693,0.0,1.120749564136014,0.0,0.055795448402616354,3.0385987461637334,-0.010381101681171956,-27.423980908152735,0.2875135637885599,-2.0256410256410255,-0.018345235142070933,0.0,1.1441420325243528,0.029330151506742883,-1.9155225019069413,0.3987648138874979,-2.0429594109550737,0.19559623915089677,1.697110789354673,Gold,Basic Materials,BTG
2013Q4,2013,Q4,2014-04-01,2013-12-31,26220000.0,138054000.0,17973000.0,0.039,36038000.0,0.2610427803613079,2309726000.0,1663651000.0,374497000.0,98821000.0,638359000.0,75665000.0,132640000.0,1356945100.0,1417621100.0,2.476574048574257,3.7896499731838373,0.13569228557846255,0.188388069372723,0.009102560823903259,2.476574048574257,0.015760517079603836,9.82908934185174,12.938073035850495,0.8156428842347344,0.0,1.3482587722196524,0.0,0.05977072605148836,3.023972637394886,0.011351995864444527,-56.81635891638404,0.2610427803613079,2.9,1.4250348877009786,0.0,2.0002255553431305,-0.12609728890828847,2.2985281167442446,-0.03784796573875803,1.0832313377759633,0.4558627406749988,1.8575682803062519,Gold,Basic Materials,BTG
2013Q3,2013,Q3,2013-10-28,2013-09-30,7949000.0,128730000.0,18680000.0,0.01,41238000.0,0.32034490794686554,2274681000.0,1595803000.0,392194000.0,78004000.0,670927000.0,72804000.0,106420000.0,1606511760.0,1641887760.0,2.4634687019035577,5.027870365622276,0.1402935180801176,0.19997643819443878,0.005377024263207343,2.4634687019035577,0.00498119128739575,12.479699836867862,50.525593156371876,1.0067105776840877,0.0,1.2017471567496292,0.0,0.05659255077964778,4.094533613660838,0.003494555939931797,-38.5337785133482,0.32034490794686554,-0.7999999999999999,1.4386496627503633,0.0,1.6724794402151766,0.15557921874124306,-0.7596383538447582,-0.6986950981499105,-0.8821125822293238,0.5202330743168709,1.911082894639495,Gold,Basic Materials,BTG
2013Q2,2013,Q2,2013-07-17,2013-06-30,33071000.0,122635000.0,61997000.0,0.05,35686000.0,0.29099359889101806,2025549000.0,1580328000.0,212184000.0,91272000.0,439746000.0,72780000.0,95941000.0,1654260170.0,1629516170.0,2.4551415996433015,2.324743623455167,0.03500878033560284,0.04487169752102095,0.03165276364873279,2.4551415996433015,0.020926668387828348,13.489298895095201,12.505368525294063,1.0467828007856597,0.0,1.1946826051112942,0.0,0.06054407965445417,1.527346831448856,0.01632693161212096,-28.4966696525469,0.29099359889101806,479.76923076923083,4.529773571631605,0.0,1.4194738479295224,0.05008239171374765,523.936507936508,4.4155310971348705,4.76300819552003,1.4986177114778159,2.3317992741144296,Gold,Basic Materials,BTG
2013Q1,2013,Q1,2013-06-04,2013-03-31,63000.0,154853000.0,11448000.0,0.000104,33984000.0,0.21945974569430363,1977884000.0,1539618000.0,244161000.0,130571000.0,432376000.0,77937000.0,62870000.0,1837159740.0,1782260740.0,2.5644101475901055,1.8699481508144995,0.033256753176627143,0.042723584681395,6.179503503389388e-05,2.5644101475901055,4.0919241006535386e-05,11.863895048852783,7290.316428571429,1.1932568598184745,0.0,1.5508551779000987,0.0,0.07829225576424098,1.2041264905683497,3.185222186943218e-05,77.33455716450581,0.21945974569430363,-0.9942222222222222,1.0016005626669362,0.0,1.9659859241329063,-0.0062576758874787995,-0.9942455242966752,-0.48281002936525863,1.006625210236824,3.3817973972794793,2.2913899503875577,Gold,Basic Materials,BTG
2012Q4,2012,Q4,2012-12-31,2012-12-31,10948000.0,70783000.0,22135000.0,0.018,34198000.0,0.48313860672760406,676465000.0,559947000.0,135989000.0,43881000.0,110146000.0,41608000.0,62807000.0,2143353030.0,2075404030.0,0.9326558723739504,3.0990405870422277,0.0,0.0,0.023156948448581904,0.9326558723739504,0.019551850442988353,30.280618651371093,48.9439402173913,3.827778396883991,0.0,0.8792780234570275,0.0,0.10463660351976821,2.1508397711993803,0.01618413369501748,27.86796466045169,0.48313860672760406,-0.55,8.540233752346435,0.0,-0.33679586719410404,0.0476365530128971,-0.2437137330754352,-0.06874500399680256,1.3061452454315414,8.636465617784692,0.3531061063801473,Gold,Basic Materials,BTG
2012Q3,2012,Q3,2012-09-30,2012-09-30,14476000.0,67065000.0,23769000.0,0.04,32643000.0,0.4867367479311116,640687000.0,548191000.0,132811000.0,25925000.0,88684000.0,32529000.0,54590000.0,1583218550.0,1510161550.0,1.416166574096798,5.122892960462874,0.0,0.0,0.028172921840540002,1.416166574096798,0.026406854545222378,23.607225080146126,27.342127486874823,2.888078334011321,0.0,1.0581942266900304,0.0,0.10467669860633975,3.859749276759884,0.022594496220463348,110.53679745863296,0.4867367479311116,0.3333333333333334,2.3368064851541286,0.0,0.5363199257490795,0.14629350001755803,0.21270000837731423,0.5753579003181336,6.096331192354015,4.016877865674259,0.7999702715830492,Gold,Basic Materials,BTG
2012Q2,2012,Q2,2012-06-30,2012-06-30,11937000.0,57330000.0,15088000.0,0.03,28477000.0,0.49672073957788243,599514000.0,514902000.0,131058000.0,20344000.0,80717000.0,27989000.0,40114000.0,1142679330.0,1065441330.0,1.3473219822747646,6.442095949665749,0.0,0.0,0.025063477589419358,1.3473219822747646,0.023183052308983067,19.93161224489796,23.931459537572255,2.2192171131593974,0.0,1.0308692700703848,0.0,0.09562745824117536,5.050285096342902,0.01991112801369109,-2058.8816756756755,0.49672073957788243,-0.25000000000000006,3.145913542133172,0.0,0.3277483878436838,-0.1017852636891244,-0.17936202392410286,-0.3481097429250378,3.620779661098099,3.5579456257231508,0.7385106706802945,Gold,Basic Materials,BTG
2012Q1,2012,Q1,2012-03-31,2012-03-31,14546000.0,63873000.0,23145000.0,0.04,31704000.0,0.49635996430416607,590676000.0,498844000.0,146577000.0,28407000.0,87722000.0,27290000.0,28177000.0,1594651800.0,1497003800.0,1.313857232030215,5.159890167916359,0.0,0.0,0.030202036003687316,1.313857232030215,0.02915941657111241,24.96597623408952,27.4070500481232,3.1966943573542026,0.0,1.1787834371564676,0.0,0.10813542449667839,4.199211461963601,0.02462602171071789,-197.33347358000248,0.49635996430416607,-0.25925925925925924,1.584365587032756,0.0,0.5196017143294802,-0.4760448858847444,-0.3019148629841148,-0.1849491143430644,2.091770208060655,0.0,0.14784116670576394,Gold,Basic Materials,BTG
2011Q4,2011,Q4,2011-12-31,2011-12-31,20837000.0,66894000.0,28397000.0,0.054,60509000.0,0.9045504828534696,563041000.0,471391000.0,149508000.0,30321000.0,87707000.0,26695000.0,13631000.0,1169411320.0,1067200320.0,1.2415514158012426,4.930840011872959,0.00014386163707438712,0.00017183187629802012,0.04796572446366706,1.2415514158012426,0.04420321983236846,17.481557688282955,14.030466477899889,2.480767176293141,0.0,0.23918336767184867,0.0,0.11880839938832163,4.050427096731638,0.03700796211998771,113.77810079782058,0.9045504828534696,0.8,23.693115763579236,0.0,-0.11714271636489451,1.3663134019005905,1.3059982293050023,0.8461188402028345,1.5976148962760763,0.0,0.5040673983092678,Gold,Basic Materials,BTG
2011Q3,2011,Q3,2011-09-30,2011-09-30,9036000.0,50459000.0,15382000.0,0.03,25571000.0,0.5067678709447274,403566000.0,336485000.0,117021000.0,23398000.0,67081000.0,25135000.0,-7206000.0,1256301700.0,1182829700.0,0.9909996141850321,5.001324899564065,0.0,0.0,0.030281480987847106,0.9909996141850321,0.0268540945361606,24.89747517786718,34.75823649845064,3.7336038753584857,0.0,0.9901730654465885,0.0,0.1250328323000451,3.927087785280793,0.02239038967603812,-175.5592090553382,0.5067678709447274,-0.4000000000000001,1.9513088343983556,0.0,0.07508006581297084,-0.05095754156769596,-0.39824187533297817,-0.3299647166441608,1.9513088343983556,0.0,0.07508006581297084,Gold,Basic Materials,BTG
2011Q2,2011,Q2,2011-06-30,2011-06-30,15016000.0,54498000.0,22957000.0,0.05,26944000.0,0.4944034643473155,384127000.0,322928000.0,115922000.0,20128000.0,61199000.0,18229000.0,-16242000.0,1114630920.0,1035866920.0,0.9647590253462555,5.7592408585055646,0.0,0.0,0.04791246383739591,0.9647590253462555,0.04649952930684239,20.452694043818124,18.557387453383058,3.4516391269880593,0.0,1.5115475341488835,0.0,0.14187495281508458,4.8535870429252785,0.03909123805408107,-611.0915131578947,0.4944034643473155,0.6666666666666669,4.082035356759161,0.0,-0.04925677943855904,0.11440152204483414,0.31592323196915256,0.2109399725709463,4.082035356759161,0.0,-0.04925677943855904,Gold,Basic Materials,BTG
2011Q1,2011,Q1,2011-03-31,2011-03-31,11411000.0,53501000.0,18958000.0,0.03,24178000.0,0.4519167866021196,356946000.0,303055000.0,107445000.0,18101000.0,53891000.0,16405000.0,-31258000.0,1032433300.0,955728300.0,0.9099575730461231,5.935859897243247,0.0,0.0,0.0387466730857299,0.9099575730461231,0.037653231261652174,19.297457991439412,22.619255542897207,3.4067522396924654,0.0,1.787442852788784,0.0,0.14988541684176318,5.029556378100658,0.0319684209936517,147.34312830027116,0.4519167866021196,0.6666666666666667,1.522613978644426,0.0,0.052453078049641534,-0.16269566421942097,0.8286858974358975,0.12872112407716124,1.522613978644426,0.0,0.052453078049641534,Gold,Basic Materials,BTG
2010Q4,2010,Q4,2010-12-31,2010-12-31,6240000.0,47013000.0,16796000.0,0.018,28876000.0,0.614213089996384,337854000.0,288639000.0,101063000.0,16494000.0,49215000.0,19438000.0,-32489000.0,899216100.0,829306100.0,0.866671871199815,6.127258396992846,0.00030190555683816086,0.00035338259902507977,0.030510163700116583,0.866671871199815,0.02161870017565194,19.126967009125135,36.02628605769231,3.115365906894079,0.0,0.9330692458071818,0.0,0.1391518229767888,4.948769249424033,0.018469516418334546,23.020226818903282,0.614213089996384,-0.82,8.747468044666904,0.0,-0.38371656278396643,0.2841197136123093,-0.8050243719535058,0.5361258459850009,8.747468044666904,0.0,-0.38371656278396643,Gold,Basic Materials,BTG
2010Q3,2010,Q3,2010-09-30,2010-09-30,32004000.0,40191000.0,10934000.0,0.1,22487000.0,0.5595033714015576,301149000.0,260186000.0,66964000.0,15657000.0,40963000.0,17409000.0,-38729000.0,584177800.0,545829800.0,0.8462379090749426,4.2769368333652675,0.0,0.0,0.04157174674469926,0.8462379090749426,0.12300431229966255,14.535040183125576,4.563318647669041,2.245231488243026,0.0,1.0169452581997818,0.0,0.13345885259456283,3.1650380021715527,0.10627297450763576,82.4062350119904,0.5595033714015576,11.0,4.720920103650574,0.0,-0.08196381314447827,1.4584016617470208,8.682189150264042,7.345908299477656,4.720920103650574,0.0,-0.08196381314447827,Gold,Basic Materials,BTG
2010Q2,2010,Q2,2010-06-30,2010-06-30,-4166000.0,23266000.0,-1723000.0,-0.01,9147000.0,0.39314880082523856,285262000.0,224841000.0,44213000.0,32609000.0,60421000.0,18179000.0,-70733000.0,463790000.0,467100000.0,0.7368816058992216,1.355852678708332,0.06090541326920515,0.0772723835955186,-0.008496245090465726,0.7368816058992216,-0.01852864913427711,19.93423880340411,-27.83185309649544,2.062746563126832,0.0,0.7766653831343858,0.0,0.08156010965358163,0.7983685485602134,-0.01460411831929945,-42.959429418303074,0.39314880082523856,0.5,0.06198089713599282,0.0,-0.2738236463621888,1.1527418216050835,0.0919790758500436,0.5384409322260916,0.06198089713599282,0.0,-0.2738236463621888,Gold,Basic Materials,BTG
2010Q1,2010,Q1,2010-03-31,2010-03-31,-4588000.0,17051000.0,-3733000.0,-0.02,4249000.0,0.24919359568353763,283213000.0,225692000.0,47001000.0,29953000.0,57521000.0,12216000.0,-66567000.0,356297790.0,349883790.0,0.7791268085047622,1.5691583480786566,0.053853460116590694,0.06757882423834252,-0.01480585791146091,0.7791268085047622,-0.020328589405029865,20.896005512873145,-19.414657258064516,1.578690383354306,0.0,1.047969875573019,0.0,0.06020556965958484,1.1613194003939504,-0.016199821335885007,-23.630308396339036,0.24919359568353763,0.664204163868368,0.7584133016579693,0.0,-0.09886523054381186,0.8481948673336233,0.7340906456473861,0.6860650912454798,0.7584133016579693,0.0,-0.09886523054381186,Gold,Basic Materials,BTG
2009Q4,2009,Q4,2009-12-31,2009-12-31,-17254000.0,3544000.0,-11891000.0,-0.05956,2299000.0,0.6487020316027088,247354000.0,199663000.0,23354000.0,11770000.0,47691000.0,10263000.0,-61979000.0,2986528630.0,2993307630.0,0.6892703151484605,1.984197111299915,0.03922718047818107,0.04859688575249295,-0.05686778738935147,0.6892703151484605,-0.08641561030336116,842.6999520316027,-43.272989306827405,14.957847122401247,0.0,0.12130955860859398,0.0,0.014327643781786428,1.1122344944774851,-0.06975427929202681,-413.0173738072189,0.6487020316027088,-7.116734116619146,-23.629596130809567,0.0,-0.5098653906897878,2.2563739376770537,-7.785132382892057,-17.724331926863574,-23.629596130809567,0.0,-0.5098653906897878,Gold,Basic Materials,BTG
2009Q3,2009,Q3,2009-09-30,2009-09-30,-1964000.0,9243000.0,711000.0,-0.007337926701091506,706000.0,0.07638212701503841,241436000.0,210580000.0,25591000.0,13202000.0,30856000.0,8369000.0,-44725000.0,2561415610.38,2552031610.38,0.7867722019938134,1.9384184214512952,0.0,0.0,0.00268688332125227,0.7867722019938134,-0.009326621711463578,277.1195077766959,-326.04577525203666,12.163622425586475,0.0,1.0200740829250807,0.0,0.03828343743269438,1.261854264505378,-0.008134660945343694,195.63244561063163,0.07638212701503841,0.26620732989084944,0.7376923840507601,0.0,-0.1464748334993849,0.06485671191553545,0.30918044319380933,1.2197836166924265,0.7376923840507601,0.0,-0.1464748334993849,Gold,Basic Materials,BTG
2009Q2,2009,Q2,2009-06-30,2009-06-30,-2843000.0,7851000.0,-3235000.0,-0.01,663000.0,0.08444784103935804,223490000.0,184867000.0,15658000.0,16481000.0,35224000.0,7274000.0,-42761000.0,150281633.88,145733633.88,0.7749863173100604,0.9500637097263516,0.0,0.0,-0.016790363546215815,0.7749863173100604,-0.015378623550985304,19.141718746656476,-13.215057499120647,0.8129175779344069,0.0,0.9881770690129228,0.0,0.03512908854982326,0.4375341302105455,-0.012720927110832699,-8.398906493041972,0.08444784103935804,0.75,0.18119269086740378,0.0,-0.23627251173320424,0.0,0.5035795355334381,-1.2418572418572418,0.18119269086740378,0.0,-0.23627251173320424,Gold,Basic Materials,BTG
2009Q1,2009,Q1,2009-03-31,2009-03-31,-5727000.0,0.0,-1443000.0,-0.04,0.0,0.0,227038000.0,186809000.0,40523000.0,17581000.0,36812000.0,8320000.0,-39918000.0,76705989.03999999,72762989.03999999,1.1446333082833293,2.3049314600989703,0.0,0.0,-0.007489084791594143,1.1446333082833293,-0.030656981194696186,0.0,-3.3484367487340663,0.4106118497502797,0.0,0.0,0.0,0.0,1.404186337523463,-0.02522485222738044,-13.368070589055419,0.0,0.5644125013612109,0.4647540455690008,0.0,0.32387804027855793,0.0,0.6178810580564578,0.8305392468990326,0.4647540455690008,0.0,0.32387804027855793,Gold,Basic Materials,BTG
2008Q4,2008,Q4,2008-12-31,2008-12-31,-14987480.0,0.0,-8515246.0,-0.09183,0.0,0.0,152222757.0,134718993.0,46908697.0,5585938.0,17503765.0,0.0,-34190836.0,58753523.519999996,48195245.519999996,0.8254626203565604,8.397640109861584,0.017568936818034377,0.019851632946810995,-0.06186264904513801,0.8254626203565604,-0.1112499408305405,0.0,-0.9800434015591681,0.4361190817392763,0.0,0.0,0.0,0.0,8.382707076233213,-0.0984575519151844,-8.453795479051815,0.0,-2.061,-36.97280808257472,0.0,-0.4130201315263324,0.0,-2.2962322063704734,-2.8533924939078337,-36.97280808257472,0.0,-0.4130201315263324,Gold,Basic Materials,BTG
2008Q3,2008,Q3,2008-09-30,2008-09-30,-4546852.0,0.0,-2209805.0,-0.03,0.0,0.0,164965198.0,149823875.0,62977902.0,5792139.0,15141323.0,0.0,-19203356.0,1308411129.2,1249586006.2,0.9217914513517117,10.872995623896458,0.01595029758943459,0.017562247672475433,-0.014295706724095095,0.9217914513517117,-0.030347980253480962,0.0,-71.94049472030319,8.732994852789652,0.0,0.0,0.0,0.0,10.85159782940292,-0.027562492302164242,-95.78197102012422,0.0,-1.9999999999999996,0.0,0.0,0.0,0.0,-1.151520829784415,0.31874990366088635,0.0,0.0,0.0,Gold,Basic Materials,BTG
2008Q2,2008,Q2,2008-06-30,2008-06-30,-2113320.0,0.0,-3243750.0,-0.01,0.0,0.0,168871805.0,147329965.0,76992627.0,12192656.0,21541840.0,0.0,-14656504.0,171323713.84,97995983.84,1.0147419455450208,6.31467229125467,0.015330084261253677,0.017571571404364345,-0.019530903689806374,1.0147419455450208,-0.014344128840321112,0.0,-20.267128716900423,1.162857222154366,0.0,0.0,0.0,0.0,6.2997467491906605,-0.012514344830979926,-20.64649084027661,0.0,0.8571428571428571,0.0,0.0,0.0,0.0,0.7468267993270662,-0.0363190076640483,0.0,0.0,0.0,Gold,Basic Materials,BTG
2008Q1,2008,Q1,2008-03-31,2008-03-31,-8347329.0,0.0,-3130069.0,-0.07,0.0,0.0,122028890.0,110083837.0,93149539.0,11103591.0,11945053.0,0.0,-12543184.0,183344400.0,95974381.0,0.8646063107463331,8.389136361380746,0.020872983438593926,0.02313788353870696,-0.027765383916761817,0.8646063107463331,-0.07582701718509322,0.0,-5.491109790928332,1.6654979059278248,0.0,0.0,0.0,0.0,8.379340251275465,-0.06840453109095723,-31.042311955049833,0.0,-27.925619834710748,0.0,0.0,0.0,0.0,-40.736645,0.0,0.0,0.0,0.0,Gold,Basic Materials,BTG
2007Q4,2007,Q4,2007-12-31,2007-12-31,-200000.0,0.0,0.0,-0.00242,0.0,0.0,130600000.0,116300000.0,105300000.0,11300000.0,14300000.0,0.0,-4200000.0,119088000.0,22588000.0,1.4062877871825876,9.31858407079646,0.01914241960183767,0.021496130696474634,0.0,1.4062877871825876,-0.0017196904557179708,0.0,-148.86,1.0239724849527085,0.0,0.0,0.0,0.0,9.035398230088495,-0.0015313935681470138,-18.6075,0.0,0.0,0.0,0.0,0.0,0.0,0.0,0.0,0.0,0.0,0.0,Gold,Basic Materials,BTG
