Quarters,Year,Quarter,FillingDate,Date,NetIncome,Revenue,OperatingIncome,EPSDiluted,GrossProfit,GrossProfitRatio,TotalAssets,CommonStockEquity,CurrentAssets,CurrentLiability,TotalLiability,Inventory,RetainedEarnings,MarketCap,EnterpriseValue,bookValuePerShare,currentRatio,debtToAssets,debtToEquity,roic,shareholdersEquityPerShare,roe,priceToSalesRatio,peRatio,pbRatio,payoutRatio,inventoryTurnover,dividendYield,assetTurnover,quickRatio,returnOnAssets,priceToFreeCashFlowsRatio,grossProfitMargin,epsdilutedGrowth,fiveYNetIncomeGrowthPerShare,fiveYRevenueGrowthPerShare,fiveYShareholdersEquityGrowthPerShare,grossProfitGrowth,netIncomeGrowth,operatingIncomeGrowth,threeYNetIncomeGrowthPerShare,threeYRevenueGrowthPerShare,threeYShareholdersEquityGrowthPerShare,Industry,Sector,Symbol
2023Q4,2023,Q4,2023-05-31,2023-03-31,-6870000.0,31743000.0,-5380000.0,-0.25,3814000.0,0.1201524746,175561000.0,81797000.0,106173000.0,84108000.0,93764000.0,36986000.0,-1055547000.0,136733680.0,116455680.0,2.9372665900603274,1.2623412755029249,0.017555151770609647,0.03767864347103195,-0.06187458279906688,2.9372665900603274,-0.08398841033289729,4.30752228837854,-4.975752547307133,1.6716221866327616,0.0,0.7551235602660467,0.0,0.18080894959586696,0.6423289104484711,-0.03913169781443487,-24.05589021815623,0.12015247456132061,0.26470588235294124,0.17504476611055186,0.6925314820579239,0.12723911105265662,6.3771760154738875,0.2829558501200292,0.4294198748541733,0.095642268663487,0.35601439613575697,-0.1222649125563643,Specialty Industrial Machinery,Industrials,AMSC
2023Q3,2023,Q3,2023-02-01,2022-12-31,-9581000.0,23881000.0,-9429000.0,-0.34,517000.0,0.0216490097,165072000.0,87207000.0,94165000.0,68053000.0,77865000.0,38725000.0,-1048678000.0,102870720.0,82489720.0,3.1196608714316376,1.383700938974035,0.02001550838422022,0.0378868668799523,-0.10197276820887347,3.1196608714316376,-0.10986503377022487,4.307638708596793,-2.684237553491285,1.1796153978465032,0.0,0.6033311814073596,0.0,0.1446702045168169,0.6061892936387815,-0.05804133953668702,-17.420951735817106,0.02164900967296177,0.02857142857142844,-0.6095464020322868,0.1412547891468827,0.08525790782439156,-0.7375634517766497,0.030361299463617042,-0.12491052254831782,-0.06077162768657871,0.010229865894871142,-0.14377862412189402,Specialty Industrial Machinery,Industrials,AMSC
2023Q2,2023,Q2,2022-11-01,2022-09-30,-9881000.0,27680000.0,-8382000.0,-0.35,1970000.0,0.0711705202,171747000.0,95383000.0,94979000.0,66880000.0,76364000.0,36342000.0,-1039097000.0,122057460.0,97770460.0,3.4227939857178744,1.4201405502392344,0.020518553453626555,0.03694578698510217,-0.08181875716864598,3.4227939857178744,-0.1035928834278645,4.409590317919075,-3.0881859123570488,1.2796563328895085,0.0,0.7074459303285455,0.0,0.16116729840987032,0.7207236842105263,-0.05753230041863904,-20.94328414550446,0.07117052023121387,-0.0937499999999999,0.07179789936232862,0.7134671824000846,0.07561916124419119,-0.1130121566861774,-0.13444316877152698,0.03644097022646281,-7.87775096209158,0.4642726967204576,-0.07804250359924346,Specialty Industrial Machinery,Industrials,AMSC
2023Q1,2023,Q1,2022-08-03,2022-06-30,-8710000.0,22679000.0,-8699000.0,-0.32,2221000.0,0.0979320076,176508000.0,101913000.0,98210000.0,64711000.0,74595000.0,32924000.0,-1029216000.0,142760800.0,113152800.0,3.6978592162554427,1.517670875121695,0.021228499558093684,0.03676665391068853,-0.07990808900642032,3.6978592162554427,-0.08546505352604672,6.294845451739494,-4.097611940298507,1.4008104952263205,0.0,0.6213704288664804,0.0,0.12848709406939063,0.8512617638423143,-0.049346205271149184,-22.646065989847717,0.09793200758410865,-0.7777777777777779,0.6523419137112856,0.5472980736496263,-0.020126002016301794,-0.3249240121580547,-0.7309220985691574,-0.3766418737141953,-0.8319293905644384,0.2259170880092078,-0.03258536260232168,Specialty Industrial Machinery,Industrials,AMSC
2022Q4,2022,Q4,2022-06-01,2022-03-31,-5032000.0,28308000.0,-6319000.0,-0.18,3290000.0,0.1162215628,173887000.0,109389000.0,94336000.0,53964000.0,64498000.0,23666000.0,-1020506000.0,208384630.0,171602630.0,3.9947777818354453,1.748128381884219,0.02186477424994393,0.03475669400031082,-0.05514977396536812,3.9947777818354453,-0.04600096901882273,7.361333545287551,-10.352972476152623,1.9049870645128852,0.0,1.057128369813234,0.0,0.16279537860794654,1.1278630197909718,-0.028938333515443938,-63.5318993902439,0.1162215628090999,-0.12499999999999993,0.5547745122635971,0.07099488883840545,0.11288117463612228,-0.07894736842105263,-0.1637372802960222,-0.46171640064769837,0.5502817535694094,0.44852508377124795,0.005767090959567623,Specialty Industrial Machinery,Industrials,AMSC
2022Q3,2022,Q3,2022-02-02,2021-12-31,-4324000.0,26799000.0,-4323000.0,-0.16,3572000.0,0.1332885555,175296000.0,113035000.0,94933000.0,51827000.0,62261000.0,20942000.0,-1015474000.0,297589760.0,257430760.0,4.132604562737643,1.831728635653231,0.02126688572471705,0.032980935108594685,-0.03594168204412083,4.132604562737643,-0.038253638253638256,11.10450986977126,-17.205698427382057,2.6327222541690625,0.0,1.1091108776621144,0.0,0.15287855969331873,1.252937657977502,-0.024666849215041985,-67.77266226372124,0.13328855554311728,0.0,0.21230559589644407,-0.5022412434211215,-0.10653391235280406,0.09536951855259122,0.02480829950383401,-0.0048814504881450485,-1.1866640675302786,0.41546417861166146,-0.048437030564847085,Specialty Industrial Machinery,Industrials,AMSC
2022Q2,2022,Q2,2021-11-08,2021-09-30,-4434000.0,27908000.0,-4302000.0,-0.16,3261000.0,0.11684821556542926,184373000.0,116104000.0,102499000.0,57259000.0,68269000.0,21574000.0,-1011150000.0,397334160.0,352747160.0,4.260384558931454,1.790094133673309,0.021228704853747567,0.0337111555157445,-0.03624750758893261,4.260384558931454,-0.03818989871150003,14.237285366203238,-22.402692828146144,3.4222262798869982,0.0,1.1424399740428293,0.0,0.15136706567664462,1.286749681272813,-0.02404907443063789,-64.17931836536908,0.11684821556542926,0.20000000000000004,0.6941615532241364,-0.23810221847024512,-0.12056076950171367,-0.032056990204808546,0.1793448084397557,0.42632350980130684,-1.146511186253126,0.39835755410734913,0.2249977570644429,Specialty Industrial Machinery,Industrials,AMSC
2022Q1,2022,Q1,2021-08-04,2021-06-30,-5403000.0,25420000.0,-7499000.0,-0.2,3369000.0,0.1325334382376082,192167000.0,118553000.0,109516000.0,61907000.0,73614000.0,22155000.0,-1006716000.0,466504140.0,420539140.0,4.419331991351673,1.7690406577608349,0.0213616281671671,0.03462586353782696,-0.04251384528150247,4.419331991351673,-0.04557455315344192,18.351854445318647,-21.585421987784564,3.9349838468870466,0.0,0.9953058000451366,0.0,0.13228077661617238,1.2784014731775082,-0.02811616978981823,-77.06990583181893,0.1325334382376082,0.29552659387108127,0.7339960803249355,-0.028908528566915764,-0.17420945341888147,0.1470888661899898,0.29057247899159666,-0.0020042757883484766,0.14253389669933034,0.5158253698449378,0.8590877820106214,Specialty Industrial Machinery,Industrials,AMSC
2021Q4,2021,Q4,2021-06-02,2021-03-31,-7616000.0,21164000.0,-7484000.0,-0.2839,2937000.0,0.13877338877338877,168866000.0,116592000.0,105230000.0,40738000.0,52274000.0,13306000.0,-1001313000.0,508620960.0,444664960.0,4.3462312681726685,2.583091953458687,0.02284651735695759,0.03308974886784685,-0.06296670396979862,4.3462312681726685,-0.06532180595581172,24.032364392364393,-16.695803571428574,4.362400164676822,0.0,1.3698331579738463,0.0,0.12533014342733292,2.1164760174775394,-0.04510084919403551,-127.15524,0.13877338877338877,0.08419354838709682,-0.14498808347074477,-0.6113506513738095,-0.29465882577705044,-0.2575834175935288,0.03995966217067944,0.19161806005616763,0.050623077661523,0.1714523537995008,0.6679595538733839,Specialty Industrial Machinery,Industrials,AMSC
2021Q3,2021,Q3,2021-02-03,2020-12-31,-7933000.0,23632000.0,-9258000.0,-0.31,3956000.0,0.16740013540961407,175047000.0,122918000.0,109670000.0,40009000.0,52129000.0,14176000.0,-993697000.0,596507400.0,532508400.0,4.825991362387122,2.7411332450198707,0.003319108582266477,0.004726728388031045,-0.060812379968951,4.825991362387122,-0.06453896093330513,25.241511509817197,-18.79829194503971,4.852888917815129,0.0,1.387979683972912,0.0,0.13500374185218827,2.2552675647979203,-0.04531925711380372,415.9744769874477,0.16740013540961407,-0.8235294117647057,-0.4260796186247082,-0.5125725328590465,-0.23156691181409578,-0.28346314073537404,-1.1371228448275863,-1.8877105427323768,-0.46266588327761987,0.23949733755152022,0.6788508446815014,Specialty Industrial Machinery,Industrials,AMSC
2021Q2,2021,Q2,2020-11-04,2020-09-30,-3712000.0,21117000.0,-3206000.0,-0.17,5521000.0,0.26144812236586634,111227000.0,66420000.0,86406000.0,32585000.0,44807000.0,14155000.0,-985764000.0,316532800.0,279284800.0,3.038426349496798,2.651710909927881,0.005106673739289921,0.008551641071966275,-0.047613790393188714,3.038426349496798,-0.05588678109003312,14.989477672017806,-21.318211206896553,4.765624811803673,0.0,1.1018014835747085,0.0,0.1898549812545515,2.0944299524321006,-0.033373191760993286,-76.6980373152411,0.26144812236586634,-0.06250000000000006,0.7001119811778441,-0.3089392096968847,-0.5285941818477511,0.09543650793650793,-0.08633304067895815,0.0034193347839602114,0.555481668878869,0.6664104678179383,-0.04516905919987852,Specialty Industrial Machinery,Industrials,AMSC
2021Q1,2021,Q1,2020-08-05,2020-06-30,-3417000.0,21213000.0,-3217000.0,-0.16,5040000.0,0.23759015697921085,109670000.0,69419000.0,80356000.0,29433000.0,40251000.0,17061000.0,-982052000.0,176331570.00000003,158957570.00000003,3.200654709760708,2.7301328440865693,0.004048509163855202,0.0063959434736887595,-0.04650811950711269,3.200654709760708,-0.04922283524683444,8.312429642200538,-12.901051360842846,2.540105302582867,0.0,0.947951468260946,0.0,0.19342573174067657,2.010396493731526,-0.031157107686696453,-46.99668710021323,0.23759015697921085,0.40740740740740744,0.7908089988195598,-0.5006869021686389,-0.5903283746574516,1.0015885623510723,0.4195685408527263,0.47733549959382615,0.8266919070056904,0.8390428999450923,-0.15187730435167235,Specialty Industrial Machinery,Industrials,AMSC
2020Q4,2020,Q4,2020-06-02,2020-03-31,-5887000.0,18141000.0,-6155000.0,-0.27,2518000.0,0.13880160961358248,124109000.0,72219000.0,94277000.0,40960000.0,51890000.0,18975000.0,-978635000.0,118263880.00000001,97003880.00000001,3.346415828738242,2.3016845703125,0.0035372132560894053,0.006078732743460862,-0.08323052030091302,3.346415828738242,-0.0815159445575264,6.519148889256382,-5.022247324613556,1.6375729378695358,0.0,0.8233465085638999,0.0,0.14616989904035968,1.7537841796875,-0.04743411033849278,-280.24616113744077,0.13880160961358248,0.22857142857142848,0.01792085630879014,-0.5948699511502991,-0.4927159813519476,0.587641866330391,0.13995617238860483,0.07010122374981115,0.33908914730951495,-0.12913889083966765,-0.06774209187775673,Specialty Industrial Machinery,Industrials,AMSC
2020Q3,2020,Q3,2020-02-05,2019-12-31,-6845000.0,17915000.0,-6619000.0,-0.35,1586000.0,0.0885291655037678,123491000.0,77188000.0,89267000.0,35035000.0,46303000.0,18591000.0,-972748000.0,166302250.0,144385250.0,3.6435213594524427,2.547937776509205,0.0035306216647367013,0.005648546406177126,-0.0828829835505055,3.6435213594524427,-0.08867958750064776,9.28284956740162,-6.07385865595325,2.1545091205886924,0.0,0.8783282233338713,0.0,0.14507130074256425,1.9115741401455688,-0.05542914058514386,-19.601868222536538,0.0885291655037678,-2.4999999999999996,0.5542480269738147,-0.651215999111469,-0.6128082090946234,-0.5786397449521785,-7.296969696969697,-0.6069434328720563,-0.609926862309874,-0.5703866660634411,-0.2122733436338142,Specialty Industrial Machinery,Industrials,AMSC
2020Q2,2020,Q2,2019-11-05,2019-09-30,-825000.0,14012000.0,-4119000.0,-0.1,3764000.0,0.26862689123608335,117443000.0,76686000.0,83435000.0,28049000.0,40757000.0,15497000.0,-965903000.0,161943040.0,112778040.0,3.7125290472501935,2.9746158508324716,0.0036102619994380254,0.005529040502829721,-0.03759620975374246,3.7125290472501935,-0.01075815663876066,11.557453611190407,-49.07364848484848,2.111767988941919,0.0,0.6612892817964767,0.0,0.11930894135878682,2.242575492887447,-0.007024684314944271,-29.342822975176663,0.26862689123608335,0.411764705882353,0.9872007661734483,-0.5562756939700194,-0.6281537551683402,1.3868103994927077,0.7668833003673354,0.33948043617703655,0.9249237633604133,-0.4953151375259982,-0.23365047371800496,Specialty Industrial Machinery,Industrials,AMSC
2020Q1,2020,Q1,2019-08-06,2019-06-30,-3539000.0,13770000.0,-6236000.0,-0.17,1577000.0,0.11452432824981845,120150000.0,78413000.0,100714000.0,28743000.0,41737000.0,11924000.0,-965078000.0,207396540.0,137217540.0,3.822413961197231,3.5039487875308772,0.0034623387432376196,0.005305242753114918,-0.08028100281144245,3.822413961197231,-0.045132822363638685,15.061477124183007,-14.650786945464821,2.644925458788721,0.0,1.0225595437772559,0.0,0.1146067415730337,2.9463869463869465,-0.0294548481065335,-30.94547000895255,0.11452432824981845,0.5853658536585366,0.9008474612029184,-0.5541382969316473,-0.7101796804498346,-0.4292435758233804,0.5763198850712319,0.01686898943717484,0.7721551585385482,-0.3121019108280254,-0.28574876916840874,Specialty Industrial Machinery,Industrials,AMSC
2019Q4,2019,Q4,2019-06-05,2019-03-31,-8353000.0,14589000.0,-6343000.0,-0.41,2763000.0,0.189389265885256,119330000.0,81193000.0,103398000.0,28384000.0,38137000.0,12119000.0,-961539000.0,248983560.0,171500560.0,3.971871636826142,3.64282694475761,0.0,0.0,-0.10007011621527963,3.971871636826142,-0.10287832694936756,17.06652683528686,-7.451920268167125,3.066564358996465,0.0,0.9758230877135077,0.0,0.12225760496103243,3.1083004509582866,-0.06999916198776503,-46.84544873000941,0.189389265885256,-1.493975903614458,0.8601857194279923,-0.6595800645123864,-0.7251295987655784,-0.2604389721627409,-1.4830278147227203,-1.3054659282446424,-0.6479690424020578,-0.6484247842915712,-0.3554129011271749,Specialty Industrial Machinery,Industrials,AMSC
2019Q3,2019,Q3,2019-02-05,2018-12-31,17293000.0,14134000.0,20765000.0,0.83,3736000.0,0.2643271543795104,128504000.0,88679000.0,109194000.0,31485000.0,39825000.0,14006000.0,-953187000.0,227671850.0,147629850.0,4.342964885645722,3.4681276798475467,0.0,0.0,0.21451047966833695,4.342964885645722,0.19500670959302654,16.10809749540116,3.291387411091193,2.5673705161312146,0.0,0.742396115950307,0.0,0.10998879412314014,2.8933460377957756,0.1345716864844674,9.526018828451884,0.2643271543795104,-0.24545454545454556,1.6269448315483388,-0.7902534029001431,-0.7566757192931525,0.03090507726269316,-0.23339835091763453,-0.16022970841590164,4.877672583521322,-0.6363621482722923,-0.3084782652182498,Specialty Industrial Machinery,Industrials,AMSC
2019Q2,2019,Q2,2018-11-06,2018-09-30,22558000.0,14876000.0,24727000.0,1.1,3624000.0,0.24361387469749932,105505000.0,70646000.0,86365000.0,26760000.0,34859000.0,16235000.0,-970479000.0,139144050.0,82975050.0,3.4778713139368875,3.227391629297459,0.0,0.0,0.3088315489058874,3.4778713139368875,0.31931036435183874,9.353593035762302,1.5420698865147617,1.969595589276109,0.0,0.6930705266399754,0.0,0.14099805696412493,2.495926756352765,0.21380977204871807,4.610777718868049,0.24361387469749932,5.782608695652174,1.46413569105578,-0.8149058186814425,-0.8116628123637076,-0.06909838171076291,5.762085708254169,5.821957878315133,2.961226844057812,-0.4761025418419375,-0.4604151677245112,Specialty Industrial Machinery,Industrials,AMSC
2019Q1,2019,Q1,2018-07-31,2018-06-30,-4737000.0,12607000.0,-5128000.0,-0.23,3893000.0,0.3087967002458951,84446000.0,47940000.0,64344000.0,28258000.0,36506000.0,18353000.0,-993037000.0,141169000.0,114419000.0,2.3771507908960183,2.2770188973034187,0.0,0.0,-0.10596045140072101,2.3771507908960183,-0.09881101376720901,11.197667962243198,-7.450337766518894,2.9447017104714224,0.0,0.4747997602571787,0.0,0.1492906709613244,1.4608960294429896,-0.05609501930227601,-20.16411941151264,0.3087967002458951,0.23333333333333328,0.8697421286372742,-0.8421333773242065,-0.8830284511231956,0.3002672010688043,0.2097097097097097,0.11692784570346133,0.6881113038330358,-0.6808602872418376,-0.6957337430929859,Specialty Industrial Machinery,Industrials,AMSC
2018Q4,2018,Q4,2018-06-06,2018-03-31,-5994000.0,13499000.0,-5807000.0,-0.3,2994000.0,0.2217942069782947,88175000.0,52229000.0,67176000.0,27325000.0,35946000.0,19780000.0,-988333000.0,116656080.0,82572080.0,2.605717421672321,2.4584080512351325,0.0,0.0,-0.10020050402061226,2.605717421672321,-0.11476382852438301,8.641831246759018,-4.865535535535535,2.233549943517969,0.0,0.5310920121334681,0.0,0.153093280408279,1.6266788655077768,-0.06797845194216047,-23.32188724510196,0.2217942069782947,-0.42857142857142855,0.9144271596468851,-0.8133985676196241,-0.8821743723137093,-0.40311004784689,-0.4110169491525424,-0.507920020773825,-0.07660492338970795,-0.6754198167827191,-0.604998639506922,Specialty Industrial Machinery,Industrials,AMSC
2018Q3,2018,Q3,2018-02-05,2017-12-31,-4248000.0,14933000.0,-3851000.0,-0.21,5016000.0,0.33590035491863657,96771000.0,57345000.0,54116000.0,30822000.0,39426000.0,17129000.0,-982339000.0,72414870.0,50301870.0,2.874580179457617,1.7557588735318927,0.0,0.0,-0.0774780506733097,2.874580179457617,-0.07407794925451217,4.849318288354651,-4.261703742937853,1.262793094428459,0.0,0.5789596590577384,0.0,0.15431275898771327,1.1084614885471415,-0.04389744861580432,-8.685962576466356,0.33590035491863657,0.4473684210526316,0.9441684276031269,-0.7731072085341995,-0.8874330837278849,17.441176470588236,0.41656365883807167,0.506598334401025,0.7062271423958578,-0.6912591142708023,-0.6945224858095631,Specialty Industrial Machinery,Industrials,AMSC
2018Q2,2018,Q2,2017-11-07,2017-09-30,-7281000.0,11049000.0,-7805000.0,-0.38,272000.0,0.02461761245361571,100548000.0,60652000.0,57819000.0,31309000.0,39896000.0,15983000.0,-978090000.0,86532400.0,56212400.0,3.182161594963274,1.8467213900156505,0.0,0.0,-0.12573204112731826,3.182161594963274,-0.12004550550682583,7.83169517603403,-2.9711715423705534,1.4267031590054737,0.0,0.6742789213539385,0.0,0.10988781477503282,1.2300935833147018,-0.07241317579663445,-10.161155472052608,0.02461761245361571,0.5824175824175825,0.8756743879378899,-0.8557997575812555,-0.8859144637769913,1.060633080695497,0.5226199842643587,0.4687946641257742,0.8775822524645847,-0.6208078025277146,-0.6812752642538783,Specialty Industrial Machinery,Industrials,AMSC
2018Q1,2018,Q1,2017-08-08,2017-06-30,-15252000.0,8923000.0,-14693000.0,-0.91,-4486000.0,-0.5027457133251149,104603000.0,63317000.0,64271000.0,32703000.0,41286000.0,15639000.0,-970809000.0,77514360.0,40037360.0,3.7738109429014184,1.9652937039415344,0.0,0.0,-0.23358609373371603,3.7738109429014184,-0.24088317513464,8.687029026112294,-1.2705605822187256,1.2242266689830537,0.0,0.8574077626446703,0.0,0.08530348077970995,1.383022964254044,-0.14580843761651197,-14.078162005085362,-0.5027457133251149,-1.2047778262344333,0.547104099650829,-0.9051930071186322,-0.8764919247015526,-2.5823633156966492,-1.2024548736462093,-1.1026044647967945,0.47753135297244226,-0.6467458403854047,-0.713864823512985,Specialty Industrial Machinery,Industrials,AMSC
2017Q4,2017,Q4,2017-05-25,2017-03-31,-6925000.0,16195000.0,-6988000.0,-0.41274,2835000.0,0.17505402902130288,100244000.0,60226000.0,55700000.0,32217000.0,40018000.0,17462000.0,-955557000.0,115097080.0,89794080.0,3.5895815949457623,1.7289008908340318,0.014773951558197997,0.024590708331949655,-0.11500521936600541,3.5895815949457623,-0.11498356191678012,7.10695152824946,-4.1551292418772565,1.9110862418224688,0.0,0.7650899095178101,0.0,0.16155580383863374,1.0783126920569885,-0.06908144128326882,-147.74978177150192,0.17505402902130288,-1.0636999999999999,0.90018084449339,-0.8273929469965516,-0.8885520463934955,-0.4376115850029756,-1.501806358381503,-0.7211822660098522,0.8587748571976983,-0.5395806079855162,-0.7515856947343674,Specialty Industrial Machinery,Industrials,AMSC
2017Q3,2017,Q3,2017-02-06,2016-12-31,-2768000.0,27148000.0,-4060000.0,-0.2,5041000.0,0.18568587004567555,110241000.0,63793000.0,64260000.0,38364000.0,46448000.0,19442000.0,-948632000.0,101647040.0,78037040.0,4.62536252900232,1.6750078198310916,0.013180214257853248,0.02277679369209788,-0.06043567367980076,4.62536252900232,-0.04339034063298481,3.7441815235008105,-9.180549132947977,1.5933886163058644,0.0,1.1370743750642938,0.0,0.24626046570695112,1.0667813575226774,-0.02510862564744514,567.8605586592179,0.18568587004567555,0.6226415094339622,0.9610899767645832,-0.44481183375609246,-0.8713115070113483,1.397051830718022,0.6221160409556314,0.43216783216783217,0.8514296004081894,-0.4035488258989718,-0.7408537623461446,Specialty Industrial Machinery,Industrials,AMSC
2017Q2,2017,Q2,2016-11-02,2016-09-30,-7325000.0,18507000.0,-7150000.0,-0.53,2103000.0,0.11363267952666559,115753000.0,66703000.0,67139000.0,40671000.0,49050000.0,26448000.0,-945864000.0,96520690.0,73347690.0,4.84443314692425,1.650783113274815,0.018047048456627475,0.03131793172720867,-0.11657248409007474,4.84443314692425,-0.10981515074284515,5.215361214675529,-3.2942215017064846,1.4470217231608773,0.0,0.6202359346642469,0.0,0.1598835451348993,0.9193774433871801,-0.06328129724499582,-10.80858790593505,0.11363267952666559,0.3026315789473684,0.9476577908225474,-0.6712367623479724,-0.8816362043428958,1.436848203939745,0.29261226460647033,0.2348030821917808,0.7776568924023083,-0.6602853388699466,-0.7376593806310386,Specialty Industrial Machinery,Industrials,AMSC
2017Q1,2017,Q1,2016-08-09,2016-06-30,-10355000.0,13345000.0,-9344000.0,-0.76,863000.0,0.06466841513675534,126051000.0,73189000.0,75664000.0,44398000.0,52862000.0,28887000.0,-938539000.0,115425440.0,83261440.0,5.351637905820415,1.7042209108518402,0.024172755471991495,0.04163193922583995,-0.12652565702599816,5.351637905820415,-0.14148300974190112,8.649339827650806,-2.786707870593916,1.577087267212286,0.0,0.43209748329698483,0.0,0.1058698463320402,0.9516194423172215,-0.08214928877993828,-49.30604015378044,0.06466841513675534,-2.04,0.8980994121995474,-0.45372388034447786,-0.8955204582386888,-0.9066118385456119,-2.0800118976799524,-4.473930872876391,0.5801125430103712,-0.7535780729795076,-0.7366640024397956,Specialty Industrial Machinery,Industrials,AMSC
2016Q4,2016,Q4,2016-05-31,2016-03-31,-3362000.0,27524000.0,-1707000.0,-0.25,9241000.0,0.3357433512570847,135318000.0,83549000.0,83341000.0,41007000.0,51769000.0,18512000.0,-928184000.0,103048400.0,67709400.0,6.161885094771001,2.0323603287243643,0.029493489410130212,0.047768375444350024,-0.02031541612673907,6.161885094771001,-0.04023985924427581,3.7439471007121057,-7.662730517549077,1.2333887898119666,0.0,0.9876296456352636,0.0,0.20340235593195288,1.4288779964396323,-0.02484517950309641,36.451503360452776,0.3357433512570847,-0.13636363636363635,0.9943220806984242,1.3909620201840915,-0.8933045256967637,0.4197265324934706,-0.13696313831586068,0.4846014492753623,0.9290465280966589,-0.43755293053482563,-0.7213711767117728,Specialty Industrial Machinery,Industrials,AMSC
2016Q3,2016,Q3,2016-02-09,2015-12-31,-2957000.0,25772000.0,-3312000.0,-0.22,6509000.0,0.25256091882663356,135835000.0,85029000.0,74771000.0,45416000.0,50806000.0,15238000.0,-924822000.0,86243430.0,54729430.0,6.280301351650786,1.6463581116787036,0.036242500092023414,0.057897893659810185,-0.050616302660349576,6.280301351650786,-0.034776370414799654,3.346400356976564,-7.291463476496449,1.0142825388984935,0.0,1.2641422758892242,0.0,0.1897301873596643,1.1777567377135811,-0.021769058048367505,-169.10476470588236,0.25256091882663356,0.6140350877192983,-1.066075892763274,-0.9192897118280595,-0.93918054630284,1.1610225763612219,0.615874253052741,0.5158602543487795,0.9427360610949582,-0.42302592715776216,-0.754066989862737,Specialty Industrial Machinery,Industrials,AMSC
2016Q2,2016,Q2,2015-11-03,2015-09-30,-7698000.0,19004000.0,-6841000.0,-0.57,3012000.0,0.15849294885287307,134260000.0,87626000.0,71385000.0,40877000.0,46634000.0,16150000.0,-921864000.0,58866350.0,32134350.0,6.445457888929754,1.7463365706876728,0.04349769104722181,0.06664688562755347,-0.08257878125471024,6.445457888929754,-0.0878506379385114,3.097576825931383,-1.9117416861522476,0.6717909068084814,0.0,0.9902167182662539,0.0,0.1415462535379115,1.0688406683465028,-0.0573365112468345,-12.149917440660476,0.15849294885287307,0.24000000000000007,-1.257845594190778,-0.9373796839773341,-0.9099594211819279,-0.06459627329192547,0.15601359500054818,0.1714908562431876,0.815714499677173,-0.6522783569835001,-0.7689201200136225,Specialty Industrial Machinery,Industrials,AMSC
2016Q1,2016,Q1,2015-08-05,2015-06-30,-9121000.0,23723000.0,-8257000.0,-0.75,3220000.0,0.1357332546473886,142915000.0,94620000.0,77127000.0,41884000.0,48295000.0,17080000.0,-914166000.0,63340530.00000001,31523530.000000007,7.812732226901164,1.8414430331391463,0.047188888500157435,0.07127457197209892,-0.0869295229127122,7.812732226901164,-0.09639611075882477,2.670005058382161,-1.7361180243394367,0.6694201014584655,0.0,1.2004098360655737,0.0,0.16599377252212855,1.1233884060739185,-0.06382115243326453,-19.59793626237624,0.1357332546473886,-1.7001728110599077,-1.3715650966473603,-0.9088356741807944,-0.8763961913487797,0.9634146341463414,-1.7113555291319857,-0.44454163750874737,0.6247901469396726,-0.6508120298047719,-0.7443074031088466,Specialty Industrial Machinery,Industrials,AMSC
2015Q4,2015,Q4,2015-05-28,2015-03-31,-3364000.0,25129000.0,-5716000.0,-0.27776,1640000.0,0.06526324167296749,133825000.0,79893000.0,64551000.0,47232000.0,53932000.0,20596000.0,-905045000.0,77994840.0,65137840.0,6.5967302452316074,1.3666793699186992,0.05703717541565477,0.0955402851313632,-0.05617244270443411,6.5967302452316074,-0.042106317199254,3.103778104978312,-5.7962871581450655,0.9762412226352748,0.0,1.1404641677995728,0.0,0.18777507939473193,0.6429751016260162,-0.025137306183448532,-6.610852686896084,0.06526324167296749,0.6032,-1.2545391861490784,-0.8928693048551033,-0.8937770648462376,-0.4803548795944233,0.47048638438532975,0.2610213316095669,0.9328245960577481,-0.6289666242869946,-0.7951872476278657,Specialty Industrial Machinery,Industrials,AMSC
2015Q3,2015,Q3,2015-02-05,2014-12-31,-6353000.0,21250000.0,-7735000.0,-0.7,3156000.0,0.14851764705882353,156989000.0,82475000.0,86510000.0,65845000.0,74514000.0,26536000.0,-901681000.0,64927416.0,37506416.0,9.410120371955045,1.3138431164097502,0.0545388530406589,0.10381327675053047,-0.08732980533309227,9.410120371955045,-0.07702940284934828,3.055407811764706,-2.554990398237053,0.7872375386480752,0.0,0.68186614410612,0.0,0.13535980227914057,0.710167818361303,-0.04046780347667671,-6.671538840937115,0.14851764705882353,0.7741935483870969,-1.6245461901983056,-0.8658663569417974,-0.8427912178277399,3.39453717754173,0.7501081697675334,0.7070075757575758,0.8594682796477069,-0.31614913971240965,-0.738188260505948,Specialty Industrial Machinery,Industrials,AMSC
2015Q2,2015,Q2,2014-11-06,2014-09-30,-25423000.0,12455000.0,-26400000.0,-3.1,-1318000.0,-0.1058209554395825,155847000.0,81341000.0,82517000.0,66117000.0,74506000.0,24460000.0,-895328000.0,114874110.0,89517110.0,9.984043401946705,1.2480451321142823,0.05981507504154716,0.11460395126688877,-0.2919001140685446,9.984043401946705,-0.3125484073222606,9.223132075471698,-1.129627797663533,1.4122534761067604,0.0,0.5630825838103025,0.0,0.07991812482755523,0.6708108353373565,-0.1631279395817693,-18.862743842364534,-0.1058209554395825,-0.823529411764706,-4.181396883355684,-0.9094128217757564,-0.8283438499475679,-2.370843989769821,-0.8808167492786861,-1.0841556801136811,0.6929772410053807,-0.6260700008403178,-0.7560603609918788,Specialty Industrial Machinery,Industrials,AMSC
2015Q1,2015,Q1,2014-08-05,2014-06-30,-13517000.0,11696000.0,-12667000.0,-1.7,-391000.0,-0.03343023255813953,160558000.0,102462000.0,80965000.0,49857000.0,58096000.0,19408000.0,-869906000.0,126631440.0,101374440.0,13.188909484090207,1.6239444812162787,0.07079684599957647,0.11093868946536277,-0.11234481210804943,13.188909484090207,-0.13192207842907613,10.826901504787962,-2.342077384034919,1.2358868653744803,0.0,0.6227844187963726,0.0,0.07284594975024601,0.940971177567844,-0.08418764558601875,-21.859388917659246,-0.03343023255813953,0.418324157682056,-5.251609754321774,-0.9096921327741595,-0.7549322300258311,-2.5545454545454547,0.40466857520369964,0.14855145526651878,0.7658403551346459,-0.15717744698583042,-0.7425141155887095,Specialty Industrial Machinery,Industrials,AMSC
2014Q4,2014,Q4,2014-06-05,2014-03-31,-22705000.0,16287000.0,-14877000.0,-2.92259,-110000.0,-0.006753852766009701,168509000.0,112259000.0,83281000.0,47822000.0,56250000.0,20694000.0,-856389000.0,125077680.00000001,94583680.00000001,14.449979404798682,1.7414788172807494,0.07489214225946389,0.11241860340818999,-0.11975899232043441,14.449979404798682,-0.20225549844555893,7.679602136673421,-1.377204140057256,1.114188439234271,0.0,0.7923552720595342,0.0,0.09665359120284377,1.0595541800844799,-0.13474057765460598,24.79731958762887,-0.006753852766009701,-1.0875642857142858,-10.784189343038271,-0.8500677645914704,-0.7147988388420095,-1.023404255319149,-1.6975169300225734,-1.2287640449438202,0.9330752538583863,1.4037735227907249,-0.7497928989985022,Specialty Industrial Machinery,Industrials,AMSC
2014Q3,2014,Q3,2014-02-06,2013-12-31,-8417000.0,20563000.0,-6675000.0,-1.4,4700000.0,0.22856587073870543,178371000.0,111212000.0,90029000.0,57379000.0,67159000.0,25167000.0,-833684000.0,102186759.99999999,89472759.99999999,17.848464908761173,1.5690235103435055,0.12715071396135022,0.20393482717692335,-0.05170891727064708,17.848464908761173,-0.07568427867496313,4.969448037737683,-3.035130093857669,0.9188465273531633,0.0,0.6303095323240752,0.0,0.11528219273312366,0.765419404311682,-0.04718816399526829,-27.655415426251686,0.22856587073870543,0.4166666666666667,0.2522015875471695,-0.6564902692946576,-0.6535988983212332,1.9936305732484076,0.4243999179374957,0.39472252448313383,-1.4086813781797454,-0.8600725055425049,-0.8271525800591637,Specialty Industrial Machinery,Industrials,AMSC
2014Q2,2014,Q2,2013-11-12,2013-09-30,-14623000.0,24181000.0,-11028000.0,-2.4,1570000.0,0.0649270088085687,172525000.0,112858000.0,80988000.0,55045000.0,59667000.0,24474000.0,-825266000.0,143011440.0,130818440.0,18.466195431638198,1.4713052956671815,0.07925807853934212,0.12116110510553084,-0.08923676872074368,18.466195431638198,-0.1295699020007443,5.914207022042099,-2.444974355467414,1.2671803505289831,0.0,0.923878401569012,0.0,0.1401593971888132,0.638677445726224,-0.0847587306187509,-26.04944262295082,0.0649270088085687,-0.33333333333333326,-1.5141196065537608,-0.5811175925515039,-0.6508329431506373,-0.6920964895077466,-0.3909445448492343,-0.24610169491525424,-2.0895384920704503,-0.8227571274276461,-0.7420343203097972,Specialty Industrial Machinery,Industrials,AMSC
2014Q1,2014,Q1,2013-08-07,2013-06-30,-10513000.0,23086000.0,-8850000.0,-1.8,5099000.0,0.22086979121545525,194193000.0,118480000.0,99140000.0,67514000.0,75713000.0,30752000.0,-810644000.0,160908000.0,145778000.0,20.32246998284734,1.4684361762004918,0.09000324419520786,0.1475185685347738,-0.06565569909925723,20.32246998284734,-0.0887322754895341,6.969938490860262,-3.826405402834586,1.3581026333558408,0.0,0.5849050468262227,0.0,0.11888173106136679,0.6472139111887905,-0.054136863841642076,-17.11059123777116,0.22086979121545525,0.4857142857142857,-0.23170006371469307,-0.585426225496225,-0.6152531785686828,1.1931182795698925,0.4682615952657933,0.4478068259811568,-1.8896733250905797,-0.8157041921680765,-0.6784819166807199,Specialty Industrial Machinery,Industrials,AMSC
2013Q4,2013,Q4,2013-06-14,2013-03-31,-19771000.0,20419000.0,-16027000.0,-3.5,2325000.0,0.11386453793035899,216754000.0,125118000.0,120185000.0,79757000.0,91636000.0,33473000.0,-800131000.0,145400320.0,124173320.0,22.115031108597286,1.5068896773950875,0.08311726657870212,0.14399207148451862,-0.11439636098304735,22.115031108597286,-0.1580188302242683,7.1208345168715415,-1.8385554600171967,1.1621055323774356,0.0,0.5405550742389389,0.0,0.09420356717753767,0.7285504720588788,-0.09121400297111011,-30.604150705114712,0.11386453793035899,0.07894736842105259,-7.03948867857446,-0.6079987210754446,-0.5577460581846245,1.6300904977375565,0.01807797367767569,0.2225941016686069,-4.20239622610274,-0.8136536241187924,-0.6438957744149063,Specialty Industrial Machinery,Industrials,AMSC
2013Q3,2013,Q3,2013-02-11,2012-12-31,-20135000.0,17417000.0,-20616000.0,-3.8,884000.0,0.0507550094735029,225319000.0,134813000.0,127332000.0,75872000.0,90506000.0,36455000.0,-780360000.0,138315040.0,118572040.0,25.536634338536143,1.678247574862927,0.10080818750305123,0.16848523510343957,-0.1313555597190932,25.536634338536143,-0.14935503252653676,7.941381408968249,-1.7173459150732555,1.0259770200203244,0.0,0.453518035934714,0.0,0.07729929566525681,0.7220713833825391,-0.08936219315725705,-7.737471470127545,0.0507550094735029,-0.22580645161290314,-1.1333282803351818,-0.5865717377909816,-0.4680502173028047,0.8302277432712215,-0.26246159633832844,-0.3771543086172345,-4.286218014712627,-0.8174797026545657,-0.5733760008953513,Specialty Industrial Machinery,Industrials,AMSC
2013Q2,2013,Q2,2012-11-06,2012-09-30,-15949000.0,20867000.0,-14970000.0,-3.1,483000.0,0.02314659510231466,242313000.0,144783000.0,135641000.0,78974000.0,97530000.0,29674000.0,-760224000.0,212818700.0,188418700.0,27.89276976130387,1.7175399498569148,0.10208284326470309,0.17084878749576954,-0.08874828101139852,27.89276976130387,-0.1101579605340406,10.198816312838453,-3.335925449871465,1.46991497620577,0.0,0.6869313203477792,0.0,0.08611589142967979,0.8810494593157242,-0.06581982807360727,-17.16972166196047,0.02314659510231466,-0.55,-0.805348682790881,-0.27105824513464377,-0.44161766776380373,-0.9590330788804071,-0.5522141119221411,-1.4428851174934725,-4.13257609608251,-0.7617899207553666,-0.5204382354156484,Specialty Industrial Machinery,Industrials,AMSC
2013Q1,2013,Q1,2012-08-03,2012-06-30,-10275000.0,28716000.0,-6128000.0,-2.0,11790000.0,0.41057250313414123,264178000.0,156415000.0,155101000.0,84098000.0,107763000.0,26759000.0,-744275000.0,240597700.0,203674700.0,30.55517571448106,1.8442888059169065,0.08919743506272286,0.15065051305821053,-0.031486588264445815,30.55517571448106,-0.06569063069398715,8.37852416771138,-5.853958637469586,1.5382009398075633,0.0,0.6325348480884936,0.0,0.10869943750047316,0.9424005327118362,-0.03889423040525706,-20.600881924822332,0.41057250313414123,0.5163135352401865,0.2666576886314796,0.0007519889831378905,0.040324310564577824,2.3164556962025316,0.5145745736287618,0.6998873598119398,-5.904731516264718,-0.6635097393778819,-0.43224352380690434,Specialty Industrial Machinery,Industrials,AMSC
2012Q4,2012,Q4,2012-06-06,2012-03-31,-21167000.0,28627000.0,-20419000.0,-4.13491,3555000.0,0.12418346316414573,255056000.0,164879000.0,143571000.0,86323000.0,90177000.0,29256000.0,-734000000.0,210906920.0,164627920.0,32.20859135394894,1.6631836242947997,0.0,0.0,-0.12492830670999851,32.20859135394894,-0.12837899307977366,7.367412582526985,-2.490987386025417,1.2791618095694417,0.0,0.8569866010391031,0.0,0.11223809673169814,0.8176499889948218,-0.08298961796625055,-21.821719606828765,0.12418346316414573,0.2048250000000001,-0.2759302506473716,0.03338435255914551,0.1178096195774394,5.133720930232558,0.194282669102813,0.23147276901652303,-14.84276925768859,-0.6000643805164296,-0.3642947580701114,Specialty Industrial Machinery,Industrials,AMSC
2012Q3,2012,Q3,2012-02-09,2011-12-31,-26271000.0,18058000.0,-26569000.0,-5.2,-860000.0,-0.047624321630302356,275363000.0,183065000.0,151973000.0,88924000.0,92298000.0,34021000.0,-712833000.0,187942770.0,129337770.0,35.94231637641607,1.7090211866312806,0.0,0.0,-0.14559978882264749,35.94231637641607,-0.1435064048288859,10.407728984383652,-1.7885003425830766,1.0266450167973125,0.0,0.5560683107492431,0.0,0.0655788904101132,0.8842382259007692,-0.09540497452453671,-5.960382151465178,-0.047624321630302356,0.4901960784313725,-0.7811820308337258,0.236578322924042,0.23429538858147,0.2436235708003518,0.49194530932719643,0.4803129584352078,-1.8553236342226667,-0.630959745449045,-0.30243536050174114,Specialty Industrial Machinery,Industrials,AMSC
2012Q2,2012,Q2,2011-11-09,2011-09-30,-51709000.0,20800000.0,-51125000.0,-10.2,-1137000.0,-0.054663461538461536,325728000.0,208227000.0,202050000.0,114101000.0,117501000.0,31284000.0,-686561000.0,199942680.0,106431680.0,40.928335560971774,1.7707995547804138,0.0,0.0,-0.2500762009793335,40.928335560971774,-0.24832994760525773,9.612628846153846,-0.9666725328279409,0.9602149577144173,0.0,0.7012210714742361,0.0,0.06385696040868455,1.025749117010368,-0.15874901758522447,-3.811699170717758,-0.054663461538461536,-0.37837837837837823,-3.7928746377406646,0.4009991439231434,0.29042705106118677,0.8560212739014815,-0.3723559542450702,-0.3339160383019803,-9.679663219760494,-0.5671642118018021,-0.22610878226258233,Specialty Industrial Machinery,Industrials,AMSC
2012Q1,2012,Q1,2011-09-23,2011-06-30,-37679000.0,9058000.0,-38327000.0,-7.4,-7897000.0,-0.8718260101567675,393662000.0,259741000.0,266123000.0,130844000.0,133921000.0,31068000.0,-634852000.0,458409360.0,332165360.0,51.221873829103316,2.033895325731405,0.011789301481982005,0.01786779907677263,-0.14558260341504628,51.221873829103316,-0.14506373656835078,50.60823139765953,-3.0415440961808966,1.7648710061176327,0.0,0.5457383803270246,0.0,0.023009586904501833,1.2872657515820367,-0.09571408975212238,-7.333141796775019,-0.8718260101567675,0.830546355189495,-2.6254211836962082,-0.5827969666030667,0.5318408750908709,0.946768496548749,0.8298493982704509,0.834424869750041,-4.075293663073738,-0.8129882220189293,-0.03026289815474986,Specialty Industrial Machinery,Industrials,AMSC
2011Q4,2011,Q4,2011-09-23,2011-03-31,-221445000.0,-26329000.0,-231478000.0,-43.66976,-148352000.0,-5.634547457176497,441209000.0,292855000.0,319805000.0,145180000.0,148354000.0,25828000.0,-597173000.0,1261132830.0,1137349830.0,57.75207556843953,2.202817192450751,0.0,0.0,-0.7639412417462776,57.75207556843953,-0.7561591914087177,-47.89900224087508,-1.423754013411908,4.30633873418586,0.0,4.724446337308348,0.0,-0.05967466665457867,1.7711943793911007,-0.501904992871859,-73.17702390623187,5.634547457176497,-14.233260606060606,-11.991314444034302,-2.045375868806035,0.6459943917438378,-4.191463729455297,-14.83685328667833,-11.781462505822077,-99.46455466779086,-1.5639421712981214,0.154919608421109,Specialty Industrial Machinery,Industrials,AMSC
2011Q3,2011,Q3,2011-02-03,2010-12-31,16004000.0,114193000.0,21470000.0,3.3,46484000.0,0.4070652316691916,640441000.0,499971000.0,450451000.0,120296000.0,140470000.0,40841000.0,-375728000.0,1384270620.0,1215249620.0,103.26139039200298,3.7445218461129213,0.0,0.0,0.028901619941713044,103.26139039200298,0.03200985657168116,12.122202061422328,21.62382248187953,2.7687018247058326,0.0,1.6578683186014054,0.0,0.17830370010664526,3.028421560151626,0.024989030995829435,-50.30053125,0.4070652316691916,0.4999999999999998,2.4456933236744436,4.695613167851164,1.6867786005707592,0.12543883010919304,0.6023227873448138,0.3465036061461273,2.8488252704685566,1.9554768503199953,1.1510224664627837,Specialty Industrial Machinery,Industrials,AMSC
2011Q2,2011,Q2,2010-11-04,2010-09-30,9988000.0,101529000.0,15945000.0,2.2,41303000.0,0.4068098769809611,465235000.0,325578000.0,293074000.0,120877000.0,139657000.0,45241000.0,-391732000.0,1414490200.0,1361875200.0,71.58392331032057,2.4245638128014426,0.0,0.0,0.026321389355198663,71.58392331032057,0.030677748496520035,13.931883501265649,35.404740688826585,4.344550921745326,0.0,1.3312261002188281,0.0,0.21823164637226347,1.8024520793864838,0.021468720109192128,219.26681134707798,0.4068098769809611,0.10000000000000009,2.064596207698936,5.721951228287314,0.7722048765455348,0.05945876619212517,0.08920392584514722,-0.008457185498414278,2.2903054880942126,3.0477091264337832,0.43303079581887055,Specialty Industrial Machinery,Industrials,AMSC
2011Q1,2011,Q1,2010-08-05,2010-06-30,9170000.0,97209000.0,16081000.0,2.0,38985000.0,0.4010431132919791,410033000.0,285965000.0,264312000.0,107745000.0,124068000.0,41022000.0,-401719000.0,1207508980.0,1142664980.0,63.20785995314089,2.453125435054991,0.0,0.0,0.03139144073991612,63.20785995314089,0.03206686132918364,12.421781728029298,32.9200921483097,4.222576119455177,0.0,1.4193359660669884,0.0,0.23707604022115294,1.9022042786208178,0.022364053624952137,-43.28920126192013,0.4010431132919791,0.8691588785046728,2.1765902358744906,4.763706622903967,0.48875254213376235,0.17619550460099562,0.8574032813449464,0.3983478260869565,1.7405358129013004,2.8331940982581165,1.1520633342929696,Specialty Industrial Machinery,Industrials,AMSC
2010Q4,2010,Q4,2010-05-27,2010-03-31,4937000.0,87624000.0,11500000.0,1.07,33145000.0,0.37826394595088103,400184000.0,280965000.0,262994000.0,104289000.0,119219000.0,35858000.0,-410889000.0,1307493800.0,1219899800.0,62.10269218867424,2.5217808206042824,0.0,0.0,0.01738862507236066,62.10269218867424,0.017571583649208977,14.921640189902309,66.2089224225238,4.653582474685459,0.0,1.5192983434658933,0.0,0.2189592787317834,2.0134338233178957,0.012336825060472182,39.20286039817702,0.37826394595088103,-0.027272727272727296,1.4373776744262377,3.932043243023593,0.4163922663274978,0.09697170279662419,-0.046727167406835295,0.10153256704980843,1.3367305886614118,2.5789937162307566,1.1552940942772911,Specialty Industrial Machinery,Industrials,AMSC
2010Q3,2010,Q3,2010-02-03,2009-12-31,5179000.0,80659000.0,10440000.0,1.1,30215000.0,0.37460171834513195,364909000.0,267102000.0,225957000.0,84880000.0,97807000.0,36100000.0,-415826000.0,1825080700.0,1784697700.0,59.85747260381417,2.6620758718190385,0.0,0.0,0.018694808578707856,59.85747260381417,0.019389596483740293,22.627117866574096,88.10005309905388,6.832897919146993,0.0,1.3973407202216066,0.0,0.2210386699149651,2.073421300659755,0.01419257951982549,-63.3005237236404,0.37460171834513195,0.10000000000000009,2.3128073636741244,1.1668745182573,0.5663225784359629,0.04064060616497331,0.1933179723502304,0.010648596321393998,1.4007911327970402,5.30442244514046,1.0555659694628872,Specialty Industrial Machinery,Industrials,AMSC
2010Q2,2010,Q2,2009-11-05,2009-09-30,4340000.0,74672000.0,10330000.0,1.0,29035000.0,0.3888338332976216,343704000.0,257354000.0,216763000.0,76076000.0,86350000.0,29187000.0,-421005000.0,1484044380.0,1397292380.0,58.16303930209958,2.8492954414007046,0.0,0.0,0.018054140664660823,58.16303930209958,0.016863930616971175,19.87417479108635,85.48642741935483,5.766548722770969,0.0,1.5636070853462158,0.0,0.21725670926145754,2.233726799516273,0.01262714428694458,43.30700303490136,0.3888338332976216,1.4999999999999998,1.6667728872363738,3.914509558352281,0.4980303173899763,0.2857016339724572,1.421875,0.6163354717571585,1.462539459472387,4.783109916649253,0.8338189974902123,Specialty Industrial Machinery,Industrials,AMSC
2010Q1,2010,Q1,2009-08-06,2009-06-30,1792000.0,73000000.0,6391000.0,0.4,22583000.0,0.30935616438356167,313695000.0,235661000.0,208852000.0,69792000.0,78034000.0,31389000.0,-425345000.0,1149461250.0,1082678250.0,53.81739706318938,2.992491976157726,0.0,0.0,0.010433250202796472,53.81739706318938,0.00760414323965357,15.746044520547946,160.360107421875,4.877604907048685,0.0,1.6061996240721272,0.0,0.23271011651444876,2.2902051811095827,0.005712555188957427,-71.10802660068049,0.30935616438356167,0.37931034482758635,1.2293862423584843,2.653658485993496,0.3382671561701434,0.13045001752014818,0.37003058103975534,0.5815392229646127,1.1996719797715911,2.8936599493985735,0.6094625684222468,Specialty Industrial Machinery,Industrials,AMSC
2009Q4,2009,Q4,2009-05-28,2009-03-31,1308000.0,61229000.0,4041000.0,0.29,19977000.0,0.326266965000245,309106000.0,221861000.0,212506000.0,81319000.0,87245000.0,35129000.0,-427137000.0,757987590.0,687313590.0,50.66592066500719,2.613239218386847,0.0,0.0,0.0053214322082913434,50.66592066500719,0.005895583270606371,12.379552009668622,144.87530389908258,3.4164976719657805,0.0,1.1743004355375901,0.0,0.1980841523619729,1.9679533688313924,0.004231558106280693,-241.09020038167938,0.326266965000245,1.161111111111111,1.1831351319215881,2.3316860522542315,0.21668876757144057,1.087460815047022,1.16829644879053,1.7044979079497908,1.0888617739017392,1.8152391381220936,0.4440315858139369,Specialty Industrial Machinery,Industrials,AMSC
2009Q3,2009,Q3,2009-02-05,2008-12-31,-7772000.0,41334000.0,-5736000.0,-1.8,9570000.0,0.23152852373348817,286424000.0,221683000.0,189509000.0,60015000.0,64741000.0,22333000.0,-428445000.0,701721440.0,646133440.0,51.52542766827817,3.1576939098558694,0.0,0.0,-0.0368178012288084,51.52542766827817,-0.03505907083538205,16.976857792616247,-22.57209984559959,3.165427389560769,0.0,1.4222898849236556,0.0,0.14431053263692986,2.562109472631842,-0.027134597659414016,-107.31326502523322,0.23152852373348817,-0.8,0.2635757295751741,1.0752742570844622,0.1581638712840755,-0.10602522185894442,-0.9105211406096362,-0.5043273013375295,0.20991014409007405,1.3200882209073743,0.34065032359962794,Specialty Industrial Machinery,Industrials,AMSC
2009Q2,2009,Q2,2008-11-07,2008-09-30,-4068000.0,40375000.0,-3813000.0,-1.0,10705000.0,0.2651393188854489,276181000.0,226063000.0,180242000.0,45396000.0,50118000.0,15586000.0,-420673000.0,1007499650.0,951705650.0,52.886419464264826,3.9704379240461716,0.0,0.0,-0.02710978776972751,52.886419464264826,-0.017994983699234284,24.953551702786378,-61.9161535152409,4.45672069290419,0.0,1.9036314641344796,0.0,0.14619036066927124,3.3375407524892062,-0.014729470890466759,-600.05935080405,0.2651393188854489,0.3333333333333333,0.7226251802744769,1.1006470248995923,0.5481349142480544,-0.07882282075552878,0.3334425692282484,-0.4185267857142857,0.5386382796679345,1.8442778302628946,0.30931033314976164,Specialty Industrial Machinery,Industrials,AMSC
2009Q1,2009,Q1,2008-08-07,2008-06-30,-6103000.0,39817000.0,-2688000.0,-1.5,11621000.0,0.29186026069266896,275108000.0,220187000.0,182007000.0,50332000.0,54921000.0,12033000.0,-416605000.0,1494443100.0,1424873100.0,52.82037134769467,3.616128904076929,0.0,0.0,-0.01699457915980441,52.82037134769467,-0.02771734934396672,37.532790014315495,-61.21756103555629,6.787154100832474,0.0,2.343222803955788,0.0,0.14473225060703432,2.9983509496940317,-0.02218401500501621,1165.7122464898596,0.29186026069266896,-2.4508143921965586,0.6260615784470112,1.62841196466619,0.4154587374216623,-0.0881914476265202,-2.368101545253863,0.04714640198511166,0.1501332359579707,1.5622145767559197,0.24409309504588314,Specialty Industrial Machinery,Industrials,AMSC
2008Q4,2008,Q4,2008-05-29,2008-03-31,-1812000.0,38380000.0,-2821000.0,-0.43468,12745000.0,0.3320739968733715,261234000.0,208452000.0,173319000.0,48985000.0,52782000.0,10907000.0,-410502000.0,966698340.0,898864340.0,50.00527755121624,3.538205573134633,0.0,0.0,-0.029473511887628808,50.00527755121624,-0.008692648667319095,25.187554455445543,-133.37449503311257,4.637510506015773,0.0,2.3503254790501513,0.0,0.14691808876333096,2.9262018985403695,-0.006936309974964974,-310.436204238921,0.3320739968733715,0.7585111111111111,0.9828085205726705,0.7980164732017065,0.2153423780012081,0.2635074848815307,0.7520864687371733,0.54130081300813,0.8257778983261734,1.3445545548940123,0.14048338168533633,Specialty Industrial Machinery,Industrials,AMSC
2008Q3,2008,Q3,2008-02-07,2007-12-31,-7309000.0,32624000.0,-6150000.0,-1.8,10087000.0,0.3091895537027955,233625000.0,196257000.0,153024000.0,33375000.0,37368000.0,8137000.0,-408690000.0,1117713880.0,1046382880.0,48.005723790421214,4.584988764044944,0.0,0.0,-0.03693568777799399,48.005723790421214,-0.03724198372542126,34.26047940166748,-38.23073881515939,5.695154211059987,0.0,2.7696939904141575,0.0,0.13964258962011772,4.005902621722846,-0.03128517924023542,-122.02116593886463,0.3091895537027955,-0.05882352941176476,0.7023728785218437,5.09059730961194,-0.2875351847901846,0.795159281010856,-0.09530945601678406,0.14452635971623312,-1.0222725438559657,-0.04336829981252321,0.256191512875635,Specialty Industrial Machinery,Industrials,AMSC
2008Q2,2008,Q2,2007-11-09,2007-09-30,-6673000.0,21623000.0,-7189000.0,-1.7,5619000.0,0.25986218378578363,232237000.0,195855000.0,154015000.0,32041000.0,36382000.0,8458000.0,-401380000.0,809253120.0,722114120.0,49.95281575188737,4.80681002465591,0.0,0.0,-0.03991807541812539,49.95281575188737,-0.03407112404585025,37.42557091985386,-30.31818971976622,4.131899211151107,0.0,1.8921730905651455,0.0,0.09310747210823427,4.3988015355325985,-0.028733578198133804,-151.57391271773741,0.25986218378578363,0.3703703703703704,0.6575037315582712,1.5326187175553165,-0.32317198204280656,0.568676716917923,0.30871231741427535,0.17651775486827034,-0.15696033014721855,0.6060072063780243,0.28657018844305115,Specialty Industrial Machinery,Industrials,AMSC
2008Q1,2008,Q1,2007-08-09,2007-06-30,-9653000.0,19769000.0,-8730000.0,-2.7,3582000.0,0.1811927765693763,135420000.0,103585000.0,61126000.0,28505000.0,31835000.0,6629000.0,-394708000.0,679614360.0,664472360.0,29.370817738459795,2.1443957200491144,0.0,0.0,-0.0865653798039579,29.370817738459795,-0.09318916831587586,34.37778137487986,-17.601117787216406,6.560934112081864,0.0,2.4418464323427362,0.0,0.14598286811401565,1.8114015085072794,-0.0712819376753803,-67.47561159650516,0.1811927765693763,0.1668466689295522,0.4809826954150395,3.0247623219683524,-0.6269785355745578,3.0636479351631474,0.1554162683118186,0.23461691787685013,-0.5341783977984851,0.228496680206828,-0.26964136368228137,Specialty Industrial Machinery,Industrials,AMSC
2007Q4,2007,Q4,2007-06-14,2007-03-31,-11429299.0,19085396.0,-11406053.0,-3.2407,881474.0,0.04618578519408243,132433396.0,101621294.0,62249376.0,27307105.0,30812102.0,6852835.0,-385054674.0,475059959.99999994,459135143.99999994,28.814022343200634,2.2796036416163488,0.0,0.0,,28.814022343200634,-0.11246952828606965,24.891281270768495,-10.391275090449552,4.674807230854588,0.0,2.6564074576434424,0.0,0.14411316613824507,1.9546960397303192,-0.08630224207193177,-52.75801409693899,0.04618578519408243,-0.11748275862068966,0.7618207449712326,2.4711383391304667,-0.6563199444026583,1.4408774194580973,-0.19724921668596385,-0.11707949414534953,-0.9868620348805635,0.28941368420498154,-0.30806157524859507,Specialty Industrial Machinery,Industrials,AMSC
2007Q3,2007,Q3,2007-02-09,2006-12-31,-9546299.0,9451805.0,-10210601.0,-2.9,-1999363.0,-0.211532400425104,118069665.0,95995958.0,63729428.0,22073707.0,22073707.0,9787444.0,-373625375.0,,,,,,,,,,,,,,,,,,,,,,,,,,,,,,,Specialty Industrial Machinery,Industrials,AMSC
2007Q2,2007,Q2,2006-11-09,2006-09-30,-6976351.0,9600276.0,-7476788.0,-2.1,480357.0,0.05003574897221705,125218423.0,104342644.0,73338391.0,20875779.0,20875779.0,10023029.0,-364079076.0,,,,,,,,,,,,,,,,,,,,,,,,,,,,,,,Specialty Industrial Machinery,Industrials,AMSC
2007Q1,2007,Q1,2006-08-09,2006-06-30,-6723444.0,14045453.0,-7438263.0,-2.0,120439.0,0.008574945927340328,130928228.0,109692705.0,80164927.0,21235523.0,21235523.0,7815522.0,-357102725.0,,,,,,,,,,,,,,,,,,,,,,,,,,,,,,,Specialty Industrial Machinery,Industrials,AMSC
