Quarters,Year,Quarter,FillingDate,Date,NetIncome,Revenue,OperatingIncome,EPSDiluted,GrossProfit,GrossProfitRatio,TotalAssets,CommonStockEquity,CurrentAssets,CurrentLiability,TotalLiability,Inventory,RetainedEarnings,MarketCap,EnterpriseValue,bookValuePerShare,currentRatio,debtToAssets,debtToEquity,roic,shareholdersEquityPerShare,roe,priceToSalesRatio,peRatio,pbRatio,payoutRatio,inventoryTurnover,dividendYield,assetTurnover,quickRatio,returnOnAssets,priceToFreeCashFlowsRatio,grossProfitMargin,epsdilutedGrowth,fiveYNetIncomeGrowthPerShare,fiveYRevenueGrowthPerShare,fiveYShareholdersEquityGrowthPerShare,grossProfitGrowth,netIncomeGrowth,operatingIncomeGrowth,threeYNetIncomeGrowthPerShare,threeYRevenueGrowthPerShare,threeYShareholdersEquityGrowthPerShare,Industry,Sector,Symbol
2023Q1,2023,Q1,2023-05-09,2023-03-31,18978000.0,532867000.0,-363439000.0,0.05,241948000.0,0.4540495095,4484271000.0,728166000.0,3049380000.0,2369613000.0,3683253000.0,0.0,-1122827000.0,1962400600.0000002,2592460600.0,1.9406374926709664,1.286868362048993,0.2505548839488068,1.5429943172298624,-0.12503545823292334,1.9406374926709664,0.026062738441509217,3.6827212043530566,25.8509932553483,2.6949907026694464,0.9485720307724734,0.0,0.009173458263312801,0.1188302401884275,1.2799372724575702,0.004232126024497627,197.2261909547739,0.454049509539904,5.8493150684931505,-0.8402524091061023,-0.5185159252899564,-0.3197138752283694,0.03451401597427697,4.274596998332407,-10.233010695323019,-0.13906942845084072,-0.15709328530313893,0.052980419666893964,Capital Markets,Financial Services,BGCP
2022Q4,2022,Q4,2023-04-28,2022-12-31,3598000.0,436515000.0,39363000.0,0.0073,233876000.0,0.5357799847,3074971000.0,669645000.0,1671217000.0,1100246000.0,2341763000.0,0.0,-1138066000.0,1399325980.0,1965470980.0,1.804126905440575,1.518948489701394,0.3418354189356583,1.5696884169970655,0.04680593358630343,1.804126905440575,0.005372996139745686,3.2056767350491966,97.2294316286826,2.089653443242315,2.0425236242356863,0.0,0.0052518141627013884,0.14195743634655417,1.5034783130318128,0.001170092335830159,18.614494107005083,0.5357799846511575,-0.5575757575757575,1.0178832309904877,-0.5908182165629766,-0.17214105199924673,0.2020826587307706,-0.5625531914893617,1.6088944856839873,1.1282806111131969,-0.2823580334207559,-0.07552918304951006,Capital Markets,Financial Services,BGCP
2022Q3,2022,Q3,2022-11-08,2022-09-30,8225000.0,416567000.0,15088000.0,0.0165,194559000.0,0.4670533192,4671086000.0,652019000.0,3299068000.0,2711706000.0,3959742000.0,0.0,-1136566000.0,1165279120.0,1744930120.0,1.7569521540899145,1.2166023897870935,0.22542830510934717,1.6149759439525535,0.003823123347849381,1.7569521540899145,0.012614663069634473,2.7973390114915486,35.418818237082064,1.7871858335416608,1.4972644376899695,0.0,0.010568283416937907,0.08917990377398317,1.2119864764100532,0.001760832491630426,18.689620042021524,0.4670533191539416,-0.5875,-0.9421981959215391,-0.5892137565068255,-0.25985721268209017,-0.04456994131657132,-0.44282617531499796,-0.44190863695209914,3.173378342990485,-0.19562926589707394,-0.15808375747657316,Capital Markets,Financial Services,BGCP
2022Q2,2022,Q2,2022-08-08,2022-06-30,14762000.0,435756000.0,27035000.0,0.04,203635000.0,0.4673142768,4886889000.0,670786000.0,3528741000.0,2900425000.0,4156196000.0,0.0,-1138628000.0,1265815810.0,1825088810.0,1.7858434079757624,1.2166289423101786,0.2160396931462941,1.5739177621476894,0.008137415036137293,1.7858434079757624,0.022007018631873654,2.9048729334765326,21.43706493022626,1.887063549328698,0.9141037799756131,0.0,0.010660318739422286,0.08916838504005309,1.2122668229656,0.0030207356868551753,25.29911280329376,0.46731427679710663,-0.3453355155482815,-0.48212401632548585,-0.5283047943189609,-0.3878859407786194,-0.09947021156159343,-0.5191687567180222,-0.3447966652125442,-0.014593982999104829,-0.2257202555673663,-0.2047123504062777,Capital Markets,Financial Services,BGCP
2022Q1,2022,Q1,2022-05-09,2022-03-31,30701000.0,506464000.0,41262000.0,0.0611,226128000.0,0.4464838567,4941282000.0,675808000.0,3585277000.0,2925224000.0,4205618000.0,0.0,-1149657000.0,1620621200.0000002,2175088200.0,1.834824325388314,1.225641865375096,0.21526255736871525,1.5739278019792604,0.016055698725093534,1.834824325388314,0.04542858326625314,3.1998744234535925,13.196811178788964,2.398049741938539,0.3445490374906355,0.0,0.006527126758554065,0.10249647763475146,1.2207260025215163,0.0062131649235967505,-73.81558642678206,0.44648385670057494,-0.6405882352941177,0.29685917891192853,-0.4240644772998057,-0.38454437543855496,127.11784702549575,-0.6542407622222473,1.2148279273181652,-0.5440766763395277,-0.1287109258978027,-0.2086113818622356,Capital Markets,Financial Services,BGCP
2021Q4,2021,Q4,2022-02-28,2021-12-31,88793000.0,461591000.0,-192070000.0,0.17,1765000.0,0.0038237314,3342166000.0,619752000.0,2045406000.0,1192646000.0,2678851000.0,0.0,-1171919000.0,1722713400.0000002,2394735400.0,1.6728533022382017,1.7150151847237152,0.36671428049953236,1.977597490609147,-0.08081656043246223,1.6728533022382017,0.14327182485897585,3.7321208602420763,4.850363767414098,2.7796818727490997,0.14521414976405797,0.0,0.007484704072076063,0.13811133259090064,1.6766425242695653,0.026567501434698337,17.6639638254022,0.0038237313985757956,5.722222222222223,2.9713609275685733,-0.4591213772270749,-0.4439480555325241,-0.9909282949820365,7.3691987662291085,-47.13784461152882,1.3854972804373702,-0.04558193889570818,-0.27853598056894274,Capital Markets,Financial Services,BGCP
2021Q3,2021,Q3,2021-11-08,2021-09-30,-13941000.0,473747000.0,-3990000.0,-0.036,194561000.0,0.4106854503,5415607000.0,630904000.0,4029185000.0,3180595000.0,4730442000.0,0.0,-1244718000.0,2016900410.0,2925275410.0,1.6297333391885225,1.2668022807053396,0.25097925311050084,2.1543768941075028,-0.0013546514960507314,1.6297333391885225,-0.022096864182189365,4.257336531946376,-36.168503156158096,3.1968420076588515,-0.8631375080697224,0.0,0.005966085355696864,0.0874780980229917,0.9455274877813742,-0.0025742266748676555,20.610059370529328,0.4106854502508723,-1.7199999999999998,-1.1647938334324273,-0.45151806968458263,-0.48958091579458746,-0.1285569037413275,-1.7672959436402664,-1.0988553590010406,-1.0727615213057227,-0.5631522019784477,-0.47723528211659116,Capital Markets,Financial Services,BGCP
2021Q2,2021,Q2,2021-08-06,2021-06-30,18169000.0,512450000.0,40362000.0,0.05,223263000.0,0.4356776271,5133479000.0,722910000.0,3721841000.0,2887717000.0,4344134000.0,0.0,-1211870000.0,2182394340.0,3011337340.0,1.8781663904058696,1.2888524048582324,0.2433525100618898,1.7280781840063077,0.021591799870650633,1.8781663904058696,0.02513314243820116,4.258745906917748,30.029092685343166,3.018901855002697,1.0343442126699323,0.0,0.00861118435635239,0.09982508937895723,0.9130454958017008,0.0035393151506025447,15.908867408751941,0.43567762708556934,-0.5454545454545454,-0.17149608589898205,-0.41084920842486616,-0.38756471281142146,-0.054747368688451016,-0.6927019027484144,-0.5608864519076994,-0.6967003529517912,-0.5285795933730595,-0.366729196349455,Capital Markets,Financial Services,BGCP
2021Q1,2021,Q1,2021-05-07,2021-03-31,59125000.0,567576000.0,91917000.0,0.11,236194000.0,0.4161451506,5570665000.0,792732000.0,3991953000.0,3161257000.0,4700243000.0,0.0,-1226187000.0,1807955940.0,2550470940.0,2.117803578775266,1.262773953525449,0.2363988859498821,1.6612158964189663,0.034781902478082716,2.117803578775266,0.07458384422478215,3.185398854074168,7.64463399577167,2.280664764384433,0.3982579281183932,0.0,0.013024100576256298,0.10188657907090087,1.181315217332852,0.010613634099340024,57.71238675902576,0.4161451506053815,2.388888888888889,2.166017099543204,-0.31982109437095924,-0.3216213540878033,0.1715855993492128,3.0445036135412704,14.485475352112676,-0.5011151722388218,-0.4859180068513311,-0.25760870071122144,Capital Markets,Financial Services,BGCP
2020Q4,2020,Q4,2021-03-01,2020-12-31,-28919000.0,479426000.0,-6816000.0,-0.0792,201602000.0,0.420507023,3949300000.0,748939000.0,2450459000.0,1364991000.0,3141071000.0,0.0,-1265504000.0,1461036000.0,2377381000.0,2.05043270665473,1.7952198952227525,0.3823439596890588,2.016173546844269,-0.002800257047680271,2.05043270665473,-0.03861329160318798,3.04746926532979,-12.630415989487881,1.950807742686654,-0.1253846951830976,0.0,0.002481800585338075,0.12139518395665054,1.5691407489133629,-0.007322563492264452,9.901032772220868,0.4205070229816489,-2.584,-1.1166573336208905,-0.6777113744819165,-0.1996478014755539,0.05963543856698343,-2.4921314689644496,-1.1413961207343637,0.8539354853933439,-0.5433164976237436,-0.059118813450103065,Capital Markets,Financial Services,BGCP
2020Q3,2020,Q3,2020-11-06,2020-09-30,19381000.0,455039000.0,48205000.0,0.05,190256000.0,0.418109217,4594285000.0,729448000.0,3039594000.0,2233397000.0,3791660000.0,0.0,-1237657000.0,871785600.0,1703607600.0,2.0081487925471584,1.360973440906386,0.2882113321224086,1.815242484728178,0.020384557221562707,2.0081487925471584,0.026569405906932367,1.9158480921415526,11.245364016304627,1.1951305644816355,1.23765543573603,0.0,0.027514792627912184,0.0990445738564325,1.2516198418821194,0.004218501899642708,18.478646826910847,0.4181092170121682,-0.3093922651933702,-0.7533309788059888,-0.5170771794862102,-0.039797069177279445,-0.12298962371564094,-0.5100735610101368,-0.26580562620893433,-0.8608498958714551,-0.5415610425371888,-0.15403681243963765,Capital Markets,Financial Services,BGCP
2020Q2,2020,Q2,2020-08-07,2020-06-30,39559000.0,519088000.0,65657000.0,0.0724,216937000.0,0.417919505,4502354000.0,697758000.0,2963334000.0,2187378000.0,3739676000.0,0.0,-1253434000.0,988082360.0000001,1819153360.0,1.934916558979962,1.3547425273546685,0.28754402696900333,1.855406888921374,0.02704621362700509,1.934916558979962,0.05669444133926089,1.9034968252011222,6.244358805834324,1.4160817360746851,0.42278621805404587,0.0,0.016926726634407276,0.11529257806027692,1.2525900873100122,0.00878629268156169,8.528906612804379,0.4179195049779613,0.8516624040920716,0.7887141111256578,-0.4466679572285649,-0.13336198094562338,-0.0717525437943399,0.8808957778623051,0.3948207002039429,0.44551933981796127,-0.41472886287996047,-0.33678976337887007,Capital Markets,Financial Services,BGCP
2020Q1,2020,Q1,2020-05-08,2020-03-31,21032000.0,603167000.0,47072000.0,0.0391,233706000.0,0.3874648315,5728159000.0,659794000.0,4183160000.0,3378117000.0,5012203000.0,0.0,-1277956000.0,902162520.0,1822699520.0,1.8429948519696873,1.2383111656582646,0.24013876011472446,2.0848219292688324,0.016356598963439238,1.8429948519696873,0.03187661603470174,1.4957093474941434,10.723689140357552,1.3673396848107136,3.7662133891213387,0.0,0.08780125337062329,0.10529857847870494,1.1784121153885434,0.003671685789448233,-9.896907718636184,0.3874648314645861,1.5171957671957672,-0.5026208917829689,-0.28148615600757454,0.03731125948623181,-0.1810651136387528,1.7919867449917157,6.342412892974691,-0.08595943260725562,-0.29432057128636724,-0.3818037334759678,Capital Markets,Financial Services,BGCP
2019Q4,2019,Q4,2020-02-28,2019-12-31,-26556000.0,575909000.0,-8811000.0,-0.0756,285378000.0,0.4955262029,3916120000.0,685826000.0,2409898000.0,1563448000.0,3172383000.0,0.0,-1241754000.0,2087500140.0000002,3021070140.0,1.951523912233127,1.5413995220819625,0.34446058854171985,1.9668968513879614,-0.00430462959389684,1.951523912233127,-0.03872119167252335,3.62470484052168,-19.651869069136918,3.0437751557975345,-6.592709745443591,0.0,0.0838687368902404,0.14706112172252128,1.374344397766987,-0.006781201801783398,27.25694173869898,0.49552620292442034,-6.411764705882352,0.5439190070622252,-0.2239388264459061,0.07909868466035382,-0.4090635191799969,-6.525077925758005,-1.3670638226962173,-2.2521123518588326,-0.2885959048939819,-0.3513186932648987,Capital Markets,Financial Services,BGCP
2019Q3,2019,Q3,2019-11-08,2019-09-30,-3529000.0,482925000.0,24004000.0,-0.0102,482925000.0,1.0,6548057000.0,722175000.0,413951000.0,4720384000.0,5748518000.0,0.0,-1176741000.0,1903330000.0,2599680000.0,2.0868491013119113,0.08769434859536851,0.1695619021031735,1.5374403711011875,0.003834209289102678,2.0868491013119113,-0.004886627202547859,3.9412538178806233,-134.83493907622557,2.6355523245750683,-11.911589685463303,0.0,0.022085502776712392,0.07375088518624685,0.9527824431232713,-0.0005389384973282914,36.64760474430068,1.0,-1.2451923076923077,-1.2019445124027077,-0.26692039641539933,0.06886730563983212,-0.05556044471823755,-1.2592755859231504,-0.5501667853528728,-1.046665294943274,-0.3745524904779667,-0.34641601693140633,Capital Markets,Financial Services,BGCP
2019Q2,2019,Q2,2019-08-08,2019-06-30,13611000.0,511335000.0,53362000.0,0.0416,511335000.0,1.0,5391818000.0,766337000.0,399429000.0,3563260000.0,4540372000.0,0.0,-1124860000.0,1781439840.0,2449450840.0,2.245531423615181,0.11209650713111027,0.19797404140866773,1.3929119956363845,0.017230281597229762,2.245531423615181,0.017761115540552003,3.483899674381765,32.72059069869958,2.3246167678188576,3.054073910807435,0.0,0.023334495539293655,0.09483535979886562,0.941584672462857,0.0025243804594294542,18.91345953349117,1.0,-0.7552941176470589,-0.22182929788695077,-0.17436639506854545,0.192493956036783,-0.04255498425276466,-0.7799993534622098,-0.5158372272376718,-0.2999918704962052,-0.3369748558216545,-0.2677737769465928,Capital Markets,Financial Services,BGCP
2019Q1,2019,Q1,2019-05-10,2019-03-31,61868000.0,534062000.0,110215000.0,0.17,534062000.0,1.0,5044876000.0,784583000.0,331668000.0,3252062000.0,4166230000.0,0.0,-1090585000.0,1867984559.9999998,2549680560.0,2.3184871292512184,0.10198698548797655,0.20086995200674904,1.2915956629190284,0.0456458675433824,2.3184871292512184,0.0788546272351045,3.497692327857065,7.548266308915756,2.3808629042434,0.7666968384302062,0.0,0.025393143506496654,0.10586226499917936,0.9328884258664195,0.01226353234450163,-23.597581606872154,1.0,1.4146341463414633,4.036502632658695,-0.1806903857903603,0.1401038480190557,1.5808759549623237,1.3002892810685927,1.468354269007836,2.664499666522225,-0.2920585824789532,-0.2573380387732364,Capital Markets,Financial Services,BGCP
2018Q4,2018,Q4,2019-03-01,2018-12-31,-206028000.0,432601000.0,-235324000.0,-0.41,-919408000.0,1.0,3432757000.0,768373000.0,336535000.0,1900836000.0,2569583000.0,0.0,-1105019000.0,1713244940.0,2128674940.0,2.318692626636329,0.17704578406553748,0.22393370693002737,1.0004385890706726,-0.13234493503381078,2.318692626636329,-0.2681353977820668,3.96033513560995,-2.0788981837420155,2.229704765784326,-0.2680121148581746,0.0,0.03223006746484248,0.126021445735891,1.0148292645972614,-0.06001823024466923,-26.1181312884932,-2.1253025305073265,-2.242424242424242,-85.06467861631221,-0.7467697436530374,0.09711079127875774,-2.000817497716776,-2.2693957018927446,-1.9318581407504791,-1.9160665646916655,-0.6794594885264648,-0.09493701724135654,Capital Markets,Financial Services,BGCP
2018Q3,2018,Q3,2018-11-08,2018-09-30,162304000.0,918657000.0,252532000.0,0.33,918657000.0,1.0,8732296000.0,1022337000.0,364399000.0,6386929000.0,6842137000.0,0.0,-798717000.0,3820407800.0,5915825800.0,3.1175274142200213,0.05705386735941483,0.28169189409062634,2.406072557287861,0.05373219522878395,3.1175274142200213,0.15875782643101052,4.158687954263669,5.884648252661672,3.7369358636144443,0.3887458103312303,0.0,0.016515252638736627,0.10520222860058798,0.6514695873400189,0.018586635175903338,-6.5052245680532215,1.0,2.3,3.283195096614915,0.47209248178735763,0.41987538803859104,0.012712691194708556,2.246729345869174,1.7055357353303549,1.2881384751589782,0.07993383600592195,0.4906559569509315,Capital Markets,Financial Services,BGCP
2018Q2,2018,Q2,2018-08-09,2018-06-30,49990000.0,907125000.0,93339000.0,0.1,907125000.0,1.0,6848673000.0,952618000.0,398469000.0,4606786000.0,5181319000.0,0.0,-860107000.0,3635972680.0,5072530680.0,2.9658186980656853,0.0864960951083901,0.2679390591432822,1.9262988942052324,0.025400167461227263,2.9658186980656853,0.05247643861442887,4.008237762160673,18.183500100020005,3.8168213071766437,1.151370274054811,0.0,0.015829876917557037,0.13245266637785158,0.6553751357236911,0.00729922424387907,5.889197194025886,1.0,-0.5,-0.793641656056754,0.07472760376106473,0.07958691944975306,-0.0005773156804006835,-0.48691894776816413,-0.4178392335903001,1.5377402267560825,0.08562632529256299,0.3283731690843904,Capital Markets,Financial Services,BGCP
2018Q1,2018,Q1,2018-05-10,2018-03-31,97431000.0,907649000.0,160332000.0,0.2,907649000.0,1.0,6777496000.0,877849000.0,362613000.0,4523704000.0,5338294000.0,0.0,-837753000.0,4138941600.0,6108767600.0,2.85267833931264,0.08015842769553445,0.3441446516530589,2.6569934009151916,0.036533284010533094,2.85267833931264,0.11098833626284248,4.560068484623462,10.620186593589308,4.714867363293687,0.5704139339635229,0.0,0.013427587381276411,0.13392099383016973,0.6070633710782137,0.014375663224294045,-4.8440684194818795,1.0,1.3703703703703702,3.87448819724405,0.1283939708415768,0.4134666429918542,0.08570584414574658,1.6179582154681416,6.406393309954141,1.6805341947116472,0.25786121600925876,0.6056015337747437,Capital Markets,Financial Services,BGCP
2017Q4,2017,Q4,2018-02-22,2017-12-31,-157666000.0,835999000.0,-29656000.0,-0.54,835999000.0,1.0,5457130000.0,633886000.0,634333000.0,4220800000.0,4317389000.0,0.0,-859009000.0,4395060810.0,5761432810.0,2.179268472965679,0.15028738627748295,0.369607284415068,3.1819522753302643,-0.028229648319275543,2.179268472965679,-0.24872926677667592,5.257256061311078,-6.968941956414192,6.933519292112461,-0.32995065518247435,0.0,0.011836468765491326,0.1531938949594384,0.546067807050796,-0.028891743462222817,9.592893303183617,1.0,-3.2500000000000004,-6.899055325355576,0.07362782088582782,0.005166819960110054,0.06115887319009364,-2.426222093570214,-1.1777692524412102,-2.2715759541601326,0.36109203615334706,0.20503045233407163,Capital Markets,Financial Services,BGCP
2017Q3,2017,Q3,2017-11-08,2017-09-30,110548000.0,787817000.0,166823000.0,0.24,787817000.0,1.0,7253369000.0,684386000.0,545981000.0,4613200000.0,6372497000.0,0.0,-686130000.0,4171816760.0,6247687760.0,2.37380162881363,0.11835190323419752,0.36146678874327226,3.8309550458367063,0.039170274475191995,2.37380162881363,0.1615287279400806,5.29541347800314,9.434401255563195,6.095707334749688,0.46662083438868185,0.0,0.012364876735381829,0.10861394201784026,0.8187394866903668,0.015240917703207985,7.8671219438603766,1.0,2.428571428571428,55.877028629350484,-0.08957914737184414,0.1390083185938712,0.11672010591460494,4.078463800073503,1.6830770715388574,6.593220259112452,0.4354613578996958,0.21584207958227192,Capital Markets,Financial Services,BGCP
2017Q2,2017,Q2,2017-08-08,2017-06-30,21768000.0,705474000.0,62176000.0,0.07,705474000.0,1.0,5180882000.0,836856000.0,462042000.0,3353100000.0,4061452000.0,0.0,-415053000.0,3625657600.0,4304502600.0,2.9175010458792356,0.1377954728460231,0.22021096021874267,1.3633014521016757,0.02000484066049916,2.9175010458792356,0.026011643580257534,5.139321364075784,41.63976479235575,4.332474882178057,2.3606210951855937,0.0,0.014172877218190707,0.1361687064094492,0.8643574602606543,0.004201601194545639,35.32230113497978,1.0,0.16666666666666682,1.4320517762754472,-0.23203221630228982,0.27826386830425753,0.04264586126017744,0.19505901729343947,0.4454492618853888,0.48069058285960936,0.35526367222311106,0.5493447686164284,Capital Markets,Financial Services,BGCP
2017Q1,2017,Q1,2017-05-10,2017-03-31,18215000.0,676619000.0,43015000.0,0.06,676619000.0,1.0,4907691000.0,844882000.0,428852000.0,3099400000.0,3766892000.0,0.0,-385435000.0,3219412640.0,3753946640.0,2.981245523096412,0.1383661353810415,0.19630127487651525,1.1402610068624968,0.01827844348342669,2.981245523096412,0.02155922365490092,4.7580878455970055,44.18628383200658,3.8104879024526497,2.477298929453747,0.0,0.014016221294329017,0.13786911197139348,0.9121652577918307,0.003711521365138922,34.08878083903348,1.0,0.5384615384615384,-0.2528485056882185,-0.17713921812891406,0.2375098056486589,0.04965800973923727,0.07857650402652772,-0.05794879656599724,0.7706309653705377,0.23947123771934106,0.4660118013549312,Capital Markets,Financial Services,BGCP
2016Q4,2016,Q4,2017-02-28,2016-12-31,16888000.0,644609000.0,45661000.0,0.039,644609000.0,1.0,3508400000.0,841863000.0,502024000.0,2208200000.0,2354662000.0,0.0,-358526000.0,2862691590.0,3308302590.0,3.0084478957092267,0.2273453491531564,0.2752727739140349,1.1471783413690826,0.013547377401804313,3.0084478957092267,0.020060271089238985,4.440973660001644,42.377599330885836,3.40042452275489,2.6336451918522026,0.0,0.015536776701817186,0.18373304070231444,0.7315179784439815,0.0048135902405655,14.261759073359073,1.0,-0.8142857142857143,0.1876711814064824,-0.11712933620974857,0.2932789775449632,0.03699407830917307,-0.7226109523340232,-0.5954477797072687,7.160100675430319,-0.5531575475537372,0.42347485538458984,Capital Markets,Financial Services,BGCP
2016Q3,2016,Q3,2016-11-09,2016-09-30,60882000.0,621613000.0,112868000.0,0.21,621613000.0,1.0,4811909000.0,889554000.0,448515000.0,2953300000.0,3624884000.0,0.0,-309544000.0,2437758750.0,2958354750.0,3.192931827236801,0.1518690955879863,0.2013984470612391,1.0894347054816234,0.04314425222066994,3.192931827236801,0.06844103899257381,3.9216662939803384,10.010178501034789,2.740428068447784,0.7294109917545416,0.0,0.01821673289040599,0.12918220190780833,1.0106396234720483,0.012652358970213277,11.632082291527494,1.0,2.5,9.638164148180833,-0.2701630204192921,0.29922460106986487,-0.003354149798382248,2.8716693163751987,1.4678692467475676,0.8911617309194071,0.17247319120079463,0.45421826813762906,Capital Markets,Financial Services,BGCP
2016Q2,2016,Q2,2016-08-08,2016-06-30,15725000.0,623705000.0,45735000.0,0.06,623705000.0,1.0,5112384000.0,846405000.0,427558000.0,3133800000.0,3959890000.0,0.0,-326018000.0,2403933870.0,3108601870.0,3.0667181165012662,0.13643436083987492,0.2214673232683617,1.3376882225412186,0.015277643759425348,3.0667181165012662,0.018578576449808308,3.854280260700171,38.21834451510334,2.840169741435838,2.7936406995230523,0.0,0.018274213175423167,0.12199885611096506,1.0525553640947094,0.0030758644108110815,-8.134672015484727,1.0,0.1999999999999999,-0.6321897617648159,-0.3017413971534876,0.23892649057902593,0.021921071689556072,0.15125558239988285,0.3222411749400098,-0.9244561047712708,-0.14003591063048562,0.11631529141469639,Capital Markets,Financial Services,BGCP
2016Q1,2016,Q1,2016-05-09,2016-03-31,13659000.0,610326000.0,34589000.0,0.05,610326000.0,1.0,4549727000.0,854703000.0,456116000.0,2856400000.0,3380260000.0,0.0,-297816000.0,2477709000.0,2860228000.0,3.1218606180144644,0.15968211735051113,0.18432644420203673,0.9812004871867772,0.01574787814300348,3.1218606180144644,0.01598098988771538,4.0596484501725305,45.34938502086536,2.898912253730243,2.7805842301779045,0.0,0.015328676612144524,0.13414563115545175,0.9717980674975494,0.00300215815146711,-11.423014683847768,1.0,-0.9166666666666666,-0.7166743315602799,-0.40561369181454027,0.1735146806412802,-0.41035918928083887,-0.9208137188971083,1.279708234609133,-0.23190300991840604,-0.14715523109217168,0.546843114704835,Capital Markets,Financial Services,BGCP
2015Q4,2015,Q4,2016-02-29,2015-12-31,172492000.0,1035081000.0,-123661000.0,0.6,1035081000.0,1.0,3991454000.0,651123000.0,461207000.0,2507300000.0,2748884000.0,0.0,-273492000.0,2493260550.0,2854276550.0,2.561913005842891,0.18394567861843417,0.21066934505571153,1.2914257367655573,-0.05674764333966021,2.561913005842891,0.26491461674675904,2.4087588797398465,3.61358867367762,3.829169834270944,0.2044906430443151,0.0,0.01414733811113323,0.25932429635917137,0.9350289155665457,0.04321532955158697,35.943035593293644,1.0,3.285714285714285,1.750187690722584,0.23191076109438835,0.05243923064476262,0.5812178243534318,2.160062288174407,-2.233329343945106,6.386099321762427,0.5213323545084808,0.18165796506619833,Capital Markets,Financial Services,BGCP
2015Q3,2015,Q3,2015-11-09,2015-09-30,54585000.0,654610000.0,100266000.0,0.14,654610000.0,1.0,4117846000.0,527768000.0,424390000.0,2749100000.0,3143052000.0,0.0,-303234000.0,2074349880.0000002,2566001880.0,2.0913795699691704,0.1543741588156124,0.22245659502565177,1.735690682269482,0.04549432993462879,2.0913795699691704,0.10342612663139865,3.168833167840394,9.500549051937346,3.930419957253945,0.6428872400842722,0.0,0.016917107542147133,0.15896903381039504,0.7759270306645811,0.013255716702373037,18.019492168836926,1.0,2.4229828850855752,0.012118766388342313,-0.2752295660924868,-0.13883426646427993,0.02765811815533005,2.634880468802024,1.8783946718723086,31.085279367413744,-0.1357368738814086,0.0034952788884364265,Capital Markets,Financial Services,BGCP
2015Q2,2015,Q2,2015-08-10,2015-06-30,15017000.0,636992000.0,34834000.0,0.0409,636992000.0,1.0,3971726000.0,546696000.0,364013000.0,2583800000.0,3245763000.0,0.0,-306513000.0,2142542500.0,2669729500.0,2.2326698303534234,0.14088280826689373,0.22438607295669438,1.6301564306305516,0.021042104757561766,2.2326698303534234,0.02746864802376458,3.3635312531397568,35.66861723380169,3.9190747691587284,2.296464007458214,0.0,0.016095830071048766,0.16038165774779026,0.7572118585029801,0.003780975827637657,48.80062181122449,1.0,-0.47225806451612906,-0.5956134752768218,-0.34540303448664844,-0.0643433121027696,0.22356104916395347,-0.4273566198901769,-0.33506404260599004,0.9654218950799199,-0.1877040487568913,-0.02178572377042745,Capital Markets,Financial Services,BGCP
2015Q1,2015,Q1,2015-05-11,2015-03-31,26224000.0,520605000.0,52387000.0,0.0775,520605000.0,1.0,5290242000.0,394462000.0,425649000.0,3904400000.0,4711346000.0,0.0,-281374000.0,2098079549.9999998,2573812550.0,1.7767037956210956,0.10901777481815388,0.1703857781931337,2.285092100126248,0.02922955390137073,1.7767037956210956,0.0664804214347643,4.030079522862823,20.00152103035387,5.318838189736907,1.0108679072605247,0.0,0.012634887938352959,0.09840854161303018,0.8555839565618277,0.0049570511141078235,-28.94262115297071,1.0,1.7045454545454546,1.8936938450591043,-0.44022585846093737,-0.18704056684625373,0.11045343435248346,1.712899279597662,2.0668798240433373,0.37305078662669294,-0.19183752502928458,-0.2624933599797335,Capital Markets,Financial Services,BGCP
2014Q4,2014,Q4,2015-03-02,2014-12-31,-36785000.0,468822000.0,-49103000.0,-0.11,468822000.0,1.0,2751127000.0,401516000.0,648277000.0,1642900000.0,2169205000.0,0.0,-268920000.0,2031473850.0,1924095850.0,1.8084758511658912,0.3945930975713677,0.20235343551933443,1.3864951832554617,-0.03179532137440116,1.8084758511658912,-0.09161527809601609,4.333145308880556,-13.806401046622266,5.059509085565706,-0.7158896289248335,0.0,0.01296300220650145,0.17041088979171082,1.091698825248037,-0.01337088400499141,21.231959134615384,1.0,-4.273809523809525,-2.9358144123181305,-0.41045261108662,-0.2576424707949869,0.11748805812190727,-4.305328421241801,-2.2547401236776206,-4.260600154825395,-0.19068518427101244,-0.22256795504207819,Capital Markets,Financial Services,BGCP
2014Q3,2014,Q3,2014-11-07,2014-09-30,11129000.0,419532000.0,39134000.0,0.0336,419532000.0,1.0,2683787000.0,430284000.0,411068000.0,1843200000.0,2042970000.0,0.0,-223901000.0,1637482840.0,1486762840.0,1.9523930522532986,0.22301866319444444,0.09700769844998877,0.6050608435358972,0.021064706312273446,1.9523930522532986,0.025864312872428442,3.9031178551338157,36.78414143229401,3.805586170994041,2.363195255638422,0.0,0.016061237014245597,0.1563209002800893,1.0464236111111112,0.004146752331686531,36.92099028206805,1.0,-0.02890173410404627,-0.14978289271724685,-0.4745662600332766,-0.23075700261100918,0.04714671166100493,-0.01643835616438356,0.538709550583887,2.996105132777395,-0.37731902646892074,-0.2055586458792115,Capital Markets,Financial Services,BGCP
2014Q2,2014,Q2,2014-08-08,2014-06-30,11315000.0,400643000.0,25433000.0,0.0346,400643000.0,1.0,2452413000.0,415722000.0,558192000.0,1627600000.0,1818737000.0,0.0,-204812000.0,1642528800.0,1343484800.0,1.8830547628753906,0.3429540427623495,0.1056706191004533,0.6233685010656159,0.028589645412197214,1.8830547628753906,0.027217707987549373,4.099731681322274,36.290958904109594,3.9510268881608384,2.308616880247459,0.0,0.015903526318686162,0.16336685541953985,1.0710579995084788,0.004613823201883207,73.1736445850225,1.0,-0.13500000000000004,-0.7244531424753688,-0.5096919501376388,-0.24658145708699342,-0.05718413999053991,0.41296203796203795,0.11274938746937346,-0.669134090784682,-0.43926336323905446,-0.23926284049903343,Capital Markets,Financial Services,BGCP
2014Q1,2014,Q1,2014-05-12,2014-03-31,8008000.0,424943000.0,22856000.0,0.04,424943000.0,1.0,3072894000.0,448623000.0,639018000.0,2216300000.0,2392851000.0,0.0,-186291000.0,1442776320.0,1061715320.0,2.0335753916449084,0.2883264900961061,0.08394594802163693,0.5749972694222097,0.030207363503777885,2.0335753916449084,0.017850177097473826,3.3952231711076544,45.04171828171828,3.2160105924127835,3.2937062937062938,0.0,0.018281420088735584,0.13828755563973244,1.0765090466092135,0.002606012442993478,-244.207230873392,1.0,6.8431372549019605,-0.7954149579173874,-0.45342789615793466,-0.5110258799604066,-0.624838658984686,3.928,0.7474006116207951,-0.793855599164759,-0.4864082170232572,-0.2355742717931028,Capital Markets,Financial Services,BGCP
2013Q4,2013,Q4,2014-02-28,2013-12-31,1625000.0,1132694000.0,13080000.0,0.0051,1132694000.0,1.0,2079363000.0,464368000.0,716919000.0,1206600000.0,1376616000.0,0.0,-167923000.0,1329306000.0,853282000.0,2.113453486255234,0.5941645947289905,0.12424766623239905,0.5563604727285256,0.022450051250124052,2.113453486255234,0.003499379802225821,1.173579095501521,204.50861538461538,2.862613272232367,15.900923076923076,0.0,0.01943796236532446,0.5447312470213234,1.1998508204873197,0.0007814893311076517,27.169725708212404,1.0,-0.9536363636363636,-0.2201424790523493,0.4319206293837391,-0.09555417632824474,1.7157455092978873,-0.9358366895680329,-0.7601408347392357,-0.9700307545146711,0.5593606828320997,-0.1317888796360037,Capital Markets,Financial Services,BGCP
2013Q3,2013,Q3,2013-11-07,2013-09-30,25326000.0,417084000.0,54532000.0,0.11,417084000.0,1.0,2948047000.0,481226000.0,757949000.0,2043800000.0,2217386000.0,0.0,-146218000.0,1236360534.0,751401534.0,2.1956345186929105,0.3708528231725218,0.09260028758021836,0.5672802383911094,0.05421149460730149,2.1956345186929105,0.05262807911459481,2.9642962424835284,12.204459192134564,2.569188975658007,1.0151227987048883,0.0,0.020794096295538984,0.14147807005790614,1.120011253547314,0.008590772128124145,36.32081474735605,1.0,-0.6764705882352942,-0.2872504712238038,-0.4782836370839723,-0.025329064779185128,-0.07591481517587316,-0.8044928207503473,1.108266508895476,-0.4593130038288756,-0.46830506602201494,-0.09590528758277925,Capital Markets,Financial Services,BGCP
2013Q2,2013,Q2,2013-08-08,2013-06-30,129540000.0,451348000.0,-503683000.0,0.34,451348000.0,1.0,3448268000.0,471850000.0,1070342000.0,2473200000.0,2689647000.0,0.0,-145835000.0,1052876540.0,256339540.0,2.7471791706936504,0.4327761604399159,0.07940363104027877,0.5802797499205256,-0.4201807538346503,2.7471791706936504,0.274536399279432,2.3327377987716793,2.0319525629149298,2.2313797605171133,0.1562065771190366,0.0,0.01921877754062219,0.130891218431978,1.135587902312793,0.03756668565204329,22.822138552911085,1.0,9.179640718562876,1.4225273711576325,-0.3531459112426433,-1.7472776771901048e-05,0.05787580129144156,11.2184493491794,-19.875135844107177,3.9730383145076145,-0.33876482214565423,0.1512748230689325,Capital Markets,Financial Services,BGCP
2013Q1,2013,Q1,2013-05-09,2013-03-31,10602000.0,426655000.0,26685000.0,0.0334,426655000.0,1.0,2500359000.0,329423000.0,338414000.0,1645500000.0,2088474000.0,0.0,-160066000.0,628416250.0,586504250.0,2.018214121611273,0.20566028562746885,0.1185837713704312,0.9000646585089687,0.03299949191936826,2.018214121611273,0.03218354516837015,1.4728908602969613,14.818342058102246,1.9076271237891707,1.84983965289568,0.0,0.031208613717420577,0.170637496455509,1.1107128532360984,0.004240191108556811,-184.12430413126282,1.0,-0.6288888888888888,8.25549610444694,2.2620889012681435,-0.5637395737123106,0.033646100584591304,-0.25169395821569734,-0.31142591732466324,1.4914519872339993,-0.3759996946441321,-0.07653362798472235,Capital Markets,Financial Services,BGCP
2012Q4,2012,Q4,2013-03-12,2012-12-31,14168000.0,412767000.0,38754000.0,0.09,412767000.0,1.0,1638939000.0,334292000.0,388409000.0,774400000.0,1211527000.0,0.0,-147452000.0,533493940.0,428762940.0,2.1680664638852316,0.5015612086776859,0.1839263084227052,0.9017385997870125,0.039068355577660085,2.1680664638852316,0.042382109054359664,1.2924820540401727,9.41371294466403,1.5958920345087528,3.507622811970638,0.0,0.0931519484551221,0.2518501298706053,1.274165805785124,0.008644617035777414,8.381153423194144,1.0,12.432835820895521,1.222346621103338,2.5579490435994074,-0.5288343658385738,-0.0625685585612184,13.325581395348838,1.8985789080029918,0.07358950437964933,-0.2526010966044687,-0.11003486043538387,Capital Markets,Financial Services,BGCP
2012Q3,2012,Q3,2012-11-08,2012-09-30,989000.0,440317000.0,13370000.0,0.0067,440317000.0,1.0,2022976000.0,305743000.0,1575843000.0,1103871000.0,1627365000.0,0.0,-143314000.0,721778760.0,855003760.0,2.084095076446971,1.42756082911862,0.2207302508779145,1.4604815155212056,0.0048663498498997485,2.084095076446971,0.0032347429049888305,1.6392252854193683,182.45165824064713,2.3607368279895207,45.58139534883721,0.0,0.06245681155815668,0.21765804438609257,1.4218663231482664,0.000488883704008352,-770.3081750266809,1.0,-0.5786163522012578,1.056643293246394,2.749914239353683,-0.5693309479684312,-0.02051217027259097,-0.7742009132420091,0.11157299634186897,-0.8864939691956424,-0.1715481607416528,-0.17886639598545653,Capital Markets,Financial Services,BGCP
2012Q2,2012,Q2,2012-08-08,2012-06-30,4380000.0,449538000.0,12028000.0,0.0159,449538000.0,1.0,1875521000.0,320375000.0,1425908000.0,929799000.0,1462450000.0,0.0,-117963000.0,823960160.0,902336160.0,2.282393423002394,1.5335658567066646,0.24111486888176673,1.4115208739758096,0.01532349652742263,2.282393423002394,0.013671478735856418,1.8329043595869536,47.029689497716895,2.5718615996878658,9.538812785388128,0.0,0.05070633512183404,0.23968699897255216,1.5335658567066646,0.002335351083778854,10.193994160439452,1.0,-0.6410835214446953,1.2489977715917013,3.1472168569061902,-0.5384453857294189,0.13818326366400732,-0.6259607173356105,-0.5455987910842464,-0.8322405628641226,-0.13473364080780623,-0.08680429214554616,Capital Markets,Financial Services,BGCP
2012Q1,2012,Q1,2012-05-08,2012-03-31,11710000.0,394961000.0,26470000.0,0.0443,394961000.0,1.0,1852847000.0,327932000.0,1399666000.0,1009345000.0,1429721000.0,0.0,-96122000.0,1007998220.0,1092397220.0,2.4090682025212304,1.3867072210195721,0.21496486218236044,1.214571923447544,0.02256834903536962,2.4090682025212304,0.035708622519302784,2.5521462119044664,21.520030315969258,3.073802556627594,4.562425277540564,0.0,0.05300207772192296,0.21316438972025212,1.3695059667408072,0.006320003756381396,-42.49750073780513,1.0,0.6908396946564884,4.061392905301835,2.5326532696901025,-0.5270722206728855,0.11203680501395111,0.6929304611825936,0.3566705960740095,-0.5151657818783051,-0.17670106902953148,-0.4207384642423552,Capital Markets,Financial Services,BGCP
2011Q4,2011,Q4,2012-03-15,2011-12-31,6917000.0,355169000.0,19511000.0,0.0262,355169000.0,1.0,1405185000.0,316654000.0,997205000.0,572302000.0,904218000.0,0.0,-80726000.0,808576560.0,634379560.0,2.32621727248685,1.7424454221722099,0.13913897458341784,0.6174436451142257,0.02434869214207722,2.32621727248685,0.02184403165600308,2.2765966624339398,29.224250397571204,2.553501803230024,6.350585513951135,0.0,0.054326333674574984,0.25275604279863506,1.7372593490849237,0.0049224835164053135,23.455358106344097,1.0,2.0355731225296445,-0.2116330788896097,1.9415665756301934,-0.5403356381675147,-0.06518483424796347,3.2000636132315523,7.587588028169014,4.358146247085157,-0.27526992119625215,-0.004502578014272773,Capital Markets,Financial Services,BGCP
2011Q3,2011,Q3,2011-11-04,2011-09-30,-3144000.0,379935000.0,2272000.0,-0.0253,379935000.0,1.0,1902003000.0,305424000.0,1561215000.0,1096873000.0,1524114000.0,0.0,-62518000.0,749402370.0,653757370.0,2.4575672478858053,1.4233325097800749,0.17700865876657398,1.1023069568861648,0.002482102569345224,2.4575672478858053,-0.010293886531510294,1.9724488925737298,-59.589883110687026,2.4536459806694957,-12.795801526717558,0.0,0.05368277658369295,0.19975520543342992,1.4202911367131839,-0.001652994238179435,22.476901412675083,1.0,-1.353846153846154,-1.5185483200433432,3.0286196942172343,-0.5085864471511365,0.042179845182385246,-1.1801822454008826,-0.9195695270461626,-1.1560429518853552,-0.16186975167900056,0.09094630616887299,Capital Markets,Financial Services,BGCP
2011Q2,2011,Q2,2011-08-08,2011-06-30,17449000.0,364558000.0,28248000.0,0.0715,364558000.0,1.0,1829408000.0,278828000.0,1502433000.0,1187400000.0,1472223000.0,0.0,-39422000.0,870738120.0,767379120.0,2.4753027236248712,1.2653132895401717,0.10194008116286798,0.6688352676201816,0.045113892656713894,2.4753027236248712,0.06257979829859268,2.3884762369773807,12.475473093013926,3.122850359361327,2.378245171643074,0.0,0.047658416516782334,0.1992764872570799,1.2653132895401717,0.009538058213367385,-11.069643020594965,1.0,-0.011065006915629446,21.657429837325953,3.166000433127897,-0.5049592008296175,-0.0012738923300723516,0.018146808262340997,-0.023709131126010922,-0.5024413817473916,-0.20334488522521801,-0.09898142079027682,Capital Markets,Financial Services,BGCP
2011Q1,2011,Q1,2011-05-10,2011-03-31,17138000.0,365023000.0,28934000.0,0.0723,365023000.0,1.0,1758881000.0,258913000.0,1362274000.0,1124841000.0,1411455000.0,0.0,-28721000.0,903185279.9999999,635095279.9999999,2.660265499455438,1.2110813883917817,0.10549889389901874,0.7166886174120264,0.04546386679447403,2.660265499455438,0.06619211858809716,2.474324302852149,13.175184969074571,3.488373623572397,2.0959855292332827,0.0,0.039771463060159704,0.20753137932583274,1.2695332051374373,0.009743694996989563,17.370283867989844,1.0,-0.277,3.3653412345118365,3.413769827242893,-0.468070118085832,0.13447498873366381,-0.2864518277958198,-0.05865894524514429,20.669678183641565,3.680551043734284,-0.42495271021872344,Capital Markets,Financial Services,BGCP
2010Q4,2010,Q4,2011-03-16,2010-12-31,24018000.0,321755000.0,30737000.0,0.1,321755000.0,1.0,1470314000.0,236917000.0,1141660000.0,856014000.0,1138458000.0,0.0,-23616000.0,808779060.0,631535060.0,2.4342621704374987,1.3336931405327483,0.12871944360184287,0.7988367234094641,0.06425256356183351,2.4342621704374987,0.10137727558596471,2.513648770026884,8.418468023982014,3.4137654115154255,1.3151386460154884,0.0,0.039055165449016445,0.21883420820314572,1.3336931405327483,0.016335286204171354,10.403507287017147,1.0,0.17096018735363,41.61360454413075,3.3782956443058465,-0.5046787264367966,-0.014538961476499378,0.2319450143619204,0.01879350348027842,1.5971498719405737,3.393843423294487,-0.47098453928667566,Capital Markets,Financial Services,BGCP
2010Q3,2010,Q3,2010-11-09,2010-09-30,19496000.0,326502000.0,30170000.0,0.0854,326502000.0,1.0,1470408000.0,221544000.0,1131678000.0,867003000.0,1142710000.0,0.0,-22125000.0,544613250.0,404737250.0,2.4285448067963826,1.3052757602914868,0.1204101174639964,0.7991730762286499,0.055951519887128084,2.4285448067963826,0.0880005777633337,1.6680242387489204,6.983653698194502,2.4582622413606323,2.2633873615100533,0.0,0.08102447011709686,0.22204857427326294,1.3052757602914868,0.013258905011398196,-81.0677657040786,1.0,0.5088339222614843,4.818981967720899,3.7076797830417667,-0.4958728719481837,-0.027411052593951813,0.5218171883537585,0.42870672917554575,2.7956547674599292,3.4716401933056797,-0.498151930984709,Capital Markets,Financial Services,BGCP
2010Q2,2010,Q2,2010-08-09,2010-06-30,12811000.0,335704000.0,21117000.0,0.0566,335704000.0,1.0,1565949000.0,201570000.0,1213229000.0,981646000.0,1251043000.0,0.0,-15610000.0,431657030.0,252372030.0,2.3862062434150557,1.2359129462148268,0.10515795852866217,0.8169469663144318,0.042158797458935734,2.3862062434150557,0.06355608473483157,1.2858262934013298,8.423562368277262,2.1414745745894725,0.9067988447427991,0.0,0.026912569916908338,0.21437735200827102,1.2748332902084865,0.008180981628392751,-22.87651862843818,1.0,1.4353846153846153,6.334135880334293,4.4410821376182525,-0.5153991613491394,-0.032974123652243545,2.1696338902583765,2.9146794813673043,2.210192828377371,4.1463230648345535,-0.5174519470877685,Capital Markets,Financial Services,BGCP
2010Q1,2010,Q1,2010-05-10,2010-03-31,-10953000.0,347151000.0,-11029000.0,-0.13,347151000.0,1.0,1921588000.0,181117000.0,1568869000.0,1352879000.0,1629782000.0,0.0,-11390000.0,506354030.0,280579030.0,2.1854765725869703,1.1596521196648037,0.08646182220122108,0.917329681918318,-0.024954590012563865,2.1854765725869703,-0.060474720760613304,1.4585987941846632,-11.557427873641926,2.795728893477697,-0.4572263306856569,0.0,0.00989031330509999,0.18065839295416083,1.1596521196648037,-0.005699973147209495,-12.528863788197452,1.0,-2.518691588785047,-6.245285994936852,4.721907412785115,-0.5546208221877943,0.16951619260661718,-2.5441985055688705,-1.6885378948682732,-8.77620831616205,4.10019595009627,-0.5709658277157553,Capital Markets,Financial Services,BGCP
2009Q4,2009,Q4,2010-03-16,2009-12-31,7093000.0,296833000.0,16018000.0,0.0856,296833000.0,1.0,1464549000.0,201889000.0,1137132000.0,859054000.0,1130471000.0,0.0,-2171000.0,382873260.0,78958260.0,2.436125155358199,1.3237025844708248,0.11442840082510042,0.8300898018217931,0.022806920927515226,2.436125155358199,0.03513316723546107,1.2898608308375417,13.494757507401665,1.8964542892381457,3.370083180600592,0.0,0.062433192644479794,0.20267877687943525,1.3237025844708248,0.004843129181748102,1.801798912915598,1.0,2.8909090909090907,11.000723012390099,3.848795430866488,-0.5209051829998074,0.02554596996258279,0.4948366701791359,0.5210331402525876,0.3278903642180946,3.0381035619521324,-0.5186176596115354,Capital Markets,Financial Services,BGCP
2009Q3,2009,Q3,2009-11-05,2009-09-30,4745000.0,289439000.0,10531000.0,0.022,289439000.0,1.0,1562856000.0,202769000.0,1255576000.0,935331000.0,1221621000.0,0.0,2689000.0,341933480.0,82189480.0,2.538070621221414,1.3423868127967533,0.10813536243902189,0.8334607361085767,0.01668657141656076,2.538070621221414,0.023401012975356194,1.181366298252827,18.01546259220232,1.6863202955086825,4.338461538461538,0.0,0.06020469244485799,0.1851987643135388,1.2920741427366356,0.003036108253095615,6.681520243864312,1.0,-0.6839080459770115,-0.4366375843582086,3.9553645937911113,-0.4905089315644881,-0.009232001533532328,-0.6767931339826987,-0.7002021237224927,6.912945276828568,3.774236297312268,-0.4924890448354103,Capital Markets,Financial Services,BGCP
2009Q2,2009,Q2,2009-08-10,2009-06-30,14681000.0,292136000.0,35127000.0,0.0696,292136000.0,1.0,2214513000.0,197271000.0,1225241000.0,1600480000.0,1873527000.0,0.0,18106000.0,299140910.0,71111910.0,2.4993475148551227,0.7655459612116365,0.06773498281563486,0.7603753212585732,0.0686707934765278,2.4993475148551227,0.07442046727598076,1.0239782498562313,5.094014542606089,1.5163957702855464,1.2995708739186704,0.0,0.06377930721678957,0.13191884626552203,0.7655459612116365,0.006629448551442236,7.123250625074413,1.0,-0.02657342657342656,0.15524881716550837,3.850888524172677,-0.5238623383792871,0.028959473643427235,0.02707429690779348,0.12040699157948456,25.804635286278025,3.764411011144009,-0.500150434389496,Capital Markets,Financial Services,BGCP
2009Q1,2009,Q1,2009-05-11,2009-03-31,14294000.0,283914000.0,31352000.0,0.0715,283914000.0,1.0,1195683000.0,335042000.0,867421000.0,583735000.0,860641000.0,0.0,10038000.0,178039810.0,-38282190.0,4.158860987326374,1.4859842222926498,0.12545131109165222,0.4477050638427421,0.0433262042165498,4.158860987326374,0.04266330788378771,0.627090633079031,3.113890618441304,0.5313954966839978,0.5883587519238841,0.0,0.04723662646011586,0.23744922358183565,1.4859842222926498,0.011954673604960513,7.784862702229995,1.0,17.81578947368421,-0.0697285820815937,3.427094265097884,-0.1821508120369811,-0.02110097436852231,17.709424083769633,0.09798977376199482,3.3986141121032327,3.1474416628435398,-0.16842043234451418,Capital Markets,Financial Services,BGCP
2008Q4,2008,Q4,2009-03-16,2008-12-31,764000.0,290034000.0,28554000.0,0.0038,290034000.0,1.0,1068341000.0,188250000.0,750109000.0,474560000.0,727139000.0,0.0,1958000.0,222348359.99999997,167418359.99999997,2.3367386204242746,1.5806410148347942,0.14040460864087403,0.796812749003984,-0.09540602736850394,2.3367386204242746,0.004058432934926959,0.7666286021638842,72.75797120418848,1.1811333864541833,9.06675392670157,0.0,0.031153816470694908,0.2714807350836484,1.2512306136210385,0.000715127473344185,1.747925507244098,1.0,-0.9441176470588236,-0.9378546675805437,3.9388727347639816,-0.5177124927704114,-0.035387163505989874,-0.9428314875785693,-0.49597542893454777,0.6376037177225738,3.7679612580788646,-0.5245227225279296,Capital Markets,Financial Services,BGCP
2008Q3,2008,Q3,2008-11-10,2008-09-30,13364000.0,300674000.0,56652000.0,0.068,300674000.0,1.0,1552643000.0,185694000.0,1200039000.0,941422000.0,1200492000.0,0.0,-1045000.0,353633280.0,351499280.0,2.2526931288819876,1.2747088978162822,0.096609458838896,0.8077805421822999,0.12442457294007889,2.2526931288819876,0.07196786110482838,1.1761352162142387,6.615408560311284,1.9043872176807006,0.0,0.0,0.0,0.19365301617950811,1.0519065838699329,0.008607258719486708,-7.217447598832582,1.0,-0.4333333333333333,-0.10019471994354943,3.6125865688423797,-0.5117840397106697,-0.015706840561491724,-0.42913284920973943,0.2657119238588887,3.414240562604252,3.797720886965477,-0.5323768726575723,Capital Markets,Financial Services,BGCP
2008Q2,2008,Q2,2008-08-11,2008-06-30,23410000.0,305472000.0,44759000.0,0.12,305472000.0,1.0,1781024000.0,206575000.0,1359936000.0,1140079000.0,1403433000.0,0.0,-5808000.0,567714700.0,701326700.0,2.747227172380775,1.1928436538169724,0.24655310652748083,2.1257025293476945,0.05050159666707212,2.747227172380775,0.11332445842914196,1.8584835926042322,6.062737078171722,2.748225583928355,0.0,0.0,0.0,0.17151481394972778,1.0355580622044613,0.013144123829886627,4.991776136463554,1.0,14.333333333333334,1.1155857938554223,4.723338514943187,-0.36327289901872933,6.500662967146295,52.45054945054945,0.5913745289056389,11.950077354550622,4.562050201923826,-0.4420815068378862,Capital Markets,Financial Services,BGCP
2008Q1,2008,Q1,2008-05-12,2008-03-31,-455000.0,40726000.0,28126000.0,-0.009,40726000.0,1.0,300977000.0,235125000.0,136062000.0,47178000.0,65852000.0,0.0,-17808000.0,381105773.4,513550773.4,4.626168224299065,2.8840137352155666,0.0,0.0,0.10672112247344444,4.626168224299065,-0.0019351408825093036,9.35780026027599,-209.3987765934066,1.6208645333333334,0.0,0.0,0.0,0.13531266508736547,2.8840137352155666,-0.0015117434222548566,-13.03861826952684,1.0,0.9780487804878049,-1.052056907026815,0.2968368725501039,0.12172518467399954,0.06498261028738789,0.9783374595315179,1.701693984981164,-1.3552901398765038,0.09453545898393145,-0.05723125747335071,Capital Markets,Financial Services,BGCP
2007Q4,2007,Q4,2008-03-17,2007-12-31,-21004000.0,38241000.0,-40083000.0,-0.41,38241000.0,1.0,283972000.0,233871000.0,165210000.0,43249000.0,50101000.0,0.0,-17282000.0,369339226.825,332596226.825,4.601495327102803,3.819972716132165,0.004606087924161537,0.005592826814782508,-0.17243102923811848,4.601495327102803,-0.08981019450893869,9.658200016343715,-4.396058213018948,1.579243372735397,0.0,0.0,0.0,0.13466468525065853,3.819972716132165,-0.0739650388066429,-18.14578101724477,1.0,-2.4166666666666665,-3.601293124265342,-0.1333240482479546,0.16053569241707424,-0.053065570522979395,-2.497751873438801,-6.233450842146494,-58.944888962721954,0.01855994659009033,-0.09505775726805388,Capital Markets,Financial Services,BGCP
2007Q3,2007,Q3,2007-11-09,2007-09-30,-6005000.0,40384000.0,7659000.0,-0.12,40384000.0,1.0,301595000.0,244162000.0,200185000.0,50364000.0,57433000.0,0.0,3722000.0,284235265.65500003,274224265.65500003,4.839203250421168,3.974763720117544,0.003746746464629719,0.0046280748027948656,0.02020258414554694,4.839203250421168,-0.02459432671750723,7.038313828620247,-11.833275006452956,1.1641257265872658,0.0,0.0,0.0,0.13390142409522704,3.974763720117544,-0.019910807539912798,-50.103166870262655,1.0,0.07692307692307698,-1.853601245796957,0.36670677714703465,0.28014231200874246,0.0366301306568781,0.05014236001265422,-0.24882306786975283,-2.128907378772957,0.09476661328380266,-0.02858068100280936,Capital Markets,Financial Services,BGCP
2007Q2,2007,Q2,2007-08-23,2007-06-30,-6322000.0,38957000.0,10196000.0,-0.13,38957000.0,1.0,294222000.0,249466000.0,190878000.0,37279000.0,44756000.0,0.0,9728000.0,280302708.96,278577708.96,4.945012686330479,5.120255371656965,0.0064543100108081656,0.007612259786904828,0.02537968188544073,4.945012686330479,-0.025342130791370366,7.195182097184074,-11.08441588737741,1.123610868655448,0.0,0.0,0.0,0.13240682205953327,5.120255371656965,-0.02148717634983108,-92.44812300791556,1.0,-7.5,-1.349893682809637,0.3867318371678201,0.3619036808087397,-0.05932776355821703,-8.376896149358226,0.6363344567485155,-1.7783358464643906,0.012078894588904085,-0.057951420056672115,Capital Markets,Financial Services,BGCP
2007Q1,2007,Q1,2007-05-10,2007-03-31,857000.0,41414000.0,6231000.0,0.02,41414000.0,1.0,297818000.0,256852000.0,194773000.0,36995000.0,40966000.0,0.0,18168000.0,308050494.475,303369494.475,5.093945223409952,5.264846600892012,0.0021892565257976347,0.0025384267983118683,0.015326987278453058,5.093945223409952,0.0033365517885786365,7.438317826701116,89.86303806155193,1.1993307214855249,0.0,0.0,0.0,0.1390580824530418,0.20386538721448844,0.002877596384368977,52.31835843665082,1.0,-0.6825396825396824,-0.840410325815177,0.5037641181177956,0.5604888071335852,-0.07403018446059251,-0.7363076923076923,-0.5476259619573108,-0.9108886774873814,0.031751971537336,0.0017355658651610182,Capital Markets,Financial Services,BGCP
