Quarters,Year,Quarter,FillingDate,Date,NetIncome,Revenue,OperatingIncome,EPSDiluted,GrossProfit,GrossProfitRatio,TotalAssets,CommonStockEquity,CurrentAssets,CurrentLiability,TotalLiability,Inventory,RetainedEarnings,MarketCap,EnterpriseValue,bookValuePerShare,currentRatio,debtToAssets,debtToEquity,roic,shareholdersEquityPerShare,roe,priceToSalesRatio,peRatio,pbRatio,payoutRatio,inventoryTurnover,dividendYield,assetTurnover,quickRatio,returnOnAssets,priceToFreeCashFlowsRatio,grossProfitMargin,epsdilutedGrowth,fiveYNetIncomeGrowthPerShare,fiveYRevenueGrowthPerShare,fiveYShareholdersEquityGrowthPerShare,grossProfitGrowth,netIncomeGrowth,operatingIncomeGrowth,threeYNetIncomeGrowthPerShare,threeYRevenueGrowthPerShare,threeYShareholdersEquityGrowthPerShare,Industry,Sector,Symbol
2023Q1,2023,Q1,2023-05-02,2023-03-31,1389000000.0,3035000000.0,1820000000.0,9.6,1530000000.0,0.5041186161,14591000000.0,10283000000.0,2629000000.0,1898000000.0,4308000000.0,1393000000.0,4553000000.0,10245781680.0,12155781680.0,76.31621914473587,1.3851422550052688,0.14563772188335275,0.2066517553243217,0.11285650695008279,76.31621914473587,0.13507731206846252,3.3758753476112027,1.8440931749460043,0.9963805971020131,0.1259899208063355,1.0804020100502512,0.01708019997552788,0.2080049345486944,0.523709167544784,0.0951956685628127,26.137198163265307,0.5041186161449753,-0.6,-0.8404455477369644,-0.9589599292474603,2.5731547900971687,-0.33391380060949066,-0.6120111731843575,-0.18312387791741472,1.0120942711205232,-0.912997336604124,1.1886722649730312,Oil & Gas E&P,Energy,CHK
2022Q4,2022,Q4,2023-02-22,2022-12-31,3580000000.0,4124000000.0,2228000000.0,24.0,2297000000.0,0.5569835112,15468000000.0,9124000000.0,2698000000.0,2704000000.0,6344000000.0,915000000.0,3399000000.0,12671531750.0,15720531750.0,67.95010240178738,0.9977810650887574,0.20552107576933024,0.34842174484875055,0.29398004047632476,67.95010240178738,0.39237176676896096,3.0726313651794372,0.8848835020949721,1.388813212406839,0.11843575418994413,1.9967213114754099,0.03346083238910718,0.2666149469873287,0.5798816568047337,0.23144556503749678,24.1823125,0.5569835111542192,2.9215686274509802,-0.63690445239505,-0.944706686083919,1.6212776499840842,1.1876190476190476,3.05436013590034,1.216915422885572,1.8014968360031351,-0.8423891016796091,-0.8483423470684214,Oil & Gas E&P,Energy,CHK
2022Q3,2022,Q3,2022-11-01,2022-09-30,883000000.0,3164000000.0,1005000000.0,6.12,1050000000.0,0.3318584071,14089000000.0,6347000000.0,2059000000.0,4238000000.0,7742000000.0,60000000.0,719000000.0,11413541500.0,14092541500.0,52.38959966983079,0.4858423784804153,0.19540066718716728,0.4337482275090594,0.10149829260660229,52.38959966983079,0.1391208444934615,3.6073140012642226,3.2314670158550394,1.7982576807940758,0.3171007927519819,35.233333333333334,0.02453226283883929,0.22457236141670808,0.4320434167059934,0.0626730073106679,14.765254204398447,0.33185840707964603,-0.25997581620314386,2.8403425505571605,-0.9389094347806416,1.2488095407517044,-0.23413566739606126,-0.28617623282134197,-0.2505592841163311,2.014413780505132,-0.8923127218775386,-0.9052837092851654,Oil & Gas E&P,Energy,CHK
2022Q2,2022,Q2,2022-08-02,2022-06-30,1237000000.0,3499000000.0,1341000000.0,8.27,1371000000.0,0.3918262361,13899000000.0,5808000000.0,2010000000.0,4241000000.0,8091000000.0,11000000.0,188000000.0,10284615400.0,13358615400.0,45.799359692147554,0.4739448243338835,0.22239010000719475,0.5321969696969697,0.14114689268997965,45.799359692147554,0.21298209366391185,2.939301343240926,2.0785398949070326,1.7707671143250687,0.24090541632983023,193.45454545454547,0.028975317832497658,0.2517447298366789,0.42937986323980193,0.08899920857615656,20.81905951417004,0.3918262360674478,2.3085443037974684,-0.9103538996735249,-0.945082936262367,1.2216728070387526,2.3454367026496565,2.619109947643979,2.6889168765743072,1.9683069538756015,-0.905233945406206,-0.9110458630651203,Oil & Gas E&P,Energy,CHK
2022Q1,2022,Q1,2022-05-06,2022-03-31,-764000000.0,656000000.0,-794000000.0,-6.32,-1019000000.0,-1.5533536585,13293000000.0,5383000000.0,1487000000.0,4392000000.0,7910000000.0,10000000.0,-233000000.0,10510035000.0,13294035000.0,44.55941393154257,0.33857012750455373,0.21086286015195968,0.5207133568642022,-0.09116355958311731,44.55941393154257,-0.14192829277354635,16.02139481707317,-3.4391475785340315,1.952449377670444,-0.27486910994764396,167.5,0.01998090396463951,0.04934928157676973,0.3192167577413479,-0.05747385842172572,20.648398821218073,-1.5533536585365855,-1.5678346810422283,-1.2046343871765006,-0.9910646633380957,1.1383510247497517,-1.6651436031331592,-1.5327754532775453,-1.5587614356087263,-1.077965079496473,-0.9826694505916428,-0.9249548557169529,Oil & Gas E&P,Energy,CHK
2021Q4,2021,Q4,2022-02-24,2021-12-31,1434000000.0,3083000000.0,1421000000.0,11.13,1532000000.0,0.4969185858,11009000000.0,5671000000.0,2103000000.0,2447000000.0,5338000000.0,0.0,825000000.0,7172043200.0,8574043200.0,51.016552716804604,0.8594196975888844,0.2095558179671178,0.40680655968964907,0.1824312328862783,51.016552716804604,0.2528654558278963,2.3263195588712295,1.2503562064156206,1.2646875683301004,0.03626220362622036,0.0,0.007250374621279471,0.2800436006903443,0.8255006129955047,0.13025706240348806,24.067259060402684,0.4969185857930587,4.170940170940171,1.0996741050662446,-0.9391371482841464,1.1549715145883757,6.006535947712418,5.156521739130435,5.204142011834319,-0.8855819229012919,-0.9588812887139043,-0.32521710796086933,Oil & Gas E&P,Energy,CHK
2021Q3,2021,Q3,2021-11-02,2021-09-30,-345000000.0,887000000.0,-338000000.0,-3.51,-306000000.0,-0.3449830891,7326000000.0,3038000000.0,1734000000.0,2510000000.0,4288000000.0,0.0,-557000000.0,6049431390.0,6470431390.0,30.930249132059334,0.6908366533864542,0.17335517335517336,0.41803818301514156,-0.07605438139371072,30.930249132059334,-0.11356155365371955,6.820103032694476,-4.383645934782609,1.9912545720868995,,0.0,,0.12107562107562107,0.6629482071713148,-0.047092547092547093,0.0,-0.34498308906426156,0.20045558086560364,0.988185270507788,-0.9845851950487395,1.1008933819295135,0.23308270676691728,0.19767441860465115,0.21395348837209302,-1.1902597204263854,-0.9830068313140227,1.8687199601905553,Oil & Gas E&P,Energy,CHK
2021Q2,2021,Q2,2021-08-10,2021-06-30,-430000000.0,691000000.0,-430000000.0,-4.39,-399000000.0,-0.5774240232,6999000000.0,3413000000.0,1354000000.0,1866000000.0,3586000000.0,0.0,-178000000.0,5084577520.0,5751577520.0,34.851068609531204,0.7256162915326902,0.18274039148449778,0.3747436273073542,-0.08942346289821007,34.851068609531204,-0.1259888661002051,7.358288740955137,-2.9561497209302328,1.489767805449751,,0.0,,0.09872838976996713,0.6891747052518756,-0.06143734819259894,0.0,-0.5774240231548481,0.0,0.9908807431143356,-0.984252356345262,4.942527136453217,0.0,0.0,0.0,-0.17390575717476958,-0.9857785067503408,1.6599921117929972,Oil & Gas E&P,Energy,CHK
2020Q4,2020,Q4,2021-03-01,2020-12-31,-416000000.0,1219000000.0,160000000.0,-42.54,222000000.0,0.1821164889,6584000000.0,-5341000000.0,1108000000.0,3094000000.0,11925000000.0,0.0,-23954000000.0,440002200.0,2114002200.0,-546.1145194274029,0.3581124757595346,0.29662818955042525,-0.3656618610747051,-0.0468861826645102,-546.1145194274029,0.07788803594832429,0.3609534044298605,-0.26442439903846154,-0.08238198839168695,0.0,0.0,0.0,0.18514580801944108,0.3312863606981254,-0.06318347509113001,88.00044,0.18211648892534865,0.6982978723404256,0.9354662997852059,-0.8986786046329699,-1.8467584807772872,6.842105263157895,0.44161073825503355,2.4414414414414414,-1.5792786651682358,-0.7756045871418122,-3.993204325813049,Oil & Gas E&P,Energy,CHK
2020Q3,2020,Q3,2020-11-09,2020-09-30,-745000000.0,959000000.0,-111000000.0,-141.0,-38000000.0,-0.039624609,6903000000.0,-4940000000.0,1072000000.0,3105000000.0,11822000000.0,0.0,-23538000000.0,440002200.0,2086002200.0,-505.11247443762784,0.34524959742351047,0.2827756048095031,-0.3951417004048583,0.06929569813370758,-505.11247443762784,0.1508097165991903,0.4588135557872784,-0.14765174496644295,-0.08906927125506073,0.0,0.0,0.0,0.13892510502679994,0.31626409017713364,-0.10792409097493844,1.160955672823219,-0.03962460896767466,-124.89285714285712,0.9455652066964929,-0.887639192550667,-1.3910434032603307,0.8637992831541219,-1.6992753623188406,0.7948243992606284,-18.234406952965234,-0.7706277687088148,-1.398888397407543,Oil & Gas E&P,Energy,CHK
2020Q2,2020,Q2,2020-08-10,2020-06-30,-276000000.0,507000000.0,-541000000.0,-1.12,-279000000.0,-0.550295858,6553000000.0,-4209000000.0,690000000.0,2389000000.0,10741000000.0,0.0,-22793000000.0,439957210.0,2286957210.0,-430.4121075774619,0.2888237756383424,0.29436899130169386,-0.45830363506771205,0.009456839562674792,-430.4121075774619,0.06557377049180328,0.8677657001972386,-0.3985119655797102,-0.1045277286766453,0.0,0.0,0.0,0.07736914390355562,0.24905818334030974,-0.04211811384098886,1.1922959620596205,-0.5502958579881657,0.9986859858039537,0.9771587786912277,-0.9434191983083312,-1.1590381866578923,-1.3902097902097903,0.9667989895344641,-2.8033333333333332,-1.2593842129689623,-0.8968084630886206,-1.0832313095966706,Oil & Gas E&P,Energy,CHK
2020Q1,2020,Q1,2020-05-11,2020-03-31,-8313000000.0,2525000000.0,300000000.0,-852.35,715000000.0,0.2831683168,7808000000.0,-3945000000.0,1818000000.0,2260000000.0,11732000000.0,0.0,-22517000000.0,438787470.0,9939787470.0,-404.4909258689634,0.804424778761062,1.2273309426229508,-2.42915082382763,0.053127277012639515,-404.4909258689634,2.1072243346007604,0.17377721584158415,-0.013195821905449297,-0.11122622813688213,-0.002646457355948514,0.0,0.05013816825717471,0.3233862704918033,0.3734513274336283,-1.0646772540983607,1.1547038684210527,0.28316831683168314,-24.626879134095013,0.24273465898003252,-0.6899829781100427,-1.1022207149408874,10.533333333333333,-24.65740740740741,2.910828025477707,-28.57971173704794,-0.573994556202942,-0.2558902633217301,Oil & Gas E&P,Energy,CHK
2019Q4,2019,Q4,2020-02-27,2019-12-31,-324000000.0,1898000000.0,-157000000.0,-33.26,-75000000.0,-0.0395152792,16193000000.0,4364000000.0,1251000000.0,2392000000.0,11792000000.0,0.0,-14220000000.0,438202600.0,9890202600.0,448.04928131416835,0.5229933110367893,0.5840795405422096,2.167277726856095,-0.010824176291845055,448.04928131416835,-0.07424381301558204,0.23087597471022128,-0.3381192901234568,0.10041306141154904,-0.06790123456790123,0.0,0.05020508778359599,0.1172111406163157,0.41638795986622074,-0.02000864571110974,1.0533716346153845,-0.03951527924130664,-3.632311977715877,-1.1715220739219714,-0.8726614755931446,-0.9125266149005056,-1.6,-4.311475409836065,-4.488888888888889,0.7429794875830835,-0.572373547972165,2.3610264127591347,Oil & Gas E&P,Energy,CHK
2019Q3,2019,Q3,2019-11-05,2019-09-30,-61000000.0,2059000000.0,45000000.0,-7.18,125000000.0,0.0607090821,16579000000.0,4696000000.0,1403000000.0,2348000000.0,11844000000.0,0.0,-13896000000.0,381965100.0,9708965100.0,553.1213191990577,0.5975298126064736,0.5634236081790217,1.9891396933560477,0.003154106543306055,553.1213191990577,-0.012989778534923339,0.18551000485672656,-1.565430737704918,0.08133839437819422,-0.3770491803278688,0.0,0.06021492539501646,0.12419325652934435,0.42206132879046,-0.0036793533988780987,1.2482519607843137,0.06070908207867897,0.2869910625620656,-1.035816083610005,-0.859667188988004,-0.8881556156031318,-0.6648793565683646,0.25609756097560976,-0.8381294964028777,0.9758325302494913,-0.5860313798307116,2.8042622376896214,Oil & Gas E&P,Energy,CHK
2019Q2,2019,Q2,2019-08-06,2019-06-30,-82000000.0,2370000000.0,278000000.0,-10.07,373000000.0,0.1573839662,16540000000.0,4191000000.0,1384000000.0,2220000000.0,12310000000.0,0.0,-13835000000.0,366218600.0,10062218600.0,514.8648648648649,0.6234234234234234,0.5864570737605804,2.3144834168456216,-0.01674553631113377,514.8648648648649,-0.01956573610116917,0.15452261603375528,-1.1165201219512197,0.08738215223097112,-0.2804878048780488,0.0,0.06280401923878252,0.14328899637243048,0.4617117117117117,-0.004957678355501814,0.9714021220159151,0.15738396624472573,-2.3125,-1.1737846842558883,-0.8137897832191311,-0.8952919559480478,14.814814814814815,-2.9047619047619047,2.4554973821989527,0.979078123656437,-0.35019707522790133,59.24408783783784,Oil & Gas E&P,Energy,CHK
2019Q1,2019,Q1,2019-05-09,2019-03-31,-21000000.0,2162000000.0,-191000000.0,-3.04,-27000000.0,-0.0124884366,16637000000.0,4097000000.0,1365000000.0,2930000000.0,12499000000.0,0.0,-13933000000.0,310431000.0,9849431000.0,593.768115942029,0.4658703071672355,0.5738414377592114,2.3302416402245547,-0.0008775384292259019,593.768115942029,-0.005125701732975348,0.14358510638297872,-3.695607142857143,0.07577031974615572,-1.0952380952380953,0.0,0.0740905386382159,0.12995131333774118,0.4109215017064846,-0.0012622467993027588,0.7039251700680272,-0.012488436632747455,-1.033065042418969,-1.0235601023017902,-0.795706169903554,-0.8804542499572073,-1.0287846481876333,-1.04093567251462,-1.2202998846597461,0.9889628475664448,-0.46414063833418673,0.5127273129262981,Oil & Gas E&P,Energy,CHK
2018Q4,2018,Q4,2019-02-27,2018-12-31,513000000.0,3069000000.0,867000000.0,91.94,938000000.0,0.3056370153,10947000000.0,344000000.0,1598000000.0,2828000000.0,10480000000.0,0.0,-15660000000.0,204704500.0,7922704500.0,75.6043956043956,0.5650636492220651,0.7053987393806522,22.447674418604652,0.10790809803496157,75.6043956043956,1.4912790697674418,0.06670071684587814,0.09975852826510721,0.5950712209302326,0.04483430799220273,0.0,0.11235708057223949,0.2803507810359002,0.44236209335219234,0.046862154014798575,0.5832037037037037,0.30563701531443466,3.9859002169197395,6.065903959054644,-0.5127993785558198,-0.9844962539804677,1.6128133704735377,5.107142857142857,2.0964285714285715,1.171055900621118,-0.45169550900301264,-0.8827742883870107,Oil & Gas E&P,Energy,CHK
2018Q3,2018,Q3,2018-10-30,2018-09-30,84000000.0,2418000000.0,280000000.0,18.44,359000000.0,0.1484698098,12659000000.0,-162000000.0,1235000000.0,2976000000.0,12698000000.0,0.0,-16173000000.0,204704500.0,10012704500.0,-35.604395604395606,0.41498655913978494,0.7751007188561497,-60.5679012345679,0.028678153994457167,-35.604395604395606,-0.5185185185185185,0.08465860215053764,0.6092395833333334,-1.2636080246913581,0.27380952380952384,0.0,0.11235708057223949,0.1910103483687495,0.354502688172043,0.00663559522869105,0.4600101123595506,0.14846980976013235,6.238636363636364,-0.7002284843869002,-0.6418562329390355,-1.0072105715968398,1.1242603550295858,5.9411764705882355,0.7391304347826086,1.0131924983832723,-0.39105229371389066,-1.0275638887035432,Oil & Gas E&P,Energy,CHK
2018Q2,2018,Q2,2018-08-01,2018-06-30,-17000000.0,2255000000.0,161000000.0,-3.52,169000000.0,0.0749445676,12341000000.0,-240000000.0,1240000000.0,2873000000.0,12458000000.0,0.0,-16257000000.0,204479550.0,9871479550.0,-52.805280528052805,0.4316045945005221,0.7835669718823434,-40.291666666666664,0.010926829268292682,-52.805280528052805,0.07083333333333333,0.09067829268292683,-3.0070522058823532,-0.851998125,-1.3529411764705883,0.0,0.11248068572138388,0.18272425249169436,0.36999651931778627,-0.0013775220808686492,0.6704247540983607,0.07494456762749446,-1.0632524707996407,-1.0210557262622815,-0.6534912314760888,-1.0107520574321232,-0.5785536159600998,-1.0580204778156996,-0.5373563218390804,0.9969729491286536,-0.45853767704498777,-1.019511663155599,Oil & Gas E&P,Energy,CHK
2018Q1,2018,Q1,2018-05-02,2018-03-31,293000000.0,2489000000.0,348000000.0,55.65,401000000.0,0.1611088791,12086000000.0,-220000000.0,1224000000.0,2354000000.0,12183000000.0,0.0,-16240000000.0,204029650.0,9577029650.0,-48.511576626240355,0.5199660152931181,0.7758563627337415,-42.622727272727275,0.037874448676489265,-48.511576626240355,-1.3318181818181818,0.08197253917235837,0.17408673208191128,-0.9274074999999999,0.07849829351535836,0.0,0.11272871369430865,0.20594075790170446,0.4613423959218352,0.024242925699156048,0.34581296610169493,0.16110887906789875,-0.12015810276679845,2.625879177280158,-0.4782471354676504,-1.010057654899262,0.010075566750629723,-0.12012012012012012,-0.14074074074074075,1.0574009199653827,-0.34278118658421625,-1.0122595779744399,Oil & Gas E&P,Energy,CHK
2017Q4,2017,Q4,2018-02-22,2017-12-31,333000000.0,2519000000.0,405000000.0,63.25,397000000.0,0.1576022231,12425000000.0,-496000000.0,1525000000.0,2356000000.0,12797000000.0,0.0,-16525000000.0,204029650.0,10172029650.0,-109.3715545755237,0.6472835314091681,0.8026559356136821,-20.106854838709676,0.042607093505297094,-109.3715545755237,-0.6713709677419355,0.08099628820960698,0.15317541291291292,-0.4113501008064516,0.06906906906906907,0.0,0.11272871369430865,0.20273641851106639,0.5632427843803056,0.026800804828973842,0.5050238861386138,0.1576022231044065,16.97222222222222,-0.21186328555678066,-0.49446768834571636,-1.0226203613419735,1.2556818181818181,19.5,2.0,-0.6213823042998897,-0.6370277380549522,-1.0213527853102544,Oil & Gas E&P,Energy,CHK
2017Q3,2017,Q3,2017-11-02,2017-09-30,-18000000.0,1943000000.0,135000000.0,-3.96,176000000.0,0.0905815749,11981000000.0,-957000000.0,1178000000.0,2218000000.0,12685000000.0,0.0,-16987000000.0,204479550.0,10098479550.0,-210.56105610561056,0.5311091073038774,0.8262248560220349,-10.343782654127482,0.015985369768573947,-210.56105610561056,0.018808777429467086,0.10523908903757076,-2.83999375,-0.21366724137931034,-1.2777777777777777,0.0,0.11248068572138388,0.16217344128202987,0.44950405770964835,-0.001502378766380102,0.7804562977099236,0.0905815748841997,-1.0446499041605593,0.993529946601966,-0.5365121697354921,-1.0442360932119832,-0.6569200779727096,-1.0364372469635628,-0.7109207708779444,-1.0197421554844306,-0.7526286032075065,-1.0425766841390023,Oil & Gas E&P,Energy,CHK
2017Q2,2017,Q2,2017-08-03,2017-06-30,494000000.0,2281000000.0,467000000.0,88.69,513000000.0,0.2249013591,11920000000.0,-938000000.0,1247000000.0,2158000000.0,12604000000.0,0.0,-16969000000.0,204254600.0,10044254600.0,-206.6079295154185,0.5778498609823911,0.8265939597315436,-10.504264392324094,0.05227801096376169,-206.6079295154185,-0.5266524520255863,0.08954607628233231,0.1033677125506073,-0.21775543710021322,0.0465587044534413,0.0,0.11260456312856601,0.19135906040268458,0.4782205746061168,0.041442953020134225,-0.8958535087719298,0.22490135905304692,1.8730158730158728,-0.6406564420514494,-0.5241140356920485,-1.0380565475265102,-0.26187050359712233,2.5285714285714285,0.9377593360995851,0.8771248010701846,-0.6786716847484062,-1.0420178451890696,Oil & Gas E&P,Energy,CHK
2017Q1,2017,Q1,2017-05-04,2017-03-31,140000000.0,2753000000.0,241000000.0,30.87,695000000.0,0.2524518707,11699000000.0,-1459000000.0,1360000000.0,2788000000.0,12902000000.0,0.0,-82000000.0,203804700.0,9478804700.0,-322.075055187638,0.4878048780487805,0.8140866740747073,-6.527758738862234,0.02967176898963527,-322.075055187638,-0.09595613433858807,0.07403003995641119,0.36393696428571426,-0.1396879369431117,0.8142857142857143,0.0,0.5593590334275902,0.23531925805624412,0.42754662840746055,0.011966834772202752,203.8047,0.2524518706865238,1.2385073012439156,4.543046357615895,-0.19355050661293455,-1.062540737230193,4.926553672316384,1.2439024390243902,1.456439393939394,-0.7607583430723283,-0.6037615089083304,-1.064844680959998,Oil & Gas E&P,Energy,CHK
2016Q4,2016,Q4,2017-03-03,2016-12-31,-574000000.0,2021000000.0,-528000000.0,-129.43,-177000000.0,-0.0875804057,13028000000.0,-1460000000.0,2142000000.0,3648000000.0,14231000000.0,0.0,-17603000000.0,199530650.0,9758530650.0,-329.1995490417136,0.587171052631579,0.8014276941971139,-7.151369863013699,-0.04417003668594141,-329.1995490417136,0.39315068493150684,0.0987286739238001,-0.0869035932055749,-0.1366648287671233,0.0,0.0,0.0,0.15512741786920478,0.5315241228070176,-0.044058949953945346,-0.4300229525862069,-0.0875804057397328,0.5646485031954255,-1.8756027276779221,-0.46526633121786437,-1.0633685368703973,-3.185185185185185,0.503030303030303,-53.8,-4.815261540362312,-0.670849111949327,-1.0675070034921426,Oil & Gas E&P,Energy,CHK
2016Q3,2016,Q3,2016-11-03,2016-09-30,-1155000000.0,2276000000.0,10000000.0,-297.3,81000000.0,0.0355887522,12523000000.0,-1191000000.0,1067000000.0,3606000000.0,13455000000.0,0.0,-101000000.0,174786150.0,9848786150.0,-306.56370656370655,0.2958957293399889,0.7728180148526711,-8.125944584382871,0.0011792936857859273,-306.56370656370655,0.9697732997481109,0.07679532073813708,-0.037832500000000005,-0.14675579345088163,0.0,0.0,0.0,0.18174558811786312,0.24875207986688852,-0.092230296254891,0.8244629716981132,0.035588752196836555,0.3825416934931151,-2.0286099548572434,-0.5300882260902376,-1.0600035724590884,1.1443850267379678,0.3373493975903614,1.0056915196357428,-5.827401659084827,-0.6051849201633462,-1.062085018370521,Oil & Gas E&P,Energy,CHK
2016Q2,2016,Q2,2016-08-04,2016-06-30,-1743000000.0,1622000000.0,-1757000000.0,-481.49,-561000000.0,-0.3458692972,13487000000.0,-32000000.0,1204000000.0,3777000000.0,13258000000.0,0.0,-15873000000.0,162863800.0,9807863800.0,-8.839779005524862,0.31877151178183744,0.7154296730184623,-301.53125,-0.181966517625039,-8.839779005524862,54.46875,0.10040924784217016,-0.0233596959265634,-5.08949375,0.0,0.0,0.0,0.1202639578853711,0.2531109346041832,-0.1292355601690517,-0.5837412186379929,-0.34586929716399506,0.09501165325915337,-3.9975219369515766,-0.5712445758777671,-1.0018127170666242,-113.2,-0.8925081433224755,-26.03076923076923,-3.7104662792912935,-0.6870724140987384,-1.0017999300563167,Oil & Gas E&P,Energy,CHK
2016Q1,2016,Q1,2016-05-05,2016-03-31,-921000000.0,1953000000.0,-65000000.0,-532.04,5000000.0,0.0025601639,15357000000.0,1311000000.0,1492000000.0,2833000000.0,13786000000.0,0.0,-14123000000.0,150266600.0,10568266600.0,392.5149700598802,0.5266501941404871,0.67942957608908,7.9588100686498855,-0.010651655767405205,392.5149700598802,-0.7025171624713958,0.07694142345110087,-0.04078897937024973,0.11461983218916859,0.0,0.0,0.0,0.1271732760304747,0.3363925167666784,-0.05997265090838054,-0.30174016064257025,0.002560163850486431,0.19281477098599675,-4.395819472166777,0.14987333026255187,-0.9170208432751037,1.625,0.5784897025171625,0.9777321000342583,-16.475196159405325,-0.4441302849907662,-0.918621896334719,Oil & Gas E&P,Energy,CHK
2015Q4,2015,Q4,2016-02-25,2015-12-31,-2185000000.0,4078000000.0,-2919000000.0,-659.13,-8000000.0,-0.001961746,17357000000.0,2138000000.0,2480000000.0,3685000000.0,14960000000.0,0.0,-13202000000.0,149141850.0,10088141850.0,644.947209653092,0.6729986431478969,0.6201532522901423,5.034611786716558,-0.1740418049724538,644.947209653092,-1.0219831618334891,0.03657230259931339,-0.017064284897025172,0.06975764733395697,-0.019679633867276888,0.0,0.28831612320753697,0.23494843578959498,0.5302578018995929,-0.1258858097597511,6.21424375,-0.00196174595389897,0.5289909961412034,-10.283660579616463,0.9651511159478399,-0.8666923187594664,-1.055944055944056,0.5289933175253287,-32.0531914893617,-8.074610356963298,0.11959701478538974,-0.8666112136243205,Oil & Gas E&P,Energy,CHK
2015Q3,2015,Q3,2015-11-04,2015-09-30,-4639000000.0,2893000000.0,94000000.0,-1399.4,143000000.0,0.0494296578,21286000000.0,4282000000.0,3579000000.0,4557000000.0,16740000000.0,0.0,-11017000000.0,149141850.0,9986141850.0,1291.7043740573151,0.7853851217906518,0.5447712111246829,2.7080803362914527,0.004916331737766659,1291.7043740573151,-1.083372255955161,0.05155266159695818,-0.008037392218150464,0.034829950957496504,-0.009053675361069196,0.0,0.28161109708643145,0.1359109273701024,0.6657888962036428,-0.21793667199098,0.9560375,0.049429657794676805,-0.1325213450410715,-8.924898771198583,0.06847405012730821,-0.732744986445288,18.875,-0.13422982885085574,1.0170691846740512,-1.2861782421277455,-0.053840567566057713,-0.7286299938367224,Oil & Gas E&P,Energy,CHK
2015Q2,2015,Q2,2015-08-05,2015-06-30,-4090000000.0,3033000000.0,-5507000000.0,-1235.65,-8000000.0,-0.0026376525,28598000000.0,8958000000.0,4231000000.0,5128000000.0,18355000000.0,0.0,-6364000000.0,148916900.0,9670916900.0,2706.3444108761328,0.8250780031201248,0.4046786488565634,1.2919178388033044,-0.1957661357612302,2706.3444108761328,-0.4565751283768698,0.04909887899769205,-0.0091025,0.016623900424201834,-0.02493887530562347,0.0,0.6849457650542013,0.10605636757815232,0.6926677067082684,-0.1430169941953983,1.0561482269503546,-0.002637652489284537,-0.0977993372246952,-16.288134589183105,0.4368644627702067,-0.423657332682133,-1.5714285714285714,-0.09946236559139784,-81.19402985074628,-5.0806944910671,-0.13208362937137125,-0.5014996523261384,Oil & Gas E&P,Energy,CHK
2015Q1,2015,Q1,2015-05-06,2015-03-31,-3720000000.0,2760000000.0,-67000000.0,-1125.57,14000000.0,0.0050724638,34373000000.0,13078000000.0,5398000000.0,5366000000.0,20000000000.0,0.0,-2256000000.0,148691950.0,8779691950.0,3957.0347957639938,1.005963473723444,0.33567043900736043,0.882244991588928,-0.0019860167337926084,3957.0347957639938,-0.28444716317479735,0.053873894927536234,-0.009992738575268818,0.011369624560330327,-0.027419354838709678,0.0,0.685981991627657,0.08029558083379397,0.8479314200521804,-0.1082244785151136,0.627392194092827,0.005072463768115942,-7.797330756688205,-6.948887693041861,-0.05984283132862356,0.020355239575686024,-0.988313856427379,-6.8125,-1.0697190426638918,-128.03825372811758,0.1081710037593209,-0.23162048911726937,Oil & Gas E&P,Energy,CHK
2014Q4,2014,Q4,2015-02-27,2014-12-31,640000000.0,5050000000.0,961000000.0,165.59,1198000000.0,0.2372277228,40751000000.0,16903000000.0,7468000000.0,5863000000.0,22546000000.0,0.0,1483000000.0,148467000.0,7605467000.0,5122.121212121212,1.2737506396042981,0.2837967166449903,0.6841980713482814,0.023647582463030614,5122.121212121212,0.03786310122463468,0.02939940594059406,0.057994921875,0.008783470389871621,0.159375,0.0,0.6870213582816384,0.12392333930455694,1.082039911308204,0.015705136070280484,-0.17590876777251185,0.23722772277227722,-0.17456756891480987,2.189287666241574,1.1074380165289255,0.36959899590098827,-0.04083266613290633,-0.03323262839879154,-0.18143100511073254,0.3120635530783522,0.7957351290684623,-0.014028640592644463,Oil & Gas E&P,Energy,CHK
2014Q3,2014,Q3,2014-11-06,2014-09-30,662000000.0,5703000000.0,1174000000.0,200.61,1249000000.0,0.2190075399,40518000000.0,16320000000.0,3129000000.0,5602000000.0,22887000000.0,0.0,945000000.0,148467000.0,11670467000.0,4945.454545454545,0.5585505176722599,0.2865886766375438,0.7115196078431373,0.02573427976941248,4945.454545454545,0.04056372549019608,0.026033140452393477,0.056067598187311184,0.009097242647058825,0.1510574018126888,0.0,0.6735503512565082,0.1407522582555901,0.45287397358086395,0.016338417493459698,-0.21737481698389458,0.2190075398912853,2.460583060203554,2.233727904040404,1.9534636815420914,0.27785789098195157,0.836764705882353,2.4659685863874348,0.966499162479062,-0.30592913955169926,0.3861956248428464,-0.03202846975088974,Oil & Gas E&P,Energy,CHK
2014Q2,2014,Q2,2014-08-06,2014-06-30,191000000.0,5152000000.0,597000000.0,57.97,680000000.0,0.1319875776,41127000000.0,16202000000.0,4370000000.0,5792000000.0,22802000000.0,0.0,833000000.0,148242050.0,10265242050.0,4917.1471927162365,0.7544889502762431,0.2815425389646704,0.7146648561905937,0.013307965075387085,4917.1471927162365,0.011788668065670905,0.028773689829192546,0.19403409685863876,0.00914961424515492,0.5340314136125655,0.0,0.6880638793108973,0.1252705035621368,0.6512430939226519,0.004644151044326112,0.14824205,0.13198757763975155,-0.47826478264782646,-0.280784578204912,1.8178106805671077,0.23522736094313054,-0.15211970074812967,-0.5505882352941176,-0.1855388813096862,-0.6391293998631319,0.49619356780187346,0.008327994372799288,Oil & Gas E&P,Energy,CHK
2014Q1,2014,Q1,2014-05-07,2014-03-31,425000000.0,5046000000.0,733000000.0,111.11,802000000.0,0.1589377725,42605000000.0,16341000000.0,4275000000.0,5958000000.0,24128000000.0,0.0,1012000000.0,148017100.0,12143017100.0,4966.869300911854,0.7175226586102719,0.3051050346203497,0.7954837525243253,0.015590035974408056,4966.869300911854,0.026008200232543906,0.029333551327784382,0.08706888235294118,0.009058019705036412,0.2376470588235294,0.0,0.6823535929294655,0.1184368031921136,0.6037260825780463,0.00997535500528107,0.22191469265367317,0.15893777249306382,5.991464510332435,1.067177753301632,1.29484196814224,0.25453586590132715,0.3234323432343234,6.821917808219178,0.511340206185567,3.5277683965627227,2.016098863387813,0.05001505060957507,Oil & Gas E&P,Energy,CHK
2013Q4,2013,Q4,2014-02-27,2013-12-31,-73000000.0,4541000000.0,485000000.0,-22.26,606000000.0,0.1334507818,41782000000.0,15995000000.0,3656000000.0,5515000000.0,23642000000.0,0.0,688000000.0,147567200.0,12227567200.0,4876.524390243902,0.6629193109700816,0.3091522665262553,0.8075648640200063,0.01027954974962379,4876.524390243902,-0.004563926226945921,0.032496630698084124,-0.5053671232876712,0.009225833072835261,-1.3835616438356164,0.0,0.6844339392493725,0.10868316499928199,0.5546690843155032,-0.0017471638504619213,-0.23312353870458136,0.13345078176613082,-1.3614223088163664,0.9307243420866265,0.24465926477446584,-0.19806802688509184,0.05944055944055944,-1.3613861386138615,0.11238532110091744,-1.3134731598432055,1.2116170114232792,0.007955611322033063,Oil & Gas E&P,Energy,CHK
2013Q3,2013,Q3,2013-11-06,2013-09-30,202000000.0,4867000000.0,436000000.0,61.59,572000000.0,0.1175261968,42288000000.0,16196000000.0,3994000000.0,5678000000.0,23940000000.0,0.0,905000000.0,147567200.0,12087567200.0,4937.804878048781,0.7034166960197252,0.3056895573212259,0.7981600395159298,0.009223838333193178,4937.804878048781,0.012472215361817732,0.03031995068830902,0.18263267326732674,0.009111336132378365,0.5,0.0,0.6844339392493725,0.11509175179720015,0.603557590700951,0.004776768823306848,0.15566160337552742,0.11752619683583317,-0.5964751359496822,-0.9485084625974542,-0.45130945752789525,-0.16634853951391956,-0.5920114122681883,-0.6517241379310345,-0.6263924592973437,-0.6512369962409301,0.8167140737660766,0.021637099105228066,Oil & Gas E&P,Energy,CHK
2013Q2,2013,Q2,2013-08-06,2013-06-30,580000000.0,4675000000.0,1167000000.0,152.63,1402000000.0,0.2998930481,42145000000.0,16035000000.0,3592000000.0,5620000000.0,23941000000.0,0.0,805000000.0,146892350.0,12667892350.0,4911.179173047473,0.6391459074733096,0.31315695812077354,0.823074524477705,0.02460915018054639,4911.179173047473,0.03617087620829436,0.031420823529411765,0.06331566810344828,0.009160732772061116,0.17413793103448275,0.0,0.6875783524465365,0.11092656305611578,0.5505338078291815,0.013762012101079605,-0.21444138686131387,0.2998930481283422,3.8701340140395657,1.2897661292565212,0.0,0.24500016988990542,2.2009132420091326,9.0,4.8059701492537314,1.1978800708644866,1.2452764271948706,0.045883921091109,Oil & Gas E&P,Energy,CHK
2013Q1,2013,Q1,2013-05-10,2013-03-31,58000000.0,3424000000.0,201000000.0,31.34,438000000.0,0.1279205607,42481000000.0,15700000000.0,2884000000.0,5785000000.0,24467000000.0,0.0,495000000.0,146442450.0,13705442450.0,4823.348694316436,0.49853068280034574,0.3199548033238389,0.8657324840764331,0.004221319702889263,4823.348694316436,0.0036942675159235667,0.042769407126168224,0.6312174568965517,0.009327544585987262,1.7413793103448276,0.0,0.6896907283373093,0.08060073915397471,0.41745894554883317,0.0013653162590334502,-0.11935,0.12792056074766356,-0.6615185225186305,1.3327514779127683,0.6095487913833563,0.03657842471578171,1.3033240997229918,-0.8066666666666666,-0.6849529780564263,-0.9058237713790864,0.1842560354170029,0.24374168198238164,Oil & Gas E&P,Energy,CHK
2012Q4,2012,Q4,2013-03-01,2012-12-31,300000000.0,3538000000.0,638000000.0,92.59,-1444000000.0,-0.4081401922,41611000000.0,15569000000.0,2948000000.0,6266000000.0,23715000000.0,0.0,437000000.0,144867800.0,12620867800.0,4835.093167701863,0.4704755825087775,0.30672178029847874,0.8197700558802749,0.013690111764861826,4835.093167701863,0.019269060312158776,0.04094624081401922,0.12072316666666667,0.009304887918299184,0.3333333333333333,0.0,0.6902845214740612,0.08502559419384298,0.4040855410150016,0.007209632068443441,-0.0889305095150399,-0.40814019219898245,1.1512636617601413,-0.29893610479060323,0.19921862224191197,-0.0911778711986605,-2.264448336252189,1.15220700152207,2.8433734939759034,1.571328993390508,0.5131407550692957,0.2928508470087122,Oil & Gas E&P,Energy,CHK
2012Q3,2012,Q3,2012-11-09,2012-09-30,-1971000000.0,2970000000.0,166000000.0,-612.11,1142000000.0,0.3845117845,45671000000.0,15327000000.0,3611000000.0,6456000000.0,27980000000.0,0.0,241000000.0,144867800.0,16220867800.0,4759.937888198758,0.5593246592317225,0.3551049900374417,1.058132706987669,0.0032101640182416154,4759.937888198758,-0.1285965942454492,0.048777037037037035,-0.01837491121258245,0.00945180400600248,-0.050735667174023336,0.0,0.6902845214740612,0.0650303255895426,0.37685873605947956,-0.043156488800332814,-0.04705027606365703,0.3845117845117845,-3.364728607301526,-4.735198357042677,0.032934269351334686,-0.09987845666351389,-0.36836283185840707,-3.0277777777777777,-0.8307849133537207,-10.867114712732917,0.5763141739061841,0.22992217097805598,Oil & Gas E&P,Energy,CHK
2012Q2,2012,Q2,2012-08-09,2012-06-30,972000000.0,3389000000.0,981000000.0,258.85,1808000000.0,0.5334907052,47526000000.0,17427000000.0,4516000000.0,6259000000.0,27738000000.0,0.0,2352000000.0,144417900.0,13449417900.0,5428.971962616823,0.7215210097459658,0.301498127340824,0.8222298731852872,0.018843997984632824,5428.971962616823,0.05577552074367361,0.042613720861611096,0.03714452160493827,0.008287020141160268,0.10185185185185185,0.0,0.685510591138633,0.07130833648950048,0.5027959737977312,0.02045196313596768,-0.04701103515625,0.5334907052227795,279.33333333333337,0.3211128351315267,0.13350352594697396,0.055348067737314544,1.4767123287671233,35.714285714285715,982.0,2.7570093457943927,0.9026456474741777,0.3638019052899283,Oil & Gas E&P,Energy,CHK
2012Q1,2012,Q1,2012-05-11,2012-03-31,-28000000.0,2419000000.0,-1000000.0,-0.93,730000000.0,0.301777594,45589000000.0,16531000000.0,3924000000.0,6664000000.0,26695000000.0,0.0,1481000000.0,144417900.0,12788417900.0,5149.844236760125,0.5888355342136855,0.28695518655816094,0.7913616841086444,-2.0261371694863742e-05,5149.844236760125,-0.0016937874296775754,0.059701488218272016,-1.289445535714286,0.008736186558586897,-3.5357142857142856,0.0,0.685510591138633,0.05306104542762508,0.45528211284513803,-0.0006141832459584549,-0.0350104,0.3017775940471269,-1.0073733449615476,-1.0762394648506364,0.07552446863046659,0.048379412647294534,-0.30210325047801145,-1.0591966173361522,-1.0013586956521738,0.9954638705265557,0.12754081465345604,0.3007518232128086,Oil & Gas E&P,Energy,CHK
2011Q4,2011,Q4,2012-02-29,2011-12-31,473000000.0,2727000000.0,736000000.0,126.13,1046000000.0,0.3835716905,41835000000.0,16624000000.0,3177000000.0,7082000000.0,23874000000.0,0.0,1608000000.0,143968000.0,10418968000.0,5195.0,0.44860208980513977,0.2539978486912872,0.6391963426371511,0.016496216601026514,5195.0,0.02845283926852743,0.052793546021268796,0.07609302325581396,0.008660250240615978,0.21141649048625794,0.0,0.694598799733274,0.06518465399784869,0.4032759107596724,0.011306322457272618,-0.02423295741457667,0.38357169050238354,-0.48495242762056434,-0.37520038009534074,-0.09085066801608048,-0.08005808085005058,-0.5100702576112413,-0.48698481561822127,-0.5037086985839514,1.4600900116144018,-0.2338602817846361,-0.14569552678407072,Oil & Gas E&P,Energy,CHK
2011Q3,2011,Q3,2011-11-09,2011-09-30,922000000.0,3977000000.0,1483000000.0,244.89,2135000000.0,0.5368368117,40122000000.0,16298000000.0,3470000000.0,6195000000.0,23824000000.0,0.0,1234000000.0,143518100.0,11821518100.0,5109.090909090909,0.5601291364003228,0.2938288220926175,0.7233402871517978,0.03221827272672221,5109.090909090909,0.056571358448889435,0.03608702539602716,0.03891488611713666,0.008805871886120998,0.10629067245119306,0.0,0.6828407009290117,0.09912267583869198,0.45972558514931394,0.022979911270624594,-0.06782518903591682,0.5368368116670857,0.8030481519658371,0.10050627758189502,0.34908219809846663,0.04651999241533831,0.3756443298969072,0.807843137254902,0.5055837563451777,-0.7583434499033445,-0.5389958022772573,-0.13743025427062736,Oil & Gas E&P,Energy,CHK
2011Q2,2011,Q2,2011-08-09,2011-06-30,510000000.0,3318000000.0,985000000.0,135.82,1552000000.0,0.4677516576,36656000000.0,15483000000.0,3126000000.0,5728000000.0,21173000000.0,0.0,411000000.0,142843250.0,10080843250.0,4876.535433070866,0.5457402234636871,0.2740888258402444,0.6489052509203642,0.023565090735098545,4876.535433070866,0.03293935283859717,0.04305100964436408,0.07002120098039216,0.009225812181101854,0.17647058823529413,0.0,0.6300612734588439,0.09051724137931035,0.49179469273743015,0.013913138367525097,-0.06287114876760563,0.46775165762507537,3.6579256360078274,-0.12734767956606202,0.25573340864209826,0.03244533871949466,4.812734082397004,4.148148148148148,4.731060606060606,1.2620168721865308,0.0,0.2362178671807713,Oil & Gas E&P,Energy,CHK
2011Q1,2011,Q1,2011-05-10,2011-03-31,-162000000.0,1612000000.0,-264000000.0,-51.1,267000000.0,0.1656327543,34800000000.0,14995000000.0,3544000000.0,4669000000.0,19805000000.0,0.0,0.0,142618300.0,9208618300.0,4730.283911671924,0.7590490469051189,0.2849137931034483,0.6612204068022675,-0.006454514447499721,4730.283911671924,-0.010803601200400133,0.08847289081885856,-0.22008996913580248,0.009511057019006336,-0.5617283950617284,0.0,0.6380667838559286,0.04632183908045977,0.6780895266652388,-0.004655172413793103,-0.06381131991051454,0.16563275434243177,-16.723076923076924,-1.1510145466124904,-0.5180104151672512,0.18412523765684918,1.156140350877193,-1.7232142857142858,-1.8024316109422491,0.04566963005448802,-0.22191479320993096,0.01657801589113288,Oil & Gas E&P,Energy,CHK
2010Q4,2010,Q4,2011-03-01,2010-12-31,224000000.0,1975000000.0,329000000.0,3.25,-1710000000.0,-0.8658227848,37179000000.0,15264000000.0,3266000000.0,4490000000.0,21915000000.0,0.0,190000000.0,141943450.0,12679943450.0,4838.034865293185,0.7273942093541202,0.33997686866241694,0.8280922431865828,0.007255645730416373,4838.034865293185,0.014675052410901468,0.07187010126582279,0.15841902901785715,0.009299230214884697,0.4017857142857143,0.0,0.6340553227359205,0.05312138572850265,0.4623608017817372,0.006024906533258022,-0.04097674653579677,-0.8658227848101265,-0.9783333333333334,-0.747374137948092,-0.4243499725866286,0.2616862770297454,-1.7553003533568905,-0.5985663082437276,-0.5973072215422277,-0.4657544993802074,-0.316774380025475,-0.09062493875775252,Oil & Gas E&P,Energy,CHK
2010Q3,2010,Q3,2010-11-09,2010-09-30,558000000.0,2581000000.0,817000000.0,150.0,2264000000.0,0.8771793878,34333000000.0,15273000000.0,3273000000.0,4123000000.0,19060000000.0,0.0,57000000.0,142168400.0,10978168400.0,4833.227848101265,0.7938394373029347,0.3333527509975825,0.749361618542526,0.018812435455353736,4833.227848101265,0.03653506187389511,0.05508268113134444,0.06369551971326165,0.009308479015255682,0.15232974910394265,0.0,0.5978825111628181,0.07517548714065185,0.7640067911714771,0.016252584976553172,-0.029144813448134483,0.8771793878341728,0.8677624206200971,0.6068131308623369,0.2147796444116745,0.850533867015902,0.32475131655939143,1.188235294117647,0.8277404921700223,0.07753164556962017,-0.0853118969856307,-0.08601905904782807,Oil & Gas E&P,Energy,CHK
2010Q2,2010,Q2,2010-08-09,2010-06-30,255000000.0,2012000000.0,447000000.0,80.31,1709000000.0,0.8494035785,32169000000.0,14815000000.0,3018000000.0,3655000000.0,17354000000.0,0.0,-410000000.0,141943450.0,10041943450.0,4695.721077654516,0.8257181942544459,0.32643227952376513,0.7088086398920014,0.010875576195154122,4695.721077654516,0.01721228484643942,0.07054843439363817,0.1391602450980392,0.009581063111711105,0.20784313725490197,0.0,0.37338813450004205,0.06254468587770835,0.8002735978112175,0.007926886132612143,0.3696444010416667,0.8494035785288271,-0.5640775118058947,-0.3510411148602969,-0.05323335880208139,0.8968762714247491,-0.3147554129911788,-0.5721476510067114,-0.6311881188118812,-0.6473698058484112,-0.3153242412036846,-0.08718995049895006,Oil & Gas E&P,Energy,CHK
2010Q1,2010,Q1,2010-05-10,2010-03-31,596000000.0,2798000000.0,1212000000.0,184.23,2494000000.0,0.891350965,30288000000.0,12216000000.0,3335000000.0,3123000000.0,18072000000.0,0.0,-665000000.0,141718500.0,11829718500.0,3878.095238095238,1.0678834454050592,0.402931854199683,0.9990176817288802,0.030523341523341522,3878.095238095238,0.04878847413228553,0.050649928520371694,0.05944567953020134,0.011601055992141455,0.08892617449664429,0.0,0.3739808140786136,0.0923798203909139,1.0349023374959974,0.019677760169043847,-1.28835,0.8913509649749821,26.48132780082987,1.3448888787309716,0.7565365360984738,0.8964310600723822,0.28955532574974147,2.19438877755511,0.7413793103448276,0.6537221606989051,0.2677295559574042,-0.21051685818319382,Oil & Gas E&P,Energy,CHK
2009Q4,2009,Q4,2010-03-01,2009-12-31,-499000000.0,2222000000.0,696000000.0,-7.23,1934000000.0,0.8703870387,29914000000.0,11444000000.0,2446000000.0,2688000000.0,17573000000.0,25000000.0,-1261000000.0,137669400.0,12125669400.0,3739.8692810457514,0.9099702380952381,0.4110115664906064,1.0743621111499475,0.018333461608019797,3739.8692810457514,-0.04360363509262496,0.061957425742574256,-0.06897264529058116,0.012029832226494234,-0.10220440881763528,11.52,0.3704526931910795,0.07427960152436985,0.8645833333333334,-0.01668115263756101,-0.0634421198156682,0.8703870387038704,-1.1178676230844473,-1.990029653691743,-0.024106329866284016,0.4970199346484787,0.27320605661619485,-3.5989583333333335,0.7531486146095718,-1.689300690256712,-0.2253193782175268,-0.3377357990808142,Oil & Gas E&P,Energy,CHK
2009Q3,2009,Q3,2009-11-09,2009-09-30,192000000.0,1811000000.0,397000000.0,61.34,1519000000.0,0.8387631143,29719000000.0,11978000000.0,2508000000.0,2514000000.0,16890000000.0,0.0,-737000000.0,139244050.0,11692244050.0,3870.113085621971,0.9976133651551312,0.40623843332548204,1.0079312072132243,0.010323339775940297,3870.113085621971,0.01602938720988479,0.07688793484262839,0.18130735677083334,0.011624983302721657,0.2708333333333333,0.0,0.3734450412782449,0.06093744742420674,0.9371519490851233,0.0064605134762273295,0.4119646449704142,0.8387631143014909,-0.23007405547885024,-0.17679569435996756,0.1943269247038078,0.7620963191515405,0.7067415730337079,-0.20987654320987653,-0.06367924528301887,-0.7637929468166909,-0.3668140047752224,-0.20726587389452536,Oil & Gas E&P,Energy,CHK
2009Q2,2009,Q2,2009-08-10,2009-06-30,243000000.0,1673000000.0,424000000.0,79.67,890000000.0,0.5319784818,30469000000.0,12002000000.0,2948000000.0,2974000000.0,18467000000.0,0.0,-929000000.0,135644850.0,13149644850.0,3980.7628524046436,0.9912575655682583,0.44530506416357607,1.130478253624396,0.010385075938700717,3980.7628524046436,0.020246625562406265,0.08107881052002391,0.13955231481481484,0.011301853857690385,0.20987654320987653,0.0,0.37598183786557315,0.05490826741934425,0.9445191661062542,0.007975319176868292,-0.213613937007874,0.5319784817692768,1.0414311344548741,0.00024334096078190576,0.1650048295388161,0.9677667194619648,-0.23996584116140052,1.0423344947735191,-0.2651646447140381,-0.5621415266655,-0.3332340380986487,-0.15720492388080873,Oil & Gas E&P,Energy,CHK
2009Q1,2009,Q1,2009-05-11,2009-03-31,-5740000000.0,1995000000.0,577000000.0,-1922.95,1171000000.0,0.5869674185,29661000000.0,11818000000.0,2853000000.0,3362000000.0,17843000000.0,0.0,-1171000000.0,134295150.0,12984295150.0,3959.1289782244558,0.8486020226055919,0.4360271063012036,1.0943476053477745,0.014570118379055391,3959.1289782244558,-0.48569977999661534,0.06731586466165414,-0.005849091898954704,0.011363610594009138,-0.008710801393728223,0.0,0.3723142645136477,0.06726003843430768,0.8072575847709696,-0.19352011058292035,-0.178346812749004,0.5869674185463659,-153.08253205128204,-21.228956012558278,0.40571216618600864,1.012408293263569,-0.43429951690821256,-5.666666666666667,-0.6444855206407887,-6.682384116573717,-0.3665235954545208,-0.008916879029965828,Oil & Gas E&P,Energy,CHK
2008Q4,2008,Q4,2009-03-02,2008-12-31,-861000000.0,2981000000.0,1623000000.0,-12.48,2070000000.0,0.6943978531,38444000000.0,16297000000.0,4292000000.0,3621000000.0,22147000000.0,58000000.0,4694000000.0,120573200.0,12555573200.0,6080.9701492537315,1.1853079259872963,0.36895224222245343,0.870344235135301,0.033005796267376986,6080.9701492537315,-0.05283180953549733,0.04044723247232472,-0.03500963995354239,0.007398490519727558,-0.05110336817653891,15.706896551724139,0.36492354851658576,0.07754135885964,0.8486605909969621,-0.02239621267297888,-0.0737,0.6943978530694398,-1.0110749243479726,-5.890440380585934,1.5717412489268965,2.705885637873846,-0.6661828737300436,-1.2598853003320254,-0.7037239868565169,-2.143134971515551,0.02286419206012977,0.5858249892698975,Oil & Gas E&P,Energy,CHK
2008Q3,2008,Q3,2008-11-10,2008-09-30,3313000000.0,7491000000.0,5478000000.0,1126.87,6201000000.0,0.827793352,40018000000.0,16407000000.0,4111000000.0,3601000000.0,23611000000.0,292000000.0,5604000000.0,124622300.0,12505622300.0,5923.104693140795,1.1416273257428493,0.3584636913388975,0.8743219357591272,0.10955270927215807,5923.104693140795,0.20192600719205217,0.016636270190895742,0.009404037126471478,0.00759567867373682,0.014186537881074554,4.417808219178082,0.37713956490933,0.18719076415612973,0.914745903915579,0.08278774551451847,-0.13924279329608938,0.8277933520224269,2.83813718293777,13.707538247511197,5.427822816050627,3.0390327451727273,4.804294478527607,3.074514715090795,3.1626529806553494,9.883283006643294,3.022134711096169,1.2678231147004306,Oil & Gas E&P,Energy,CHK
2008Q2,2008,Q2,2008-08-11,2008-06-30,-1597000000.0,0.0,-2533000000.0,-613.05,-1630000000.0,0.0,38023000000.0,10276000000.0,3175000000.0,7297000000.0,27747000000.0,159000000.0,2338000000.0,117198950.0,13821198950.0,3944.721689059501,0.4351103193093052,0.3604134339741735,1.3335928376800312,-0.06495595578782601,3944.721689059501,-0.15541066562864927,0.0,-0.0183467360676268,0.011405113857532114,-0.026925485284909206,10.251572327044025,0.3668974850030653,0.0,0.21967932026860354,-0.04200089419561844,-0.1232375920084122,0.0,-10.448179271708684,-8.988943390255196,-1.0,1.8887316995292789,-3.7121464226289516,-11.098484848484848,-23.35576923076923,-5.9223620583905365,-1.0,0.59350371233912,Oil & Gas E&P,Energy,CHK
2008Q1,2008,Q1,2008-05-12,2008-03-31,-132000000.0,1611000000.0,-104000000.0,-53.55,601000000.0,0.373060211,33462000000.0,11470000000.0,1946000000.0,4220000000.0,21992000000.0,107000000.0,3973000000.0,110900350.0,12359900350.0,4653.14401622718,0.4611374407582938,0.366086904548443,1.0680034873583262,-0.0027044491024570145,4653.14401622718,-0.01150828247602441,0.06883944754810677,-0.2100385416666667,0.009668731473408894,-0.3409090909090909,9.439252336448599,0.4057696842255231,0.04814416352877891,0.30308056872037914,-0.0039447731755424065,-0.24161296296296297,0.37306021104903786,-13.198177676537586,-1.71976548965855,0.7249452153848279,2.349616306223633,-0.44963369963369965,-1.4356435643564356,-1.141304347826087,-1.6636568303744628,0.29240505503237163,1.2754384040597573,Oil & Gas E&P,Energy,CHK
2007Q4,2007,Q4,2008-02-29,2007-12-31,303000000.0,2089000000.0,736000000.0,4.39,1092000000.0,0.5227381522,30734000000.0,12130000000.0,1396000000.0,2761000000.0,18604000000.0,87000000.0,4150000000.0,102577200.0,11051577200.0,5320.175438596491,0.5056139080043462,0.35628294397084664,0.9027205276174773,0.01975949219040733,5320.175438596491,0.02497938994229184,0.04910349449497367,0.08463465346534654,0.008456488046166529,0.1551155115511551,11.459770114942529,0.45819148894686146,0.06797032602329668,0.3893516841724013,0.009858788312617947,-0.030285562444641277,0.5227381522259454,-0.9694948231533599,3.2268113354769214,3.539932527623051,3.8904886821211093,-0.19469026548672566,-0.18548387096774194,0.02937062937062937,-0.1931796098249921,0.23135553226557348,1.1295954721655763,Oil & Gas E&P,Energy,CHK
2007Q3,2007,Q3,2007-11-09,2007-09-30,372000000.0,2027000000.0,715000000.0,143.91,1356000000.0,0.6689689196,29889000000.0,12004000000.0,1280000000.0,2390000000.0,17885000000.0,112000000.0,3892000000.0,102127300.0,10972127300.0,5288.105726872247,0.5355648535564853,0.363745859680819,0.9056981006331223,0.019378387830040218,5288.105726872247,0.030989670109963344,0.05038347311297484,0.06863393817204301,0.008507772409196934,0.1532258064516129,5.991071428571429,0.5581269650720229,0.06781759175616447,0.4887029288702929,0.01244605038642979,-0.23973544600938967,0.6689689195855945,-0.2832453431616695,7.200940502096491,2.6144809911211677,4.9785151199290585,-0.04842105263157895,-0.28185328185328185,-0.14473684210526316,1.1746238189601574,0.8226081906166777,1.4077207643425322,Oil & Gas E&P,Energy,CHK
2007Q2,2007,Q2,2007-08-08,2007-06-30,518000000.0,2105000000.0,836000000.0,200.78,1425000000.0,0.67695962,27696000000.0,11626000000.0,1293000000.0,2213000000.0,16070000000.0,95000000.0,3576000000.0,101677400.0,9514677400.0,5144.2477876106195,0.5842747401717127,0.34001299826689774,0.8099948391536212,0.02461626193983748,5144.2477876106195,0.04455530707035954,0.04830280285035629,0.04907210424710425,0.008745690693273698,0.10231660231660232,7.157894736842105,0.5212564444016075,0.07600375505488158,0.5363759602349751,0.01870306181398036,-0.21450928270042194,0.6769596199524941,1.0078,6.597832277323136,2.967796283725553,4.820351690944785,0.006355932203389831,1.0077519379844961,0.720164609053498,1.844513716108235,0.9555222524399263,1.5428994312010453,Oil & Gas E&P,Energy,CHK
2007Q1,2007,Q1,2007-05-08,2007-03-31,258000000.0,1580000000.0,486000000.0,100.0,1416000000.0,0.8962025316,25732000000.0,11077000000.0,1223000000.0,2180000000.0,14655000000.0,89000000.0,3114000000.0,101452450.0,8468452450.0,4912.195121951219,0.5610091743119267,0.325314783149386,0.7557100297914597,0.015498429737683133,4912.195121951219,0.023291504920104723,0.06421041139240506,0.09830663759689924,0.00915883813306852,0.2054263565891473,1.8426966292134832,0.5224122236574869,0.06140214518886989,0.46972477064220186,0.01002642623970154,-0.20874989711934155,0.8962025316455696,13.641288433382138,4.4293863190670155,2.4219629644802203,4.672064967624908,0.22441356124488962,-0.45264998026994113,-0.417989861527094,0.2035913914840042,0.47369761196407245,1.4968477298703073,Oil & Gas E&P,Energy,CHK
2021Q1,2021,Q1,2021-05-13,2021-03-31,,,,,,,6904000000.0,3881000000.0,1190000000.0,1443000000.0,3023000000.0,0.0,295000000.0,0.0,949000000.0,0.0,0.8246708246708246,0.18670336037079954,0.3321308940994589,,0.0,,0.0,0.0,0.0,0.0,0.0,,,0.7234927234927235,,0.0,0.0,0.0,1.0,-1.0,-1.0,0.0,0.0,0.0,-1.0,-1.0,1.0,Oil & Gas E&P,Energy,CHK
