Quarters,Year,Quarter,FillingDate,Date,NetIncome,Revenue,OperatingIncome,EPSDiluted,GrossProfit,GrossProfitRatio,TotalAssets,CommonStockEquity,CurrentAssets,CurrentLiability,TotalLiability,Inventory,RetainedEarnings,MarketCap,EnterpriseValue,bookValuePerShare,currentRatio,debtToAssets,debtToEquity,roic,shareholdersEquityPerShare,roe,priceToSalesRatio,peRatio,pbRatio,payoutRatio,inventoryTurnover,dividendYield,assetTurnover,quickRatio,returnOnAssets,priceToFreeCashFlowsRatio,grossProfitMargin,epsdilutedGrowth,fiveYNetIncomeGrowthPerShare,fiveYRevenueGrowthPerShare,fiveYShareholdersEquityGrowthPerShare,grossProfitGrowth,netIncomeGrowth,operatingIncomeGrowth,threeYNetIncomeGrowthPerShare,threeYRevenueGrowthPerShare,threeYShareholdersEquityGrowthPerShare,Industry,Sector,Symbol
2023Q3,2023,Q3,2023-02-28,2022-12-31,-4411024.0,15874967.0,-3561886.0,-0.45,3927075.0,0.2473753174,24084082.0,1148830.0,22225650.0,22902412.0,22935252.0,8737717.0,-129410274.0,25568063.11,29975603.11,0.11817175540443196,0.9704501866440967,0.27405682309170015,5.7453295961978705,-0.49523432210765,0.11817175540443196,-3.8395793981703124,1.6105900005965366,-1.4491002038302216,22.25574115404368,0.0,1.3673928784830178,0.0,0.6591476893327303,0.4788644095652458,-0.18315101235745668,-29.087241155705318,0.2473753173786125,0.6186440677966102,0.7552660021610834,-0.38652489833046083,1.4988707148818143,-0.15117652856635222,0.5916784691404652,0.29740669283953236,0.5385950569657351,-0.4375260104579661,-0.9225480565724159,Beverages—Non-Alcoholic,Consumer Defensive,WTER
2023Q2,2023,Q2,2022-11-14,2022-09-30,-10802820.0,19574953.0,-5069627.0,-1.18,4626492.0,0.2363475407,24263280.0,3244250.0,22187026.0,20964922.0,21019030.0,9873998.0,-125406196.0,46404865.31999999,51937811.31999999,0.35375396279676136,1.0582927997537983,0.3210797550866989,2.4013093935424212,-0.5775117085079762,0.35375396279676136,-3.3298358634507204,2.3706246099288206,-1.0739062883580397,14.303726691839406,0.0,1.5139218176872224,0.0,0.8067727446577709,0.4637036569942879,-0.44523329079992485,-6.3272626141344395,0.23634754065565317,-0.06306306306306292,-0.027988342839368237,-0.41869482519002216,0.07619327149217335,0.3238864554720973,-0.24233089677706188,0.19417298103226566,-0.1273207825138295,-0.4276569624360601,-0.8612856949759349,Beverages—Non-Alcoholic,Consumer Defensive,WTER
2023Q1,2023,Q1,2022-08-15,2022-06-30,-8695606.0,16894403.0,-6291210.0,-1.11,3494629.0,0.2068512868,28561030.0,625369.0,26597195.0,27828934.0,27935661.0,10678339.0,-117008988.0,46223821.400000006,53332286.400000006,0.07982198330318055,0.9557389082887616,0.3520317369506632,16.07753022615448,-0.6645358600414579,0.07982198330318055,-13.904760229560468,2.7360434932208024,-1.3289419219316054,73.91447513388097,0.0,1.2548556474934913,0.0,0.5915193884814378,0.408507886072819,-0.30445701713138495,-13.799609749922904,0.20685128678414977,0.36571428571428566,0.30577453534544086,-0.5013656827235126,-0.862578877190201,11.952712945563178,0.24652796642149122,0.4035490632543973,0.4132617872319624,-0.42159879449756227,-0.9746789834838369,Beverages—Non-Alcoholic,Consumer Defensive,WTER
2022Q4,2022,Q4,2022-07-14,2022-03-31,-11540715.0,16116504.0,-10547741.0,-1.75,269799.0,0.0167405412,22500577.0,401138.0,21157421.0,21920686.0,22099439.0,8583664.0,-109515580.0,91194691.80000001,99284450.80000001,0.06070204625660021,0.9651806061178925,0.42758107936520917,23.983818536264327,-1.0623242838497327,0.06070204625660021,-28.76993702915206,5.658466116472903,-1.9754991740113157,227.33994734978987,0.0,1.8461469367859693,0.0,0.7162706983025369,0.43147039285175653,-0.5129075134384331,-14.298421954999684,0.016740541248896162,-0.18243243243243246,-0.9330554913177584,-0.23837688418213474,-0.9127141292227946,-0.9458480254727979,-0.10909951119996171,0.034415580967816176,-0.597784565889417,-0.16855821794224105,-0.9854440808444228,Beverages—Non-Alcoholic,Consumer Defensive,WTER
2022Q3,2022,Q3,2022-02-14,2021-12-31,-10405482.0,15110400.0,-10923686.0,-1.48,4982256.0,0.3297236341,23496210.0,7933602.0,22326050.0,15387565.0,15562608.0,8829559.0,-98471352.0,124585521.0,128056020.0,1.1271354349435196,1.4509150733075702,0.2878673198783974,0.8525498254134755,-0.7042002671020796,1.1271354349435196,-1.311570961084259,8.245018067026683,-2.9932664580074233,15.70352546044029,0.0,1.1470724642080086,0.0,0.6430994615727388,0.7191838344793344,-0.4428578906981168,-16.863770245982476,0.32972363405336724,0.12426035502958578,-2.0944097061032525,-0.24898597639472447,3.8264751695043038,-0.03525981004385838,0.013574033503749762,-0.07008137319171229,0.17081055587590718,-0.3893836817659638,-0.25449918394030063,Beverages—Non-Alcoholic,Consumer Defensive,WTER
2022Q2,2022,Q2,2021-11-09,2021-09-30,-10548670.0,15255765.0,-10208276.0,-1.69,5164350.0,0.3385179308,31824553.0,14722269.0,30626644.0,16908486.0,17102284.0,6277844.0,-87735319.0,148934258.55,146244477.55,2.357591322966975,1.811317938223446,0.24287172234595095,0.5250063016780905,-0.45403113028810976,2.357591322966975,-0.7165111573494548,9.76249034709174,-3.5296928084298784,10.116257117024556,0.0,1.6074650787754523,0.0,0.4793709121381846,1.2657724647848423,-0.33146325731582155,-11.51932644147761,0.3385179307625675,-0.32031249999999994,-0.36084643343332956,-0.16655709221677684,2.8902518497475227,0.07533117185038751,-0.4003195255039629,-0.3949149019698404,-2.31361435722251,-0.413256766477915,-0.1140012563782165,Beverages—Non-Alcoholic,Consumer Defensive,WTER
2022Q1,2022,Q1,2021-08-16,2021-06-30,-7533045.0,14113578.0,-7318207.0,-1.28,4802567.0,0.3402799063,22177093.0,7208047.0,21037139.0,14741704.0,14969046.0,5037575.0,-77356846.0,135163726.65,136564400.65,1.2238836761164427,1.4270493424640733,0.265976203463637,0.8183324831261506,-0.5471338708966214,1.2238836761164427,-1.0450882187643893,9.576857594155076,-4.48569358904666,18.75178209159846,0.0,1.8483121343106554,0.0,0.6364034276268761,0.8628092112010932,-0.3396768458336717,-22.09728564499129,0.3402799063426723,-0.5802469135802468,-0.24327929049848698,-0.20214650611791624,-0.09102449601037105,0.9107933551073869,-0.5746351270507446,-0.6087096921687642,-0.9165414035792269,-0.4376678589843935,-0.29676647587385463,Beverages—Non-Alcoholic,Consumer Defensive,WTER
2021Q4,2021,Q4,2021-07-06,2021-03-31,-4783994.0,11454056.0,-4549116.0,-0.81,2513389.0,0.2194322256,24550609.0,11013986.0,23271259.0,13244041.0,13536623.0,4407720.0,-69931220.0,96293128.80000001,92337341.80000001,1.8701092522813527,1.757111670071091,0.21079595214929292,0.4698724875807905,-0.27906792393603347,1.8701092522813527,-0.43435628118648417,8.406902218742427,-5.032046904741102,8.742804721197214,0.0,2.02841083371902,0.0,0.46654875241587696,1.3280789450893424,-0.19486253884781432,-18.842338213384064,0.21943222558017875,0.11956521739130432,0.8282830813188434,-0.08190172930808981,0.20162475391579512,-0.400787224176508,-0.06375961670807344,-0.07711741464316689,-0.18978671858367044,-0.39794344559158873,6.514308895217734,Beverages—Non-Alcoholic,Consumer Defensive,WTER
2021Q3,2021,Q3,2021-02-16,2020-12-31,-4497251.0,10179695.0,-4223417.0,-0.92,4194485.0,0.4120442705,13465973.0,1819683.0,12273803.0,11220278.0,11646290.0,4113654.0,-65264665.0,74263527.45,77468784.45,0.37122122253835926,1.0938947323765063,0.3655288036000072,2.70497718558672,-0.5937342625976284,0.37122122253835926,-2.4714474993721436,7.2952605603606,-4.128273441375631,40.81124429364895,0.0,1.4549619389477093,0.0,0.7559568848088437,0.5888092968819489,-0.33397148501634455,-47.80277781711446,0.4120442704815812,0.051546391752577254,0.816993225784958,-0.7658844130168809,1.1087798670413094,-0.05294730985949838,-0.02927585090179627,0.001720284728632057,0.5051413671982546,-0.2198142456916503,2.567137562044431,Beverages—Non-Alcoholic,Consumer Defensive,WTER
2021Q2,2021,Q2,2020-11-16,2020-09-30,-4369335.0,10755946.0,-4230695.0,-0.97,4428988.0,0.4117711264,17752908.0,5704655.0,16629486.0,11914246.0,12048253.0,4249581.0,-60904331.0,85540058.1,86834666.1,1.2604384646776385,1.3957648683768993,0.2969364230355951,0.9240672748834067,-0.38103012455795954,1.2604384646776385,-0.7659244949957534,7.952815875051808,-4.894340792134272,14.994781998210232,0.0,1.4888427823825454,0.0,0.6058695285301992,0.8186749711228054,-0.24611939632650606,-12.715107332883928,0.4117711264076633,-0.2278481012658227,0.7852776917573346,-0.7327768475965348,2.528820288183063,-0.2428948333800008,-0.44526682462275935,-0.49458663451419255,0.15749661057021347,-0.35277194025092223,2.834516464753561,Beverages—Non-Alcoholic,Consumer Defensive,WTER
2021Q1,2021,Q1,2020-08-14,2020-06-30,-3023203.0,14219424.0,-2830679.0,-0.79,5849898.0,0.4114018964,16266924.0,4970767.0,15003735.0,11131964.0,11296157.0,2894362.0,-56542703.0,81841359.6,82891483.6,1.3028003526715604,1.347806640409545,0.28695578832236507,0.9390679547039722,-0.29188794508844523,1.3028003526715604,-0.6081964815490245,5.7556030117675645,-6.76776911772051,16.46453346133504,0.0,2.891665244361279,0.0,0.8741310895655503,0.7401549268395047,-0.18584970336125012,-55.51615436273479,0.4114018964481262,0.24761904761904763,0.9191329656589098,-0.5670729173322564,6.239750550331215,0.20978941438553622,0.24325596856481604,0.2656934639826029,0.5043943006837452,-0.1382334851340839,1.2428944991397417,Beverages—Non-Alcoholic,Consumer Defensive,WTER
2020Q4,2020,Q4,2020-08-13,2020-03-31,-3995014.0,12089391.0,-3854901.0,-1.05,4835468.0,0.3999761444,15605796.0,1622133.0,14183215.0,13983663.0,13983663.0,2919860.0,-53521700.0,34339032.0,37167956.0,0.425148763657636,1.0142703667844397,0.47358084137457646,4.556103599396597,-0.42422090509341587,0.425148763657636,-2.462815317856181,2.8404269495460936,-2.148868064041828,21.169060736696682,0.0,2.484339317638517,0.0,0.7746731406715812,0.6778454972777876,-0.2559955288406948,-6.857325663455974,0.3999761443731946,-0.0714285714285715,0.8923586388327478,-0.5535115185630969,-0.7232818846981892,0.4248340899300057,-0.39494267835737434,-0.40133579267113456,-0.15897707413988094,-0.010493537645980303,-0.3886617942195966,Beverages—Non-Alcoholic,Consumer Defensive,WTER
2020Q3,2020,Q3,2020-02-10,2019-12-31,-2863927.0,8455030.0,-2750876.0,-0.98,3393706.0,0.401383082,13362708.0,4443531.0,11900918.0,8919177.0,8919177.0,2367125.0,-49537697.0,55480686.6,54278845.6,1.5257429339383843,1.3343067415300762,0.22238830632234124,0.668772199406283,-0.3674885080687598,1.5257429339383843,-0.6445160391589482,6.56185567644349,-4.843060472560928,12.485720612728931,0.0,2.1381735227332737,0.0,0.63273327532114,0.8373958718388479,-0.21432235142756992,-35.01240160772333,0.4013830820233636,0.057692307692307744,0.7896068049375617,-0.4614041526848278,-0.7767861246787237,-0.24341329086211985,0.02139121122667843,0.021549642143482643,-1.0583774503226318,0.01562807544596826,5.533341209407778,Beverages—Non-Alcoholic,Consumer Defensive,WTER
2020Q2,2020,Q2,2019-11-12,2019-09-30,-2926529.0,10444978.0,-2811462.0,-1.04,4485548.0,0.4294454234,16627803.0,7142599.0,14938761.0,9477361.0,9485204.0,1795245.0,-46676024.0,61756802.1,58992191.1,2.55023418626788,1.5762574623885277,0.24695355122982873,0.5749020769610613,-0.24790477499461175,2.55023418626788,-0.40972886760127514,5.912583262501846,-5.275601412116538,8.646264770008788,0.0,3.3195636250205403,0.0,0.6281634440821797,1.1740593188335866,-0.17600214532250594,-12.982496707959422,0.4294454234369857,0.4497354497354497,0.9306814257357888,-0.47626417459280085,-0.6948229990428741,0.08744591011496912,0.4319131399624812,0.4332671346534366,0.15822841002483276,0.27227037167578305,3.2081310546785384,Beverages—Non-Alcoholic,Consumer Defensive,WTER
2020Q1,2020,Q1,2019-08-08,2019-06-30,-5151552.0,10153044.0,-4960824.0,-1.89,4124847.0,0.4062670269,17197497.0,8584951.0,15424400.0,8581469.0,8612546.0,1045313.0,-43751067.0,93954057.0,87773666.0,3.1524004280091917,1.797407879699851,0.22290139082449034,0.4465192637674927,-0.40314037264764324,3.1524004280091917,-0.600067723158816,9.25378211696906,-4.559502505264433,10.944041148283782,0.0,5.766882263972609,0.0,0.5903791697128948,1.6467872808256954,-0.29955242905406526,-33.77185981994391,0.40626702691330796,-0.7339449541284402,0.8919128167155976,-0.18299989245348053,-0.5987550218808371,0.3584528541741453,-0.7306827485443967,-0.8401030583293675,-0.8387269875310609,0.24126158902766334,1.3412803224235113,Beverages—Non-Alcoholic,Consumer Defensive,WTER
2019Q4,2019,Q4,2019-07-01,2019-03-31,-2976601.0,7988130.0,-2695949.0,-1.09,3036430.0,0.3801177497,18482608.0,11356913.0,16537343.0,7125695.0,7125695.0,2058012.0,-38694879.0,98447548.05,90546376.05,4.170265416275139,2.320804216290481,0.16941759517920849,0.2757156808368612,-0.19528539565945885,4.170265416275139,-0.262095958646509,12.324229581892132,-8.268453518795432,8.668513006131155,0.0,2.4060598286113004,0.0,0.43219712283028455,1.9788430461870736,-0.16104875459134338,-28.504909379926772,0.3801177497111339,0.3876404494382022,0.7863550432335287,0.6767903865226939,2.4858796668445478,0.058609589798066394,0.2368038074159692,0.2533995058386039,0.7689403970576374,0.3847007587073454,1.6795729439240592,Beverages—Non-Alcoholic,Consumer Defensive,WTER
2019Q3,2019,Q3,2019-02-14,2018-12-31,-3900178.0,7691013.0,-3610966.0,-1.78,2868319.0,0.3729442402,9059378.0,3307488.0,7050054.0,5751890.0,5751890.0,1703797.0,-35858604.0,101395816.2,101057669.2,1.5119171041299828,1.2256934677123519,0.3034753600081595,0.8312344595052197,-0.6191409164075965,1.5119171041299828,-1.179196417341499,13.183675050347725,-6.499435166805208,30.656442653760195,0.0,2.8305566919063714,0.0,0.8489559658510772,0.8979957892101552,-0.43051277913340186,-39.608808284285786,0.37294424024507566,-2.4901960784313726,0.9197429000999541,1.1287540893458372,-0.12273284833661156,-0.2146667400439004,-2.687100464175309,-3.4774513377922274,0.6443710469151558,-0.6036564885730477,1.44304078425297,Beverages—Non-Alcoholic,Consumer Defensive,WTER
2019Q2,2019,Q2,2018-11-13,2018-09-30,-1057790.0,8639520.0,-806478.0,-0.51,3652359.0,0.4227502222,11450665.0,5521351.0,10032153.0,5929314.0,5929314.0,1448671.0,-32103032.0,132901252.05,131151423.05,2.660942061079702,1.6919584626484616,0.2320733337321457,0.48129416151952664,-0.11124896938292743,2.660942061079702,-0.19158173425308408,15.38294396563698,-31.410122058726213,24.070422628447275,0.0,3.4425766789008683,0.0,0.7544994111695696,1.299277117049291,-0.09237804092600735,-103.5081470424909,0.4227502222345686,0.23880597014925375,0.8915739838584155,2.316103551874862,-0.6041178332154422,0.07750264628935359,0.14292775018433143,0.1483666991207821,0.8866140928761143,-0.5318199727671652,4.227529405569778,Beverages—Non-Alcoholic,Consumer Defensive,WTER
2019Q1,2019,Q1,2018-08-14,2018-06-30,-1234190.0,7880865.0,-946978.0,-0.67,3389652.0,0.4301116692,9090751.0,3218457.0,7659914.0,5872294.0,5872294.0,1257897.0,-31167898.0,57698128.8,57771331.8,1.7403659440685362,1.304415957375431,0.31124755259493964,0.8791399108330482,-0.1771968361728058,1.7403659440685362,-0.38347257707653076,7.321293893500269,-11.687448610019528,17.92726415173482,0.0,3.570413952811717,0.0,0.8669102255688227,0.9713038890763984,-0.13576326092310745,-26.378614798928545,0.43011166921397587,0.014705882352941188,0.6261779200343658,12.654964285809037,-0.6659420624433707,0.6266061385492446,0.022468670746215225,0.08738558324836602,0.9318878429900554,-0.504954584729823,7.999601584779249,Beverages—Non-Alcoholic,Consumer Defensive,WTER
2018Q4,2018,Q4,2018-06-29,2018-03-31,-1262558.0,5973816.0,-1037654.0,-0.68,2083880.0,0.3488356521,6056126.0,460241.0,4886491.0,5595885.0,5595885.0,1002020.0,-30077314.0,27739500.0,29474193.0,0.24887308711404316,0.8732293462070789,0.44972611203928053,5.917764823212186,-0.3577790736194219,0.24887308711404316,-2.7432540777549153,4.643514296389443,-5.4927179583036985,60.271683748297086,0.0,3.8820941697770506,0.0,0.9864088032514515,0.6411854425171354,-0.20847617767529936,-19.5908586586588,0.34883565211918144,0.6324324324324324,0.8665518391194471,0.8466080556660925,1.0886743223403483,0.20776421508482365,0.5250602440457516,0.5945732848013529,0.9298140176568935,-0.5448067152065584,-0.8380150725993897,Beverages—Non-Alcoholic,Consumer Defensive,WTER
2018Q3,2018,Q3,2018-02-20,2017-12-31,-2658354.0,3816661.0,-2559412.0,-1.85,1725403.0,0.4520713262,3891833.0,-339653.0,2793291.0,4231486.0,4231486.0,920716.0,-28927208.0,22368372.0,23486715.0,-0.23687851757830208,0.6601205817530769,0.39666450230521194,-4.545085719837599,-2.0434589979910776,-0.23687851757830208,7.826676048790972,5.860717522462697,-2.103592298091225,-65.85654182356699,0.0,2.271338827608079,0.0,0.9806846799438722,0.38681068541878666,-0.6830596276870051,-35.34757874376592,0.4520713262194363,-0.6086956521739132,-97.0013857061797,0.0,-9.607332893586886,-0.17351863268202652,-0.7594541520699293,-2.632643965941816,0.6033388861384236,-0.5061801951445372,-1.0346549675655565,Beverages—Non-Alcoholic,Consumer Defensive,WTER
2018Q2,2018,Q2,2017-11-20,2017-09-30,-1510897.0,4841528.0,-704559.0,-1.15,2087649.0,0.4311963083,4459219.0,433421.0,3305184.0,4025798.0,4025798.0,634347.0,-26269516.0,26898562.799999997,28375509.799999997,0.32870858066810915,0.8210009543449522,0.4392648129638845,4.519342625299651,-0.383636444521635,0.32870858066810915,-3.485980144017018,5.555800317585687,-4.450760508492637,62.06105103352168,0.0,4.341281664451791,0.0,1.0857345198789294,0.5789351577004112,-0.33882547594096635,81.81723911377158,0.43119630827292543,0.2812500000000001,-55.10236467640795,0.0,3.647950384989182,-0.06309929316728374,0.21104868229359763,0.5673406049232455,0.9239833117499814,-0.48433874979248087,-0.9606646717476675,Beverages—Non-Alcoholic,Consumer Defensive,WTER
2018Q1,2018,Q1,2017-08-21,2017-06-30,-1915070.0,5180194.0,-1628438.0,-1.6,2228250.0,0.4301479829,4949301.0,695774.0,3847849.0,4028860.0,4253527.0,837311.0,-25160288.0,26771746.35,28776371.35,0.580856724723899,0.9550714097784485,0.494302528781337,3.516158982658162,-0.5335349863203723,0.580856724723899,-2.752431105502649,5.1680972469370845,-3.4948783007931827,38.4776469801976,0.0,3.5255048602012873,0.0,1.0466516382818503,0.6764824292727968,-0.3869374685435378,-21.877435800002452,0.4301479828747726,-0.7777777777777778,-6.678546829753794,0.0,6.600652609278118,0.21328429920546418,-0.7696507216029954,-5.470683133066311,0.9086480056231037,-0.05230380114711983,-0.9260671830483808,Beverages—Non-Alcoholic,Consumer Defensive,WTER
2017Q4,2017,Q4,2017-07-14,2017-03-31,-1082174.0,3835654.0,-251664.0,-0.9,1836544.0,0.4788085682,4270469.0,833026.0,3150321.0,3429437.0,3437443.0,819988.0,-23388534.0,19405024.2,20435515.2,0.6954395449813456,0.9186117138177491,0.382697076129109,1.9618787408796363,-0.15320068630348802,0.6954395449813456,-1.2990879036188547,5.059117480356674,-4.48287987883649,23.294620095891364,0.0,2.4379747020688107,0.0,0.8981809726285334,0.5899178203302757,-0.2534087005431956,-41.17742066910838,0.47880856823894963,-0.8750000000000001,-16.428066390635482,0.0,4.952948330992234,0.4027665116136966,-1.1774343806275718,0.23851251172501436,0.8234098213761695,0.8305032478047125,1.2477874610509514,Beverages—Non-Alcoholic,Consumer Defensive,WTER
2017Q3,2017,Q3,2017-02-14,2016-12-31,-496995.0,2973689.0,-330490.0,-0.48,1309230.0,0.4402713263,3064598.0,242945.0,1835474.0,2098891.0,2821653.0,813441.0,-22721615.0,15604620.0,17005211.0,0.23353180019763378,0.8744970558261482,0.48591397631924316,6.129498446150364,-0.16737522090952595,0.23353180019763378,-2.0457099343472804,5.247562875606696,-7.84948540729786,64.23108110889295,0.0,2.0461951143352746,0.0,0.9703357503985841,0.43990707473613444,-0.1621729832101959,-31.172394230020117,0.44027132628866034,0.6129032258064516,-20.055323539447794,0.0,8.30902179841789,0.1779731624057742,0.6097791736186083,0.6986403298004947,0.9784940113386168,0.7307958887665075,-0.864496686608958,Beverages—Non-Alcoholic,Consumer Defensive,WTER
2017Q2,2017,Q2,2016-11-21,2016-09-30,-1273625.0,3007538.0,-1096663.0,-1.24,1111426.0,0.3695467854,3068711.0,621799.0,1838258.0,2237170.0,2446912.0,547609.0,-22223241.0,19699737.599999998,20604438.599999998,0.606025371627285,0.8216890088817569,0.3566357340264365,1.7600735929134657,-0.5503333780486637,0.606025371627285,-2.0482905247515677,6.550120929477864,-3.866863794287957,31.681841881379675,0.0,3.4625289211828147,0.0,0.9800655715054302,0.5674798964763518,-0.4150358244878713,-27.214468896348787,0.36954678544377495,-0.20388349514563103,-59.775365480761046,0.0,5.881908202250254,-0.03858876367171957,-0.26185817254105465,-0.2749286192593144,0.7359863721898818,1.3345346184494746,-0.9098384588092538,Beverages—Non-Alcoholic,Consumer Defensive,WTER
2017Q1,2017,Q1,2016-08-15,2016-06-30,-1009325.0,2946749.0,-860176.0,-1.03,1156036.0,0.3923089479,3149495.0,1320975.0,1895471.0,1774700.0,1828520.0,509200.0,-20947565.0,26342132.25,26838890.25,1.3464429687539816,1.0680515016622527,0.29670724989244307,0.707415356081682,-0.33423001121473755,1.3464429687539816,-0.7640757773614186,8.939387864388857,-6.524690325217349,19.94143132913189,0.0,3.516718381775334,0.0,0.9356258701791874,0.7751569279314814,-0.3204720121797304,-23.716523379682148,0.3923089479287174,0.7822410147991543,-3.941035260088594,0.0,13.982477442747413,0.31272256540697674,0.7825176817170271,0.8005010573599816,0.4237453327651045,8.624104376568006,-0.7415543767030486,Beverages—Non-Alcoholic,Consumer Defensive,WTER
2016Q4,2016,Q4,2016-07-14,2016-03-31,-4640952.0,2078259.0,-4311682.0,-4.73,880640.0,0.4237392933,3775557.0,1526881.0,2549023.0,2153472.0,2248676.0,434708.0,-19933934.0,28696765.5,28643114.5,1.5563171832031035,1.1836805865133142,0.3015364355510988,0.7456167180022543,-1.4362804869787922,1.5563171832031035,-3.039498166523783,13.808079503084072,-1.5458447695645205,18.794369371286958,0.0,2.7549964573920884,0.0,0.5504509665726143,0.9767988624881122,-1.2292098887660814,-26.181054184468596,0.4237392933219584,0.055888223552894085,-90.25386810624337,0.0,12.322043368258507,0.40860254611820146,-3.619264552924022,-3.8410563532884447,0.07536863196391565,0.2109406136875536,1.5545210740442,Beverages—Non-Alcoholic,Consumer Defensive,WTER
2016Q3,2016,Q3,2016-02-22,2015-12-31,-1004695.0,1777701.0,-890649.0,-5.01,625187.0,0.3516828758,2212833.0,-683914.0,1012808.0,2762750.0,2896747.0,201319.0,-15296378.0,4238650.35,6127883.35,-3.412591250891926,0.3665941543751697,0.903373187221991,-2.9229025871673926,-0.48559078312703313,-3.412591250891926,1.4690370426691075,2.3843437957226774,-1.054710720666471,-6.197636471837102,0.0,5.7248148460900365,0.0,0.8033597655132584,0.29282019726721564,-0.45403109950005266,-4.504391426603925,0.35168287580419877,-0.11333333333333329,-219.94738092526083,0.0,-105.80645556943722,0.01864126202044494,-0.15591796818822445,0.07448788410640414,-264.00019986282285,0.0,-125.00157357646123,Beverages—Non-Alcoholic,Consumer Defensive,WTER
2016Q2,2016,Q2,2015-11-23,2015-09-30,-869175.0,1719268.0,-962331.0,-4.5,613746.0,0.3569809942,2163795.0,-159383.0,963177.0,2203852.0,2323178.0,257428.0,-14201657.0,14209020.0,15160665.0,-0.8244516863231947,0.4370425055765995,0.4576866107926121,-6.213586141558385,-0.6856485304953647,-0.8244516863231947,5.453373320868599,8.264575389060926,-4.0869272586073,-89.15016030567878,0.0,4.29449010985596,0.0,0.7945614071573324,0.31909992141033067,-0.40169008616805196,-17.273640138879433,0.3569809942370823,0.5408163265306123,-219.1281868741936,0.0,-5.64146690593613,0.14339740747502674,0.4954852408355265,0.2732692842125613,-219.1281868741936,0.0,-5.64146690593613,Beverages—Non-Alcoholic,Consumer Defensive,WTER
2016Q1,2016,Q1,2015-08-18,2015-06-30,-1722794.0,1513578.0,-1324192.0,-9.8,536774.0,0.3546391398,2069881.0,-43717.0,913162.0,1909389.0,2113598.0,212121.0,-13206980.0,16879296.0,17504403.0,-0.24863785788222448,0.47824827732850667,0.39570487385506703,-18.73554909989249,-1.2268913804340287,-0.24863785788222448,39.40787336733994,11.151916848685698,-2.4494071839117155,-386.1037125145824,0.0,4.6049377477948905,0.0,0.7312391388683698,0.3579893882283809,-0.8323154809382761,-28.376910856134156,0.3546391398395061,-0.007194244604316576,-46.05912121423098,0.0,-1.397379953163702,0.49584220441194504,-0.007289249365764559,0.17555360334811188,-46.05912121423098,0.0,-1.397379953163702,Beverages—Non-Alcoholic,Consumer Defensive,WTER
2015Q4,2015,Q4,2015-07-14,2015-03-31,-1710327.0,1247769.0,-1606159.0,-9.73,358844.0,0.2875884879,1917241.0,270140.0,717341.0,1413331.0,1647101.0,193355.0,-11652350.0,12923284.5,13519360.5,1.5363965716300683,0.5075534322816099,0.3579044053407996,2.5401236395942846,-1.1831452314903985,1.5363965716300683,-6.331261568075813,10.357112975238206,-1.8890078476221215,47.83921114977419,0.0,4.597372708230974,0.0,0.6508148949453929,0.3583633274866256,-0.892077208864196,134.36980255154558,0.2875884879332633,-1.0835117773019274,-186.6484018252954,0.0,12.15152333920375,0.33266980357786136,-1.2993087260231984,-1.069485836506188,-186.6484018252954,0.0,12.15152333920375,Beverages—Non-Alcoholic,Consumer Defensive,WTER
2015Q3,2015,Q3,2015-02-17,2014-12-31,-743844.0,857835.0,-776115.0,-4.67,269267.0,0.3138913661,2159809.0,1087824.0,833745.0,942153.0,1071985.0,381636.0,-9993480.0,9548820.0,9815991.0,6.835340911233011,0.8849358862095646,0.1840871114066105,0.3654938666549001,-0.43692636461892975,6.835340911233011,-0.6837907602700437,11.131301474059697,-3.20928178489038,8.777908926443983,0.0,1.5422234799652024,0.0,0.3971809544269887,0.47986791954173047,-0.34440267634776967,-16.13194350587917,0.3138913660552437,0.6901128069011281,-204.99432015842868,0.0,214.93084658080707,-0.2800443844333632,0.6564630814334775,0.6737730999363195,-204.99432015842868,0.0,214.93084658080707,Beverages—Non-Alcoholic,Consumer Defensive,WTER
2015Q2,2015,Q2,2014-11-14,2014-09-30,-2165252.0,1022823.0,-2379065.0,-15.07,374005.0,0.365659552,2699834.0,1200355.0,1314668.0,1206350.0,1499479.0,443206.0,-9227170.0,11635002.0,11905217.0,8.356573982539926,1.0897898619803539,0.24842194001557133,0.5587497032127996,-1.0150255565672104,8.356573982539926,-1.8038430297703596,11.375381664276224,-1.3433773528439183,9.692967497115436,0.0,1.4639197122782635,0.0,0.37884662538511626,0.7072226136693331,-0.8019944929947544,-9.219224159038127,0.3656595520437065,0.13885714285714285,-737.026951291109,0.0,68.31735827912321,1.2540741544321496,0.013071969902426284,-0.07010310762226347,-737.026951291109,0.0,68.31735827912321,Beverages—Non-Alcoholic,Consumer Defensive,WTER
2015Q1,2015,Q1,2014-08-13,2014-06-30,-2193931.0,572049.0,-2223211.0,-17.5,165924.0,0.290052076,2308137.0,984889.0,1138947.0,1014454.0,1323248.0,353829.0,-6950110.0,12034464.0,11917291.0,7.8565479941607705,1.1227192164454969,0.21786315110411558,0.5105732727241344,-1.075317543570284,7.8565479941607705,-2.227592144901608,21.037470566332605,-1.3713357439226668,12.219106924739743,0.0,1.1478002085753287,0.0,0.24784014120478984,0.7693044731451598,-0.9505202680776748,-6.887975411665722,0.29005207595852806,-2.4179687499999996,-83.05450676943033,0.0,76.75326952499488,163.28118811881188,-2.4208387711411836,-0.919604441869481,-83.05450676943033,0.0,76.75326952499488,Beverages—Non-Alcoholic,Consumer Defensive,WTER
2014Q4,2014,Q4,2014-06-30,2014-03-31,-641343.0,219295.0,-1158161.0,-5.12,1010.0,0.0046056682,568308.0,-351835.0,281322.0,836323.0,920143.0,57965.0,-4512901.0,23975100.0,24055783.0,-2.806597000638162,0.33637960453078536,0.1466599097672389,-0.23689513550385835,2.378061192479402,-2.806597000638162,1.8228516207881535,109.32807405549602,-9.345662149582983,-68.14302158682337,0.0,3.7658069524713187,0.0,0.3858735052119625,0.20215753961089197,-1.1285130598196753,-232.43397836118976,0.0046056681638888255,0.7694732102656461,-97.69216128808874,0.0,-25.024413123019794,-0.9852614989493346,0.7213856193704163,0.5248907462157557,-97.69216128808874,0.0,-25.024413123019794,Beverages—Non-Alcoholic,Consumer Defensive,WTER
2014Q3,2014,Q3,2014-02-14,2013-12-31,-2301902.0,171137.0,-2437673.0,-22.21,68528.0,0.4004277275,782901.0,178588.0,281460.0,563856.0,604313.0,87181.0,-3349544.0,20439636.75,20417171.75,1.7234397768835104,0.49917000085128116,0.0,0.0,-13.103646168381157,1.7234397768835104,-12.889455058570565,119.43435230254124,-2.219863915796589,114.45134471521044,0.0,1.176965164428029,0.0,0.21859341091657822,0.21589022729207458,-2.940221049660174,-34.32204651358045,0.40042772749317795,-3.725531914893617,-978.0446684860077,0.0,54.93980128976745,0.20552379276981264,-3.7379641941207224,-4.017419243293087,-978.0446684860077,0.0,54.93980128976745,Beverages—Non-Alcoholic,Consumer Defensive,WTER
2014Q2,2014,Q2,2013-11-13,2013-09-30,-485842.0,129745.0,-485842.0,-4.7,56845.0,0.4381286369,791713.0,694558.0,394745.0,97155.0,97155.0,103787.0,-951717.0,40144870.5,39948880.5,6.721550714679725,4.0630435901394675,0.0,0.0,-0.6994980980710034,6.721550714679725,-0.6994980980710034,309.41362287564067,-20.657369319655363,57.79916220099689,0.0,0.7024001079133225,0.0,0.16387882982848584,2.5178837939375227,-0.6136592426801126,-58.28994859955569,0.4381286369416933,-1.6256983240223464,-229.1978348044648,0.0,55.14623727340762,2.9298306256481164,-1.6114640780038916,-1.7152326023293765,-229.1978348044648,0.0,55.14623727340762,Beverages—Non-Alcoholic,Consumer Defensive,WTER
2014Q1,2014,Q1,2013-08-13,2013-06-30,-186042.0,32522.0,-178932.0,-1.79,14465.0,0.444775844,580662.0,542900.0,438409.0,37762.0,37762.0,29164.0,-465875.0,40484808.0,40100108.0,5.2097727621679715,11.609792913510937,0.0,0.0,-0.3360061624880385,5.2097727621679715,-0.34268189353472095,1244.8437365475677,-54.402780017415424,74.57139067968319,0.0,0.6191537512001097,0.0,0.056008486864992026,10.837482124887453,-0.3203963751717867,-144.63664002686608,0.44477584404403175,0.0,-7.574395212793143,0.0,51.23291660788033,0.0,0.0,0.0,-7.574395212793143,0.0,51.23291660788033,Beverages—Non-Alcoholic,Consumer Defensive,WTER
2013Q3,2013,Q3,2013-05-17,2013-02-28,-2762.0,0.0,-2762.0,-0.0189,0.0,0.0,4018.0,4018.0,4018.0,0.0,0.0,0.0,-48886.0,56721000.0,56720982.0,0.02752054794520548,0.0,0.0,0.0,-0.6874066699850672,0.02752054794520548,-0.6874066699850672,0.0,-5134.051412020275,14116.724738675959,0.0,0.0,0.0,0.0,0.0,-0.6874066699850672,-20536.2056480811,0.0,0.07352941176470594,0.1662369272187943,0.0,1.861331453214009,0.0,0.07377598926894702,0.07377598926894702,0.1662369272187943,0.0,1.861331453214009,Beverages—Non-Alcoholic,Consumer Defensive,WTER
2013Q2,2013,Q2,2013-01-22,2012-11-30,-2982.0,0.0,-2982.0,-0.0204,0.0,0.0,4180.0,-18124.0,4180.0,22304.0,22304.0,0.0,-46124.0,56721000.0,56720820.0,-0.12413698630136986,0.1874103299856528,0.0,0.0,0.1645332156256897,-0.12413698630136986,0.1645332156256897,0.0,-4755.281690140845,-3129.6071507393513,0.0,0.0,0.0,0.0,0.008070301291248206,-0.7133971291866029,-19021.12676056338,0.0,0.9028571428571428,0.0,0.0,0.0,0.0,0.9019046679167078,0.8910207214121258,0.0,0.0,0.0,Beverages—Non-Alcoholic,Consumer Defensive,WTER
2013Q1,2013,Q1,2012-11-26,2012-08-31,-30399.0,0.0,-27363.0,-0.21,0.0,0.0,5462.0,-15142.0,5462.0,20604.0,20604.0,0.0,-43142.0,56721000.0,56719538.0,-0.10371232876712329,0.265094156474471,0.0,0.0,1.902074570764376,-0.10371232876712329,2.0075947695152556,0.0,-466.47093654396525,-3745.9384493461894,0.0,0.0,0.0,0.0,0.07095709570957096,-5.565543756865617,-2070.1850432497536,0.0,-3.0540540540540544,0.0,0.0,0.0,0.0,-3.9867125984251968,-3.490154250082048,0.0,0.0,0.0,Beverages—Non-Alcoholic,Consumer Defensive,WTER
2012Q4,2012,Q4,2012-07-18,2012-05-31,-6096.0,0.0,-6094.0,-0.0518,0.0,0.0,28342.0,13738.0,17861.0,14604.0,14604.0,0.0,-14262.0,45686434.5,45676573.5,0.1168227080622805,1.223021090112298,0.2822666008044598,0.5823263939438055,-0.2803845724505976,0.1168227080622805,-0.4437327121851798,0.0,-1873.623462106299,3325.5520818168584,0.0,0.0,0.0,0.0,1.223021090112298,-0.21508714981299837,-8321.754918032786,0.0,-1.2819383259911892,0.0,0.0,0.0,0.0,-1.7105380168963984,-1.70964873277012,0.0,0.0,0.0,Beverages—Non-Alcoholic,Consumer Defensive,WTER
2012Q3,2012,Q3,2012-06-21,2012-02-29,-2249.0,0.0,-2249.0,-0.0227,0.0,0.0,11437.0,-3167.0,351.0,14604.0,14604.0,0.0,-8167.0,38508120.0,38515769.0,-0.03195117029862793,0.024034511092851273,0.6994841304537903,-2.5260498894853174,-0.4653424374094765,-0.03195117029862793,0.7101357751815598,0.0,-4280.582481102712,-12159.179033785917,0.0,0.0,0.0,0.0,0.024034511092851273,-0.1966424761738218,-2253.782043778532,0.0,0.0,0.0,0.0,0.0,0.0,0.0,0.0,0.0,0.0,0.0,Beverages—Non-Alcoholic,Consumer Defensive,WTER
