Year,Date,FillingDate,NetIncome,Revenue,OperatingIncome,EPSDiluted,GrossProfit,GrossProfitRatio,TotalAssets,CommonStockEquity,CurrentAssets,CurrentLiability,TotalLiability,Inventory,RetainedEarnings,EnterpriseValue,bookValuePerShare,currentRatio,debtToAssets,debtToEquity,roic,shareholdersEquityPerShare,roe,priceToSalesRatio,peRatio,pbRatio,payoutRatio,inventoryTurnover,dividendYield,assetTurnover,quickRatio,returnOnAssets,priceToFreeCashFlowsRatio,grossProfitMargin,epsdilutedGrowth,fiveYNetIncomeGrowthPerShare,fiveYRevenueGrowthPerShare,fiveYShareholdersEquityGrowthPerShare,grossProfitGrowth,netIncomeGrowth,operatingIncomeGrowth,threeYNetIncomeGrowthPerShare,threeYRevenueGrowthPerShare,threeYShareholdersEquityGrowthPerShare,Industry,Sector,Price,MarketCap,AvgVolume,Symbol
2022,2022-12-31,2022-12-31,5770000.0,23198000.0,2583000.0,0.35,9799000.0,0.4224071041,21659000.0,212000.0,15432000.0,10628000.0,21447000.0,7510000.0,-17444000.0,83157653.0,0.012906729398242006,1.452013549115544,0.6519691583175585,66.60849056603773,0.3772795534587016,0.012906729398242006,27.21698113207547,3.1508601172514874,12.667877469670712,344.7813820754717,0.0,1.7841544607190414,0.0,1.071055912091971,0.5905156191193075,0.26640195761577173,-4.189468275348197,0.42240710406069487,1.1041666666666667,1.042711513284928,-0.9032657546254442,-0.9973716531014241,0.07823503521126761,1.2394787083921308,1.0967850719424461,1.0550321792138317,-0.7750537142108967,-0.9978847972293473,Semiconductors,Technology,4.49,38224537,323752,WKEY
2021,2021-12-31,2021-12-31,-24094000.0,22258000.0,-26688000.0,-3.36,9088000.0,0.4083026328,88805000.0,35895000.0,42510000.0,24752000.0,47426000.0,2710000.0,-238160000.0,128588433.89999998,5.010296966352077,1.7174369747899159,0.24840943640560778,0.6145702744114779,-0.4299198478791097,5.010296966352077,-0.67123554812648,6.3248015949321585,-5.842841948202872,3.9219232177183447,0.0,4.8597785977859775,0.0,0.2506390405945611,1.5326842275371688,-0.2713135521648556,-6.449692303110825,0.4083026327612544,0.5029585798816568,0.7858726352480602,-0.35174275983298986,2.8265481600692697,0.6629460201280878,0.16649946379769606,-0.4401036045758688,0.2995183456799737,-0.6927200464389838,2.4967561783285017,Semiconductors,Technology,4.49,38224537,323752,WKEY
2020,2020-12-31,2020-12-31,-28907000.0,14779000.0,-18532000.0,-6.76,5465000.0,0.3697814466,52881000.0,16269000.0,38663000.0,24977000.0,38455000.0,2474000.0,-217820000.0,148993888.5,3.802474214274529,1.5479441085798935,0.32090921124789623,1.0430880816276353,-0.515984401995493,3.802474214274529,-1.776814801155572,10.262797787401041,-5.246960545888539,9.322877159014077,0.0,3.764753435731609,0.0,0.27947656057941417,1.3027585378548265,-0.5466424613755413,-12.035699769877796,0.36978144664726975,-0.10097719869706842,-5.001739953631246,7.259743683105095,3.5655369903376704,-0.4220600676818951,-0.255188884064264,0.0961763558330082,0.17851953005245189,-0.7634081240749678,-0.2256581044176619,Semiconductors,Technology,4.49,38224537,323752,WKEY
2019,2019-12-31,2019-12-31,-23030000.0,22652000.0,-20504000.0,-6.14,9456000.0,0.4174465831,49904000.0,22015000.0,23584000.0,20150000.0,29460000.0,2787000.0,-189161000.0,210931730.0,6.101887524598797,1.1704218362282879,0.2258135620391151,0.5118782648194413,-0.5646231087869736,6.101887524598797,-1.0461049284578696,9.34944949673318,-9.195993486756405,9.619974108562344,-0.4473295701259227,4.7348403301040545,0.04864396334883704,0.45391151009939085,0.8612903225806452,-0.4614860532221866,-14.931171037789058,0.41744658308317145,-0.27887094483351754,-4.67032797507539,14.013023488815563,5.116955769606687,-0.40755591754902576,-0.41479297210959576,-1.2631346578366447,0.5935817492081287,0.31003768529524367,3.6602360373068543,Semiconductors,Technology,4.49,38224537,323752,WKEY
2018,2018-12-31,2018-12-31,-16278000.0,34280000.0,-9060000.0,-4.801109935920313,15961000.0,0.46560676779463245,78453000.0,4858000.0,32118000.0,34875000.0,74478000.0,4186000.0,-197348000.0,347516496.58,1.4328413852255117,0.9209462365591398,0.39178871426204226,6.327089337175792,-0.2558989887716602,1.4328413852255117,-3.350761630300535,9.507744941073511,-20.022453408281116,67.09046862494854,0.0,4.3762541806020065,0.0,0.43694951117229425,0.5055770609318997,-0.20748728538105618,-33.47632462818406,0.46560676779463245,0.4162452163077905,-3.264915036425154,23.176727889869507,1.9667409607362873,-0.2286390875700754,0.32921251081715913,0.32938564026646927,-3.264915036425154,23.176727889869507,1.9667409607362873,Semiconductors,Technology,4.49,38224537,323752,WKEY
2017,2017-12-31,2017-12-31,-24267000.0,43078000.0,-13510000.0,-8.22453206388069,20692000.0,0.48033799155021123,67155000.0,14489000.0,26070000.0,23716000.0,53549000.0,3463000.0,-180554000.0,292037621.19,4.9105882504457625,1.0992578849721706,0.306961506961507,1.4227344882324522,-0.3693903094088397,4.9105882504457625,-1.6748567879080682,6.584280170620734,-11.688202958338485,19.576066063220374,0.0,6.464337279815189,0.0,0.6414712232894051,0.8776775172879069,-0.3613580522671432,-50.64053226031066,0.48033799155021123,0.4763453623348264,-6.30600443126111,33.9113580118124,4.313183756392617,3.675341460124593,0.32452563980089666,0.6266183991950656,-6.30600443126111,33.9113580118124,4.313183756392617,Semiconductors,Technology,4.49,38224537,323752,WKEY
2016,2016-12-31,2016-12-31,-35925864.0,10962491.0,-36182822.0,-15.706023535954015,4425773.0,0.40371964729549153,33631709.0,2995003.0,17336370.0,25580504.0,31719765.0,2983478.0,-155691069.0,223583526.22,1.3093516027409358,0.6777180777986235,0.26515604663444253,2.9775098722772566,-3.036005346038816,1.3093516027409358,-11.995268118262318,20.058140546706035,-6.1205816851057495,73.41801835256926,0.0,2.1909724154158337,0.0,0.3259570008767619,0.5228763280035452,-1.0682140476417656,-19.95474711260941,0.40371964729549153,-12.951952118358955,-12.951952118358955,10.45999359967425,1.883422156442074,2.016921804819824,-4.835324523951299,-4.541000512096755,-12.951952118358955,10.45999359967425,1.883422156442074,Semiconductors,Technology,4.49,38224537,323752,WKEY
2015,2015-12-31,2015-12-31,-6156618.0,2287151.0,-6530016.0,-1.1257222933905378,1466983.0,0.6414019013174032,832127.0,-8105857.0,736438.0,6087070.0,9045184.0,3201.0,-119765205.0,525476875.94,-1.4821357979227792,0.12098398736994975,0.0,0.0,0.8056301161186633,-1.4821357979227792,0.7595270925702242,229.8661622866177,-85.3940626071002,-64.85910409473051,0.0,256.2224304904717,0.0,2.7485600154784064,0.11309694154987539,-7.398651888473754,-113.67609146869229,0.6414019013174032,0.0,0.0,0.0,0.0,0.0,0.0,0.0,0.0,0.0,0.0,Semiconductors,Technology,4.49,38224537,323752,WKEY
TTM,,,,,,,,,,,,,,,,48288537.0,0.012906729398242006,1.452013549115544,0.6519691583175585,66.60849056603773,0.3772795534587016,0.012906729398242006,0.3196056166394328,1.6477514009828433,12.781746031195842,347.8805405660378,0.0,1.7841544607190414,0.0,1.071055912091971,0.5905156191193075,0.26640195761577173,-2.1908945377428783,0.42240710406069487,,,,,,,,,,,Semiconductors,Technology,4.49,38224537,323752,WKEY
