Quarters,Year,Quarter,FillingDate,Date,NetIncome,Revenue,OperatingIncome,EPSDiluted,GrossProfit,GrossProfitRatio,TotalAssets,CommonStockEquity,CurrentAssets,CurrentLiability,TotalLiability,Inventory,RetainedEarnings,MarketCap,EnterpriseValue,bookValuePerShare,currentRatio,debtToAssets,debtToEquity,roic,shareholdersEquityPerShare,roe,priceToSalesRatio,peRatio,pbRatio,payoutRatio,inventoryTurnover,dividendYield,assetTurnover,quickRatio,returnOnAssets,priceToFreeCashFlowsRatio,grossProfitMargin,epsdilutedGrowth,fiveYNetIncomeGrowthPerShare,fiveYRevenueGrowthPerShare,fiveYShareholdersEquityGrowthPerShare,grossProfitGrowth,netIncomeGrowth,operatingIncomeGrowth,threeYNetIncomeGrowthPerShare,threeYRevenueGrowthPerShare,threeYShareholdersEquityGrowthPerShare,Industry,Sector,Symbol
2023Q1,2023,Q1,2023-05-10,2023-03-31,-3173000.0,199500000.0,19325000.0,-0.0053,34948000.0,0.1751779449,2925624000.0,1992157000.0,244950000.0,165353000.0,933467000.0,84340000.0,-410995000.0,3798474750.0,4228536750.0,3.319846685830938,1.481376207265668,0.179791046286194,0.2640359168479191,-0.3516423831991921,3.319846685830938,-0.0015927459532556923,19.039973684210526,-299.2810234793571,1.906714556131871,-1.226284273558147,1.9510552525492055,0.0010243585270640538,0.06819058088120689,0.835080101358911,-0.0010845549530630048,-274.4562680635838,0.17517794486215538,0.2933333333333333,-1.25624804706855,-0.049753628945033684,-0.11295621864462997,0.3969142217603326,0.28728661275831086,3.6928120446818844,0.8390113761238094,0.27038337845162086,0.04835017543606527,Gold,Basic Materials,HL
2022Q4,2022,Q4,2023-02-17,2022-12-31,-4452000.0,194825000.0,4118000.0,-0.0075,25018000.0,0.128412678,2927172000.0,1978967000.0,267727000.0,178466000.0,948205000.0,90672000.0,-403931000.0,3319092040.0,3741574040.0,3.315080265143837,1.5001568926294084,0.18011411697023613,0.266414245411874,0.0008700621885875844,3.315080265143837,-0.002249658533972522,17.036273784165278,-186.38207771787958,1.6771841268702308,-0.5352650494159928,1.87276116110817,0.0007179674354556315,0.06655741446010005,0.9063238936267972,-0.0015209219000455047,-165.7888131868132,0.12841267804439882,0.8231132075471698,0.8927293404331818,-0.18643693791673224,-0.10831324089944137,1.961761572155795,0.8107625605712828,1.1886827033218785,0.5297715852298763,-0.2703624116014495,-0.014926826507695794,Gold,Basic Materials,HL
2022Q3,2022,Q3,2022-11-09,2022-09-30,-23526000.0,146339000.0,-21825000.0,-0.0424,8447000.0,0.0577221383,2934629000.0,1954768000.0,283920000.0,161385000.0,979861000.0,92005000.0,-397096000.0,2184852140.0,2603659140.0,3.52508335873017,1.7592713077423552,0.19200927953754973,0.2882572254098696,-0.006089550816780081,3.52508335873017,-0.012035187807453366,14.930074279583707,-23.217420513474455,1.1177040651371417,-0.14970670747258352,1.4987446334438346,0.001612008398884146,0.04986626929673223,1.0533320940607864,-0.008016686265964114,-35.381074944941055,0.057722138322661765,-0.6892430278884462,-12.983811938611748,-0.252659119666792,-0.07070239522703738,-0.7733140112175616,-0.7397027286844635,-3.048526375070396,-0.06512806932071488,-0.19952815840785035,0.06837907316662181,Gold,Basic Materials,HL
2022Q2,2022,Q2,2022-08-05,2022-06-30,-13523000.0,191242000.0,10654000.0,-0.0251,37263000.0,0.1948473662,2717103000.0,1782882000.0,322396000.0,158229000.0,934221000.0,75367000.0,-370048000.0,2114451920.0,2450833920.0,3.305299767705288,2.037527886796984,0.19674447380169247,0.2998375663672638,0.0046318506997260755,3.305299767705288,-0.00758491027448816,11.056420242415369,-39.089919396583596,1.1859741250402438,-0.26014937513865266,2.0430559794074328,0.0016637881271852235,0.07038452351640699,1.4138811469452501,-0.004976992038947364,361.197799795012,0.1948473661643363,-4.302631578947368,0.5864281399798007,0.04605323413624588,-0.12839506533610826,-0.17975302119791323,-4.256200337105707,-0.2780864615801599,0.7381190357184327,0.28441091073879554,-0.01991026776649078,Gold,Basic Materials,HL
2022Q1,2022,Q1,2022-05-10,2022-03-31,4153000.0,186499000.0,14758000.0,0.0076,45429000.0,0.2435884375,2738899000.0,1728543000.0,343956000.0,188240000.0,1010356000.0,73090000.0,-353007000.0,3537879300.0,3861622300.0,3.209981615257479,1.8272205694857628,0.19561582957239387,0.309955841422516,0.002734030520065677,3.209981615257479,0.0024026014973304107,18.969963914015626,212.97130387671564,2.0467406943304276,0.8449313749097038,1.930086195101929,0.0009918371155285032,0.06809268979980641,1.3490172120696982,0.0015163027187201864,215.31734526200475,0.2435884374715146,-0.6529680365296804,-0.8863674936883352,-0.03937555057993305,-0.16190456518652507,-0.1467290246238801,-0.6502736842105263,5.459957691145362,1.1458397094104484,0.09569404059477028,-0.07224946376796341,Gold,Basic Materials,HL
2021Q4,2021,Q4,2022-02-23,2021-12-31,11875000.0,185078000.0,-3309000.0,0.0219,53241000.0,0.2876679022,2728808000.0,1760787000.0,341627000.0,160383000.0,968021000.0,67765000.0,-353651000.0,2809007280.0,3132916280.0,3.2720841293084866,2.130069895188393,0.19566015637597076,0.3032274772587485,0.0012297285552685373,3.2720841293084866,0.0067441433858836984,15.177424005014101,59.13699536842105,1.595313504699887,0.2949894736842105,1.945502840699476,0.0012470597797809909,0.06782375308193174,1.5874251011640885,0.0043517169401438285,114.57385813925032,0.28766790218178284,11.95,-0.5695549191373973,-0.17238361143395423,-0.126108874758107,0.5113262177813103,13.129724208375894,0.6139757349510032,1.4475995751482278,0.21069464059884888,-0.0700730801383366,Gold,Basic Materials,HL
2021Q3,2021,Q3,2021-11-05,2021-09-30,-979000.0,193560000.0,-8572000.0,-0.002,35228000.0,0.1820004133085348,2674417000.0,1742975000.0,310280000.0,126182000.0,931442000.0,58439000.0,-362023000.0,2953313000.0,3292503000.0,3.245969018522588,2.458987811256756,0.1982091797950731,0.30413172879702804,-0.0006632658220475021,3.245969018522588,-0.0005616833287912907,15.25786836123166,-754.1657303370787,1.694409271504181,-6.310520939734423,2.709355053987919,0.002091887991553892,0.07237465212044344,1.853489404193942,-0.0003660610892018709,186.41122262197817,0.1820004133085348,-3.0,-1.0274006281735901,-0.22120626264471285,-0.13947961073353954,-0.40553493081336484,-2.2471337579617834,-1.3239362104149346,0.9644043745521752,0.13583516730164244,-0.14681558481803564,Gold,Basic Materials,HL
2021Q2,2021,Q2,2021-08-05,2021-06-30,785000.0,217983000.0,26462000.0,0.001,59260000.0,0.27185606216998576,2671238000.0,1720682000.0,331178000.0,129401000.0,950556000.0,82962000.0,-382609000.0,3984350640.0,4335503640.0,3.213039021083747,2.5593156157989507,0.19940080217487172,0.3095557459193506,-0.0022483021319237247,3.213039021083747,0.0004562144545011803,18.278263167311213,1268.9014777070065,2.315564781871374,7.853503184713376,1.913201224657072,0.001547303577679097,0.08160373579591186,1.7939505877079776,0.00029387123124184367,73.23366246369886,0.27185606216998576,-0.9666666666666667,-0.9766722194853261,-0.08805377332560368,-0.10621735948407436,-0.08566314879960502,-0.9586210531864424,-0.31176363494499204,-0.9513631530986824,0.10735712718769148,-0.14260618332021163,Gold,Basic Materials,HL
2021Q1,2021,Q1,2021-05-06,2021-03-31,18971000.0,210852000.0,38449000.0,0.03,64812000.0,0.3073814808491264,2655077000.0,1724875000.0,297917000.0,109118000.0,930202000.0,94252000.0,-377229000.0,3039034690.0,3434072690.0,3.22949217470104,2.7302278267563556,0.20142090041079788,0.3100444959779694,0.013514744823474178,3.22949217470104,0.010998478150590622,14.413117684442168,40.048425096199466,1.7618869135444597,0.2543882768436034,1.5494631413657005,0.0015880042488096771,0.07941464597825224,1.68165655528877,0.00714517884038768,183.92753676693096,0.3073814808491264,23.529844644317254,22.784258245666283,0.1420657351772173,-0.09144389143516658,0.3859379009494483,22.862893081761005,0.5174441550240745,0.7213249305797459,0.12837430299417166,-0.137098420017137,Gold,Basic Materials,HL
2020Q4,2020,Q4,2021-02-18,2020-12-31,795000.0,188890000.0,25338000.0,0.001223,46764000.0,0.24757266133728625,2667724000.0,1702340000.0,284681000.0,149785000.0,965384000.0,96544000.0,-379519000.0,3440867040.0,3844686040.0,3.205925446046878,1.900597523116467,0.20003905951290313,0.3134796809098065,-0.03334721540418788,3.205925446046878,0.0004670042412209077,18.21624776324845,1082.0336603773585,2.0212572341600388,6.021383647798742,1.47213705667882,0.0013912191155168844,0.07080567554964456,1.1284374269786694,0.0002980068402878259,121.72735132840414,0.24757266133728625,-0.9592333333333334,1.0090126654340923,0.1689928351001487,-0.09246943116230495,-0.1257104397247981,-0.9416642207220428,-0.1912285741645121,1.0215349834732859,-0.11323790079988615,-0.13767358788837086,Gold,Basic Materials,HL
2020Q3,2020,Q3,2020-11-06,2020-09-30,13628000.0,199703000.0,31329000.0,0.03,53488000.0,0.2678377390424781,2615150000.0,1693648000.0,235156000.0,125391000.0,921502000.0,87630000.0,-375527000.0,2691577040.0,3114762040.0,3.196539319565603,1.8753818057117337,0.1995503126015716,0.30812423833051494,0.012481121998971249,3.196539319565603,0.008046536234211595,13.477899881323765,49.37586292926328,1.5892186806231283,0.10764602289404168,1.6685495834759785,0.0005450336283147965,0.07636387970097318,1.1174486207144054,0.0052111733552568686,54.10640131869899,0.2678377390424781,2.0,1.981790646037978,0.3558837238211942,-0.13914671836514556,0.5695296223480736,1.9714856002281151,2.1728782661535346,6.265437047854074,0.06739698609570124,-0.15731458495070091,Gold,Basic Materials,HL
2020Q2,2020,Q2,2020-08-06,2020-06-30,-14028000.0,166355000.0,9874000.0,-0.03,34079000.0,0.20485708274473266,2603408000.0,1658693000.0,214881000.0,115636000.0,944715000.0,82542000.0,-387688000.0,1717544610.0,2185916610.0,3.157953556734692,1.8582534850738524,0.2090701879997296,0.32814692049704197,0.004636637657023455,3.157953556734692,-0.008457261229172607,10.324574614529169,-30.60922102224123,1.0354807128263037,-0.10379241516966067,1.6025296212837101,0.0008477217951270565,0.06389893554909565,1.0171918779618805,-0.005388321769004321,64.31065301231887,0.20485708274473266,0.0,0.6281391788489633,0.12859850651772128,-0.16934403308093834,1.996746394653535,0.18370672097759674,1.6600267379679143,0.5594196086592161,-0.06554618295958632,-0.16725014463657348,Gold,Basic Materials,HL
2020Q1,2020,Q1,2020-05-07,2020-03-31,-17185000.0,136925000.0,-14960000.0,-0.03,11372000.0,0.08305276611283549,2764124000.0,1656883000.0,342542000.0,117183000.0,1107241000.0,75122000.0,-371958000.0,952251300.0,1441689300.0,3.1667345164033907,2.923137315139568,0.255109032735145,0.4255900989991448,-0.005899630106183628,3.1667345164033907,-0.010371885039559221,6.954546649625708,-13.852942973523422,0.5747245279238185,-0.08391038696537678,1.67132131732382,0.0015143061500677395,0.04953648967991306,2.0780488637430343,-0.006217159577500865,-63.72557719333467,0.08305276611283549,-0.4999999999999999,-1.9650156985844496,-0.18960279719300008,-0.17717446281162522,-0.5508333991626511,-1.1545887662988967,-2.9671268902038133,-1.4839356846743936,-0.27413252884639805,-0.17319596821084782,Gold,Basic Materials,HL
2019Q4,2019,Q4,2020-02-10,2019-12-31,-7976000.0,224945000.0,7605000.0,-0.02,25318000.0,0.11255195714507991,2637308000.0,1692423000.0,179124000.0,116974000.0,944885000.0,66213000.0,-353331000.0,1704837780.0,2176155780.0,3.3653137191739146,1.531314651119052,0.20239198455394666,0.3153880560592712,0.0022287299634191,3.3653137191739146,-0.004712769798094212,7.57890942230323,-53.436490095285855,1.0073355065488947,-0.17515045135406218,3.0149215410870975,0.0008194328025743306,0.08529341282853577,0.8623540273907022,-0.0030242959866651903,51.39078133478025,0.11255195714507991,0.5,-1.3459908121244188,0.3522734136329128,-0.11158641379121673,0.701478494623656,0.5913096946095512,2.487385096812048,-1.3093629319286355,0.0763403649493659,-0.10120960323156551,Gold,Basic Materials,HL
2019Q3,2019,Q3,2019-11-07,2019-09-30,-19516000.0,161532000.0,-5113000.0,-0.04,14880000.0,0.09211797043310303,2673178000.0,1616644000.0,178926000.0,145843000.0,1056534000.0,98251000.0,-343958000.0,862348960.0,1445574960.0,3.2994687440685264,1.2268398209033,0.23052000278320411,0.38117297314684,-0.002085455452129313,3.2994687440685264,-0.012071921833130857,5.3385642473317985,-11.04669194507071,0.5334192067022796,-0.06984013117442099,1.4926260292516107,0.001580566642070282,0.060426952488760566,0.4811681054284402,-0.007300673580285339,29.939553518730687,0.09211797043310303,0.6,-4.89502274933111,-0.12543613033828807,-0.14447860604890245,1.7350689127105665,0.5805897017106507,0.8823975895300964,-1.5986114898030093,-0.28773464776818636,-0.1252966027042781,Gold,Basic Materials,HL
2019Q2,2019,Q2,2019-08-08,2019-06-30,-46532000.0,134172000.0,-43477000.0,-0.1,-20243000.0,-0.15087350564946486,2670713000.0,1639228000.0,145418000.0,117853000.0,1031485000.0,80602000.0,-323079000.0,816589200.0,1426265200.0,3.3724460720274037,1.2338930701806488,0.23181450047234578,0.3776838853411484,-0.015302737080321841,3.3724460720274037,-0.028386533172932625,6.086137197030677,-4.387245336542595,0.49815474113424124,-0.029205707899939825,1.915771320810898,0.0016642394976568392,0.05023826970550561,0.415806131367042,-0.01742306268026553,-16.499751469964234,-0.15087350564946486,-1.0,-1.2885272667301446,-0.19136350422963094,-0.1345872900364886,-6.8777584204413476,-0.8224258802334234,-1.6964152815678493,-2.523511542182364,-0.3815583010196312,-0.06187452580718308,Gold,Basic Materials,HL
2019Q1,2019,Q1,2019-05-10,2019-03-31,-25533000.0,152617000.0,-16124000.0,-0.05,3444000.0,0.022566293401128316,2694605000.0,1670570000.0,144107000.0,146821000.0,1024035000.0,78674000.0,-275188000.0,1076708670.0,1634459670.0,3.459962015537592,0.9815149059058309,0.2113660443738507,0.34093034114104764,-0.005523510836068045,3.459962015537592,-0.015284004860616436,7.054972054227249,-10.542324344965339,0.6445157461225809,-0.05275525790153918,1.8960901949818236,0.0012510347854819447,0.05663798590145865,0.29543457679759705,-0.009475600319898464,-82.56335173683,0.022566293401128316,0.0,-2.5566437200193843,-0.13891738533771605,-0.11749543789388567,3.7225296442687745,-0.07766006837462541,0.3406665303618892,-31.432799853340104,-0.08557870070235729,-0.02660559166396542,Gold,Basic Materials,HL
2018Q4,2018,Q4,2019-02-22,2018-12-31,-23693000.0,136520000.0,-24455000.0,-0.05,-1265000.0,-0.009266041605625549,2703944000.0,1690963000.0,164150000.0,136194000.0,1012981000.0,87533000.0,-248308000.0,1134149920.0,1652694920.0,3.5186465295522837,1.2052660175925518,0.2019028500590249,0.3228539004105944,-0.00890739958624843,3.5186465295522837,-0.014011542535229925,8.307573395839437,-11.967141349765752,0.6707124401894068,-0.05647237580720044,1.5740920567100407,0.0011797382130926749,0.05048921131502723,0.390670660968912,-0.008762385611536333,-32.74388428559055,-0.009266041605625549,0.0,-4.809204397227875,-0.1474943889739427,-0.09104082895030872,-1.1923661800486618,-0.021954796411318152,0.194923623913616,0.7032159225747622,-0.06645859645178381,-0.003944620595936102,Gold,Basic Materials,HL
2018Q3,2018,Q3,2018-11-09,2018-09-30,-23184000.0,143649000.0,-30376000.0,-0.05,6576000.0,0.045778251153854185,2710258000.0,1722069000.0,198329000.0,132456000.0,988189000.0,76088000.0,-223280000.0,1267380800.0,1755298800.0,3.8045338859480906,1.4973198647097905,0.20248035426885558,0.31867131920962516,-0.01191377313343805,3.8045338859480906,-0.013462875180959647,8.82276103557978,-13.666545893719805,0.7359640060880255,-0.057410282953761216,1.8015061507727894,0.0010501973834541284,0.05300196512656729,0.7604865011777496,-0.008554167167848965,-107.50536941216389,0.045778251153854185,-2.666666666666667,-1.074947541832833,0.01979694103904035,-0.018231942787857433,-0.812125021427347,-2.920159019380487,-9.087326943556976,-0.955100756560485,0.14165392981435632,0.02459101965762719,Gold,Basic Materials,HL
2018Q2,2018,Q2,2018-08-09,2018-06-30,12074000.0,147259000.0,3756000.0,0.03,35002000.0,0.23769005629537074,2392594000.0,1501299000.0,352362000.0,105333000.0,891295000.0,61054000.0,-176158000.0,1394154120.0,1702434120.0,3.747448323719045,3.345219446896984,0.22904094886136134,0.365018560593193,0.0017575469974054766,3.747448323719045,0.008042368642089284,9.467361044146708,28.866865164816964,0.9286318847877738,0.09441775716415438,1.8386510302355292,0.0008177001262959364,0.061547843052352384,2.6041411523454188,0.005046405700256709,280.73985501409584,0.23769005629537074,0.4999999999999999,1.3680497892380639,0.30768061814006475,-0.1476918125232478,-0.0975609756097561,0.4652912621359223,-0.6856640723073061,1.4196281060998033,0.30982775916891336,-0.014285595119162905,Gold,Basic Materials,HL
2018Q1,2018,Q1,2018-05-10,2018-03-31,8240000.0,139709000.0,11949000.0,0.02,38786000.0,0.27761990995569363,2398091000.0,1494501000.0,366105000.0,115934000.0,903590000.0,62803000.0,-187092000.0,1465511740.0,1799271740.0,3.742596200559949,3.1578743077958147,0.22781829380119437,0.36555947436636044,0.005322504288262315,3.742596200559949,0.005513545992943464,10.489744683592324,44.46334162621359,0.9806027162243451,0.1378640776699029,1.6069773736923396,0.0007751558510203406,0.05825842305400421,2.466342919247158,0.00343606643784577,-1170.536533546326,0.27761990995569363,1.2857142857142858,-0.4695784368024625,0.30505560224122086,-0.06640689688392794,-0.17871511455554143,1.2969476377527118,-0.4990987214420457,-0.3937259186507236,0.08341917185827206,-0.02754597417201627,Gold,Basic Materials,HL
2017Q4,2017,Q4,2018-02-15,2017-12-31,-27749000.0,160113000.0,23855000.0,-0.07,47226000.0,0.29495418860429823,2364957000.0,1483882000.0,320325000.0,112130000.0,881075000.0,54555000.0,-195484000.0,1584558010.0,1912481010.0,3.7177632518483814,2.856728796932132,0.21735278907819466,0.34640894626392127,-0.03134829924227249,3.7177632518483814,-0.018700274011006265,9.896498160674025,-14.275811831056975,1.067846371881322,-0.04093841219503405,2.069232884245257,0.0007169191615774293,0.06770228803314395,2.2478819227682156,-0.011733405723655863,112.26057456606448,0.29495418860429823,-23.047244094488192,-27.68371204343153,0.4105661667471891,-0.06832696285441574,0.08224671723537365,-20.652266288951843,0.1390984624200172,-2.5166748462933755,0.2127757003274675,-0.018542799017080686,Gold,Basic Materials,HL
2017Q3,2017,Q3,2017-11-07,2017-09-30,1412000.0,140839000.0,20942000.0,0.003175,43637000.0,0.30983605393392455,2396183000.0,1512941000.0,311335000.0,115797000.0,883242000.0,62727000.0,-166602000.0,2002216959.9999998,2344498960.0,3.7932771381578947,2.688627511938997,0.2150107066113064,0.34053211592520793,-0.0036312276109064846,3.7932771381578947,0.0009332816018602179,14.216353140820368,354.50016997167137,1.323393945963524,0.8038243626062322,1.5496038388572704,0.0005668716341309985,0.05877639562587665,2.006019154209522,0.000589270518987907,517.6362357807652,0.30983605393392455,1.0529166666666667,2.142031151410979,0.23134389681066866,-0.056078093096961115,0.39830807190694395,1.0587941372418388,4.2684276729559745,-0.6538081470063598,-0.06326046150996292,-0.01643870677252513,Gold,Basic Materials,HL
2017Q2,2017,Q2,2017-08-03,2017-06-30,-24016000.0,134279000.0,3975000.0,-0.06,31207000.0,0.23240417340015937,2379156000.0,1502386000.0,291758000.0,113788000.0,876770000.0,48403000.0,-166875000.0,2020507799.9999998,2371096800.0,3.7921994658966423,2.5640489331036664,0.21633806274157727,0.3425897206177374,0.005936383728371529,3.7921994658966423,-0.015985239479068627,15.047087035202821,-21.03293429380413,1.3448659665358969,-0.04705196535642905,2.1294547858603807,0.0005592653490375044,0.056439762672140875,2.059971174464794,-0.010094335974606121,-120.48347048300535,0.23240417340015937,-1.857142857142857,-7.852373189694408,0.4429119753562122,-0.05541396658390078,-0.10622637186390194,-1.8949839755534024,-0.7495431919853821,-0.4491356529109073,-0.0071045104634034585,-0.026873211190928555,Gold,Basic Materials,HL
2017Q1,2017,Q1,2017-05-08,2017-03-31,26834000.0,142544000.0,15871000.0,0.07,34916000.0,0.24494892805028623,2406461000.0,1514303000.0,315155000.0,132655000.0,892158000.0,54164000.0,-141730000.0,2091507300.0,2427748300.0,3.8300908010218278,2.375749123666654,0.2131873319368151,0.33878754780252035,-0.09336683838042947,3.8300908010218278,0.01772036375811182,14.672713688404984,19.485608742639936,1.381168299871294,0.04199895654766341,1.9870762868325824,0.0005388458362062614,0.05923387081693823,1.9052052316158457,0.011150814411702495,125.78981776628376,0.24494892805028623,0.4000000000000001,0.5401638441575941,0.12840202244649282,-0.04926972986213652,-0.1982180582345917,0.32435100187543187,-0.26256853452281387,0.9978479323563249,-0.017843976472999176,-0.023089678440517347,Gold,Basic Materials,HL
2016Q4,2016,Q4,2017-02-23,2016-12-31,20262000.0,164245000.0,21522000.0,0.05,43548000.0,0.26514049133915796,2371677000.0,1479844000.0,303384000.0,127480000.0,891833000.0,50023000.0,-167437000.0,2070999960.0,2414162960.0,3.744269777774404,2.3798556636335113,0.21627734299400803,0.34661761645146383,0.008672791361965611,3.744269777774404,0.013691983749638476,12.609211604615057,25.55275836541309,1.3994718091906986,0.055423946303425134,2.4128300981548487,0.0005422501311878344,0.06925268491451407,1.795913084405397,0.008543321877304541,270.2949569303054,0.26514049133915796,-0.28571428571428575,-0.22469697267848515,0.13447196514832868,-0.07775624457853705,-0.2579364403169464,-0.21431618131761604,-0.43718619246861923,7.040718167664209,0.24710432104659624,-0.032756395162748905,Gold,Basic Materials,HL
2016Q3,2016,Q3,2016-11-08,2016-09-30,25789000.0,179393000.0,38240000.0,0.07,58685000.0,0.3271309359896986,2363679000.0,1461983000.0,310001000.0,135147000.0,901696000.0,46079000.0,-186579000.0,2209194600.0,2557107600.0,3.772100067599296,2.2938060038328634,0.21820094860596553,0.3527790678824583,0.014051512894119898,3.772100067599296,0.017639739996976708,12.314831682395635,21.416055294893173,1.5110945886511677,0.042886501996975454,2.6195880987000586,0.000500634937275331,0.07589566942042468,1.7857074148889727,0.010910533959983568,50.553652173913044,0.3271309359896986,0.16666666666666682,-0.6673818296698436,0.07337109039734384,-0.040568362660264645,0.003986176691986587,0.06937303035329243,-0.08099014659937515,3.6955241702872734,0.4873273545731574,-0.026601558562834957,Gold,Basic Materials,HL
2016Q2,2016,Q2,2016-08-04,2016-06-30,24116000.0,171302000.0,41610000.0,0.06,58452000.0,0.3412219355290656,2270810000.0,1379678000.0,311135000.0,129788000.0,891132000.0,51406000.0,-211258000.0,1957328999.9999998,2330999000.0,3.59487740691524,2.3972555243936267,0.22779668928708258,0.3749302373452356,0.01473703473177156,3.59487740691524,0.01747944085504009,11.426188836090645,20.290771686846906,1.41868537441345,0.045612871122905956,2.195269034743026,0.0005619903450058728,0.075436518246793,1.767836779979659,0.010619999031182705,78.03097592090575,0.3412219355290656,31.075187969924812,-0.47314665292848807,0.057904230443915336,-0.03737950064890715,0.896437609499708,40.02265372168285,1.6719321903294162,1.7673589538436316,0.5878890774769654,-0.18239207529662885,Gold,Basic Materials,HL
2016Q1,2016,Q1,2016-05-05,2016-03-31,-618000.0,131017000.0,15573000.0,-0.001995,30822000.0,0.23525191387377212,2239173000.0,1347246000.0,276854000.0,132818000.0,891927000.0,52818000.0,-234272000.0,1053681159.9999999,1437894160.0,3.554532454580473,2.0844614434790465,0.2314385712939554,0.38465952023609645,-0.004938379969478464,3.554532454580473,-0.00045871355342676836,8.042323973224848,-426.24642394822,0.7821000470589632,-1.7637540453074434,1.8969858760271119,0.0010344685293604376,0.05851133431851849,1.4725338433043713,-0.0002759947534201243,-66.24425751288821,0.23525191387377212,0.9879905835173038,-1.0104715009038585,-0.2941578278531714,-0.020944705237551015,1.6265019173412867,0.9901847116560519,8.611436950146627,-1.0419122767528997,0.28941019784563515,-0.1133195229819139,Gold,Basic Materials,HL
2015Q4,2015,Q4,2016-02-23,2015-12-31,-62963000.0,115337000.0,-2046000.0,-0.16611964476996058,11735000.0,0.10174532023548384,2221925000.0,1338926000.0,269533000.0,127084000.0,882999000.0,45542000.0,-232565000.0,716351580.0,1081638580.0,3.532581222198184,2.1209042837808063,0.23425453154359396,0.3887414240966267,-0.027899224082752378,3.532581222198184,-0.04702500362230624,6.210943409313577,-2.8443354827438334,0.5350195455163317,-0.017168813430109748,2.2748671555926396,0.0015090355492759576,0.05190859277428356,1.546677787919801,-0.02833714009248737,-49.17632868813071,0.10174532023548384,-4.537321492332019,-3.7509945405614196,-0.3698336222200527,0.022226146510990228,5.582194455290902,-5.366329625884732,0.9034769071094966,-64.75841886769102,0.07001221695104308,-0.11473365749889208,Gold,Basic Materials,HL
2015Q3,2015,Q3,2015-11-04,2015-09-30,-9890000.0,104941000.0,-21197000.0,-0.03,-2561000.0,-0.024404189020497232,2285213000.0,1401771000.0,291163000.0,125616000.0,883442000.0,43606000.0,-168522000.0,743690760.0,1091475760.0,3.7132219714549097,2.3178814800662337,0.22852968191586517,0.37255657307791357,-0.007010712807987738,3.7132219714549097,-0.007055360683021692,7.086751222115284,-18.799058645096057,0.530536556969719,-0.1096056622851365,2.4653029399623905,0.001457595089657965,0.04592175871570834,1.6878980384664375,-0.004327824145933005,-71.9793612078978,-0.024404189020497232,0.5714285714285715,-1.3390029619241666,-0.38548095553302475,-0.017787800578474077,-1.2706043956043955,0.6291296358795515,-0.22596876807403124,-7.451247188745175,-0.03064492831365367,-0.07599908037510626,Gold,Basic Materials,HL
2015Q2,2015,Q2,2015-08-06,2015-06-30,-26667000.0,104197000.0,-17290000.0,-0.07,9464000.0,0.09082795090069772,2292268000.0,1411574000.0,299084000.0,109193000.0,880694000.0,52404000.0,-157547000.0,976505850.0,1308177850.0,3.8017587093820278,2.739040048354748,0.22826563037131783,0.3706826563821663,-0.008800873865627001,3.8017587093820278,-0.018891676950694755,9.371727113064676,-9.154627910901112,0.6917850923862298,-0.039899501256234295,1.807743683688268,0.0010895992072141709,0.0454558542020392,2.0502596320276942,-0.011633456471930856,-1743.7604464285714,0.09082795090069772,-3.3333333333333335,-2.044906708483517,-0.2130221935283208,-0.006107595786192047,-0.523775977456851,-3.1245219885277247,-4.512799674928891,-9.118686050828781,0.19469819890618845,-0.053032887221509166,Gold,Basic Materials,HL
2015Q1,2015,Q1,2015-05-08,2015-03-31,12552000.0,119092000.0,4922000.0,0.03,19873000.0,0.16687099049474355,2259951000.0,1419325000.0,308325000.0,88538000.0,840626000.0,43895000.0,-129817000.0,1098991220.0,1423430220.0,3.848609909731581,3.482403035984549,0.23038995093256448,0.36684339386680287,0.0022507884178045922,3.848609909731581,0.008843640462896095,9.228086017532664,21.888767128744423,0.7743055466506966,0.08460803059273422,2.2603713406993964,0.0009663407502018078,0.05269671776069481,2.699733447785132,0.0055541027216961785,-198.40968044773425,0.16687099049474355,-0.34553859804791487,-0.6228725418658188,-0.02145881550455988,0.04983184222383249,-0.10510199486648354,-0.2574977817213842,1.0397845006216329,-0.22763925444273414,0.010702307017848054,-0.04467279518329319,Gold,Basic Materials,HL
2014Q4,2014,Q4,2015-02-18,2014-12-31,16905000.0,121985000.0,2413000.0,0.04583921971642321,22207000.0,0.1820469729884822,2262064000.0,1396974000.0,316359000.0,90985000.0,865090000.0,47473000.0,-141306000.0,1028921310.0,1340876310.0,3.788003438280426,3.477045666868165,0.2305947135005906,0.3733927761003426,0.001650655692709997,3.788003438280426,0.01210115578385854,8.434818297331638,15.21622759538598,0.7365357622976519,0.06246672582076309,2.101784172055695,0.0010263175519224109,0.053926414106762674,2.687750728142001,0.007473263355943952,-137.48280464991984,0.1820469729884822,3.583921971642321,-0.654031029937218,-0.09060299406999901,0.05934194607411572,0.008354901693683876,3.5987486398258977,-0.6152128847073832,-0.30677344813688134,-0.09701843082744405,-0.06698429231622571,Gold,Basic Materials,HL
2014Q3,2014,Q3,2014-11-05,2014-09-30,3676000.0,135507000.0,6271000.0,0.01,22023000.0,0.16252296929309926,2252453000.0,1386367000.0,318439000.0,101042000.0,866086000.0,41011000.0,-157148000.0,891490560.0,1186673560.0,3.856675902434682,3.1515508402446506,0.22976861226405168,0.37330879918520854,0.003108386548695905,3.856675902434682,0.002651534550375189,6.578926254732228,60.629118607181724,0.6430408109829504,0.28618063112078346,2.7671600302357904,0.0011800461465346307,0.060159745841533656,2.469864016943449,0.0016319985367064262,-28.303983236498713,0.16252296929309926,1.25,-0.9068358315338768,-0.06382877039274971,0.10312943108336999,0.17593976932934643,1.255295506632405,0.2462241653418124,-0.9488811564679361,-0.12582137874843358,-0.01905654424577249,Gold,Basic Materials,HL
2014Q2,2014,Q2,2014-07-31,2014-06-30,-14399000.0,117502000.0,5032000.0,-0.04,18728000.0,0.15938452111453422,2255127000.0,1341383000.0,346880000.0,147046000.0,913744000.0,50954000.0,-159748000.0,1187545200.0,1482287200.0,3.8969222813582167,2.3589897039021803,0.22917778023144594,0.385292641997103,0.001985554050754439,3.8969222813582167,-0.010734443481093767,10.106595632414768,-20.6185360094451,0.8853140378251403,-0.06917147024098896,1.9384935431958237,0.000838704918347529,0.05210438259131304,1.7143886946941773,-0.006385006254636657,-300.7966565349544,0.15938452111453422,-2.3333333333333335,-4.723085421446335,0.01761885185959056,0.08888524108701179,-0.15802724452636785,-2.2369212266987373,-0.3639236506130704,-1.3507352378841058,-0.19091941427777878,0.043500750595107454,Gold,Basic Materials,HL
2014Q1,2014,Q1,2014-05-06,2014-03-31,11641000.0,125787000.0,7911000.0,0.03,22243000.0,0.1768306740760174,2250281000.0,1343462000.0,332271000.0,151560000.0,906819000.0,43858000.0,-144355000.0,1051984620.0,1357978620.0,3.9206165770750525,2.192339667458432,0.22825416025820774,0.38232268571794364,0.0031764203092206956,3.9206165770750525,0.008664926882933794,8.363222113572945,22.592230478481227,0.7830401008737128,0.08547375655012455,2.360891969538055,0.0009458313183323918,0.055898352250230085,1.6128991818421747,0.0051731317111063015,299.1992662116041,0.1768306740760174,4.0,-0.07572209815463836,0.3347182172187492,0.06698189694462027,0.509945013916231,5.0030949105914715,10.301428571428572,-0.7818254179738162,-0.25043531809463665,0.07988897768322728,Gold,Basic Materials,HL
2013Q4,2013,Q4,2014-02-19,2013-12-31,-2908000.0,114180000.0,700000.0,-0.01,14731000.0,0.1290155894202137,2232119000.0,1326419000.0,343635000.0,151479000.0,905700000.0,48837000.0,-154982000.0,1055358920.0,1356712920.0,3.8710721467157354,2.2685322718000513,0.2300634509181634,0.3871544361170942,0.00010136279816783869,3.8710721467157354,-0.0021923690779459583,9.242940269749518,-90.72893053645117,0.7956452071328893,-0.3421595598349381,2.036345393861212,0.0009428072110292107,0.05115318672525972,1.6552789495573643,-0.001302797924304215,-64.48484174508127,0.1290155894202137,0.6666666666666666,0.9330323853310786,1.4102407417036908,0.1859318488267014,-0.2878758580682587,0.6561834949160558,-0.597932222860425,0.7572783749448174,-0.30993251285051526,0.12017556412783653,Gold,Basic Materials,HL
2013Q3,2013,Q3,2013-11-05,2013-09-30,-8458000.0,106629000.0,1741000.0,-0.03,20686000.0,0.19399975616389536,2269012000.0,1327786000.0,389886000.0,177904000.0,941226000.0,43639000.0,-151079000.0,1075883320.0,1348465320.0,3.8751860564210623,2.19155274754924,0.2249516529661368,0.38441284966101463,0.0007204106798080552,3.8751860564210623,-0.006370002394964248,10.089969145354454,-31.800760227004023,0.8102836752307978,-0.11764010404350911,1.96940809826073,0.0009248214759942556,0.046993581347300056,1.6277318104146057,-0.003727613604511567,-18.642927049038295,0.19399975616389536,0.625,0.10521676826794865,-0.3433664592643853,-0.22531784473195174,3.0473488554099,0.6597473650333896,1.053368892158666,-1.319422507784816,-0.3120511997744581,0.025054534553882117,Gold,Basic Materials,HL
2013Q2,2013,Q2,2013-08-08,2013-06-30,-24858000.0,85330000.0,-32622000.0,-0.08,5111000.0,0.059896870971522326,2272455000.0,1334726000.0,399117000.0,118055000.0,937729000.0,38830000.0,-141627000.0,916769320.0,1131297320.0,4.39682309613066,3.3807716742196434,0.2248242539456227,0.38277743896500105,-0.013726210292783288,4.39682309613066,-0.01862404718271765,10.743810148833939,-9.220063158741652,0.6868595651841651,-0.03419422318770617,2.065902652588205,0.0009271688978422619,0.03754969845387478,2.7521833043920205,-0.010938830471890532,-25.73532043904219,0.059896870971522326,-3.0,0.7475380052012497,-0.44505890830591577,0.054339934192833096,-0.8004918416738231,-3.2406706327744725,-13.741075463172164,-2.1913394218745292,-0.21173001842560193,0.14945987159359597,Gold,Basic Materials,HL
2013Q1,2013,Q1,2013-05-10,2013-03-31,11094000.0,76450000.0,-2213000.0,0.04,25618000.0,0.33509483322432965,1380112000.0,1143196000.0,258231000.0,90025000.0,236916000.0,33745000.0,-115896000.0,1106463480.0,960532480.0,4.008808749837817,2.8684365454040543,0.0164356226161355,0.019841741923519677,-0.0011160015014832843,4.008808749837817,0.009704372653508235,14.473034401569654,24.93382639264467,0.9678685719684113,0.33378402740219937,1.5063564972588532,0.003346698799313286,0.05539405497524839,2.098572618717023,0.008038478036565148,-76.87511151254081,0.33509483322432965,14.352409152086137,-0.692560465733084,-0.28633222857423535,-0.05740074768969699,-0.24734847371977553,13.93135935397039,-1.3578011317704124,-0.5689417265513049,-0.1876435931813233,0.09353121612129789,Gold,Basic Materials,HL
2012Q4,2012,Q4,2013-02-25,2012-12-31,743000.0,81100000.0,6185000.0,0.002605454271296871,34037000.0,0.419691738594328,1378290000.0,1137951000.0,282898000.0,94987000.0,240339000.0,28637000.0,-123288000.0,1662546930.0,1489061930.0,3.9904162765498596,2.9782812384852666,0.012696166989530504,0.01537763928323803,0.0024486651806685544,3.9904162765498596,0.0006529279380219359,20.499962145499385,559.4034084791386,1.4610004560829069,8.827725437415882,1.643433320529385,0.003945151791895583,0.05884102765020424,2.2740480276248327,0.0005390737798286283,-56.83921128205128,0.419691738594328,1.840493051775239,-0.9612758345367868,-0.4215163910797773,-0.008733635103972931,-0.08770001876222895,1.83954802259887,-0.2911987164794866,-0.980335478300838,-0.218119208625449,0.11594812753525653,Gold,Basic Materials,HL
2012Q3,2012,Q3,2012-11-06,2012-09-30,-885000.0,81871000.0,8726000.0,-0.0030999117313269724,37309000.0,0.4557047061841189,1403603000.0,1147288000.0,330949000.0,98319000.0,256315000.0,25170000.0,-117471000.0,1904231640.0,1686854640.0,4.018634497639163,3.3660736988781417,0.01055640376944193,0.012914804303714498,0.007533428022978719,4.018634497639163,-0.0007713843429025668,23.258927336908062,-537.9185423728813,1.6597677653736465,-0.9627118644067797,1.7704410011918952,0.00044742455807529803,0.058329171425253436,2.6649172591259065,-0.0006305201684521905,348.44128819762125,0.4557047061841189,-1.3099911731326974,-1.0299041544990806,-0.29839171802614567,0.7471314773079284,0.5566171562082777,-1.3506339144215531,4.517130189439742,-1.0282415029345309,-0.2878117901576072,0.14945463379853563,Gold,Basic Materials,HL
2012Q2,2012,Q2,2012-08-07,2012-06-30,2524000.0,67019000.0,-2481000.0,0.01,23968000.0,0.35762992584192543,1390494000.0,1145433000.0,339496000.0,91751000.0,245061000.0,23182000.0,-115734000.0,1355232000.0,1135511000.0,4.014668152759085,3.7001885538032284,0.009785011657727398,0.011878477396757384,-0.0016599633437763919,4.014668152759085,0.002203533510908102,20.221608797505183,134.23454833597464,1.183161302319734,2.598256735340729,1.8570873953929774,0.004839023871927463,0.04819797856013762,2.9479024751773824,0.0018151822302002023,-36.55971296770887,0.35762992584192543,-0.75,-0.9562686214772889,-0.5297873263208509,0.8563647041455104,-0.5027592216090618,-0.7992363983455297,-1.0975389212140274,-0.21264419293962528,-0.29975689069365274,0.12178601054311915,Gold,Basic Materials,HL
2012Q1,2012,Q1,2012-05-08,2012-03-31,12572000.0,91153000.0,25436000.0,0.04,48202000.0,0.5288032209581692,1397733000.0,1149321000.0,353430000.0,97404000.0,248412000.0,24247000.0,-111688000.0,1318049040.0,1053168040.0,4.028577737896611,3.6284957496612047,0.009746496648501538,0.011853085430441104,0.013666812986020392,4.028577737896611,0.010938632462123288,14.459743946990224,26.210011135857464,1.1468067145732135,0.2946229716831053,1.7713943993071308,0.002810214102504107,0.0652148872495677,2.9854831423760833,0.008994564770238665,78.57690711815906,0.5288032209581692,-0.3333333333333333,-0.35086620938678725,-0.27885460508919885,1.1084889356954952,-0.45131474103585656,-0.32295761753460067,-0.19582674675940562,0.19894172436854832,0.16173270755970795,0.09636314397685826,Gold,Basic Materials,HL
2011Q4,2011,Q4,2012-02-22,2011-12-31,18569000.0,102867000.0,31630000.0,0.06,87850000.0,0.8540153790817269,1396090000.0,1140113000.0,362744000.0,107316000.0,255977000.0,26195000.0,-120557000.0,1468683370.0000002,1212490370.0000002,4.05995676930692,3.380148346938015,0.007356259266952703,0.009007879043568489,0.01682091940061709,4.05995676930692,0.01628698207984647,14.277497837012843,19.773323415369703,1.2881910565005399,0.30857881415261995,0.5732773430043901,0.0039014535856016397,0.07368221246481244,2.672220358567222,0.013300718435057911,-10.400556397473304,0.8540153790817269,-0.6842105263157895,-0.6133144949354429,-0.37472488517169444,1.1670554692366042,0.827885395643037,-0.6679422757103771,-0.2726896456575226,1.5217733870758277,1.649533647442953,0.24379806293860976,Gold,Basic Materials,HL
2011Q3,2011,Q3,2011-11-08,2011-09-30,55921000.0,120543000.0,43489000.0,0.19,48061000.0,0.3987041968426205,1515720000.0,1099043000.0,542812000.0,254694000.0,416677000.0,25739000.0,-133398000.0,1498339760.0,1092180760.0,3.9315985848229777,2.1312319881897492,0.005003562663288734,0.006900548932116396,0.02621944739060911,3.9315985848229777,0.05088153966678283,12.429919281915996,6.698466407968384,1.3633131369746225,0.002467767028486615,2.8160379191110767,9.210194088422241e-05,0.07952854089145753,1.7387060551092683,0.03689401736468477,40.58341711809317,0.3987041968426205,0.7272727272727273,22.87819285575608,0.02200128686973282,1.3812282979703758,-0.29104158369105043,0.6784524416964313,-0.19151902734658213,8.251287041557122,-0.09012918663127414,-0.21404050773438918,Gold,Basic Materials,HL
2011Q2,2011,Q2,2011-08-09,2011-06-30,33317000.0,117860000.0,53791000.0,0.11,67791000.0,0.5751824198201255,1460389000.0,1043213000.0,522315000.0,253528000.0,417176000.0,21987000.0,-189179000.0,2148178430.0,1778260430.0,3.734470031895814,2.0601866460509295,0.005147943458900334,0.007206581973192436,0.031977747152827335,3.734470031895814,0.03193691029540468,18.22652664177838,16.11923665095897,2.059194459808304,0.004142029594501306,2.277209260017283,6.424047373010817e-05,0.08070452461638646,1.666707424820927,0.022813784546446187,45.169654527103745,0.5751824198201255,-0.26666666666666666,0.5436299329666242,-0.11628141394063585,1.284793206203408,-0.14806529853090872,-0.23156583711972692,-0.21741470866370843,1.3677094836558943,-0.16704662597443373,-0.10448958223059421,Gold,Basic Materials,HL
2011Q1,2011,Q1,2011-05-09,2011-03-31,43357000.0,136364000.0,68735000.0,0.15,79573000.0,0.5835337772432607,1417089000.0,1010926000.0,471783000.0,243213000.0,406163000.0,17821000.0,-222359000.0,2528307840.0,2213363840.0,3.630573751652014,1.939793514326948,0.004740704359429789,0.006645392442176777,0.04351738609412653,3.630573751652014,0.042888401327100104,18.54087471766742,14.578429319371727,2.50098210947191,0.07860322439283161,3.1867459738510746,0.0013479371246184959,0.09622825383585647,1.5291041186120808,0.030595820022595616,64.69735254228614,0.5835337772432607,5.289975349219392,-0.5183768851928038,0.46162933606340495,1.3425703552340742,0.06533410091976491,5.453266228430567,1.5156336739133696,0.2305295070193379,0.303705755567588,-0.14633590242910688,Gold,Basic Materials,HL
2010Q4,2010,Q4,2011-02-25,2010-12-31,-9736000.0,134460000.0,-133302000.0,-0.03496523587887146,74693000.0,0.5555034954633348,1382493000.0,962253000.0,432021000.0,256537000.0,420240000.0,19131000.0,-265577000.0,3135324480.0,2857991480.0,3.455772711601448,1.6840494743448313,0.004537455162521619,0.006519075544581311,-0.00928606573847368,3.455772711601448,-0.010117921170419838,23.317897367246765,-80.50853738701726,3.2583161393105553,-0.35004108463434674,3.124091788197167,0.0010869688358380056,0.09725908196280199,1.2548677188865545,-0.007042350304847836,49.26115103618395,0.5555034954633348,-1.5827539313145242,0.4252032735283418,0.908740162764439,1.543815435064412,0.3699104981292642,-1.4919407811631549,-4.212018987494277,-1.5196788884572308,-0.017744280437132824,-0.14154538866861208,Gold,Basic Materials,HL
2010Q3,2010,Q3,2010-10-27,2010-09-30,19791000.0,115847000.0,41501000.0,0.06,54524000.0,0.47065526081814807,1177583000.0,968159000.0,300118000.0,73671000.0,209424000.0,20954000.0,-252432000.0,1618520400.0,1407840400.0,3.7804681856342373,4.0737603670372335,0.005007714955124182,0.006090941673836632,0.030072428586325375,3.7804681856342373,0.02044189022670863,13.971189586264643,20.445156889495227,1.6717506112115883,0.007023394472234854,2.92655340269161,8.588090703089067e-05,0.09837692969412772,3.6159275698714555,0.016806458653020637,81.65684879673074,0.47065526081814807,0.1999999999999999,2.0653209455056407,0.7614486706818155,1.8418030231359408,0.43235433194977146,0.15845235307890423,0.6875813272608978,-0.25449795421348,0.10673143915078355,0.6435868875268475,Gold,Basic Materials,HL
2010Q2,2010,Q2,2010-07-28,2010-06-30,17084000.0,88631000.0,24592000.0,0.05,38066000.0,0.42948855366632444,1129735000.0,950730000.0,258054000.0,42716000.0,179005000.0,24673000.0,-268803000.0,1297425780.0,1104706780.0,3.8251210022973336,6.0411555389081375,0.004123975976667095,0.004900444921271023,0.017270344238947858,3.8251210022973336,0.01796934986799617,14.63851000214372,18.98597781549988,1.3646627118109242,0.00807773355186139,2.049406233534633,0.00010636446579626312,0.07845291152349887,5.168531697724506,0.01512213041111411,36.17627091233549,0.42948855366632444,-0.28571428571428575,2.3034763686772695,0.6721849813506267,1.82735988304397,0.38240848343986056,-0.21790880791063907,0.5709722754567522,-0.6602171945942198,-0.2861777934171529,0.7687189445210864,Gold,Basic Materials,HL
2010Q1,2010,Q1,2010-04-28,2010-03-31,21844000.0,79875000.0,15654000.0,0.07,27536000.0,0.34473865414710486,1066711000.0,887298000.0,190686000.0,43496000.0,179413000.0,22329000.0,-282479000.0,1323953330.0,1212077330.0,3.6659298708059445,4.3839893323524,0.004186700990240093,0.005033258273995884,0.02443408225659276,3.6659298708059445,0.02461856106967445,16.575315555555555,15.152368270463285,1.4921180144663913,0.037905145577733015,2.343992117873617,0.0006253996883711906,0.07487970031245576,3.586766599227515,0.020477898887327494,119.67398806833589,0.34473865414710486,-0.4716788799151828,4.241467108706745,0.5988692715306876,1.6166488437635873,-0.23355693489576085,-0.3188437431787708,-0.2127734473221021,0.3294323912793701,-0.2551531546345046,0.9186852220619409,Gold,Basic Materials,HL
2009Q4,2009,Q4,2010-02-17,2009-12-31,32069000.0,88036000.0,19885000.0,0.1324951763971922,35927000.0,0.4080944159207597,1046784000.0,865485000.0,166463000.0,41735000.0,181299000.0,21466000.0,-300915000.0,1495801020.0,1395964020.0,3.575808030937163,3.988570743979873,0.004624640804597701,0.00559339561055362,0.03136444635474088,3.575808030937163,0.037053212938410254,16.990788086691808,11.660801864729176,1.7282806981056864,0.0,2.427513276809839,0.0,0.08410140009782342,3.1925961423265843,0.030635737649792126,26.28085283575796,0.4080944159207597,0.4721686266354688,5.160453972699207,0.4978886666521693,1.4999423040056952,-0.0574299506768811,0.23599013335388885,-0.3214468520730251,-0.22518872347798358,-0.3791359541866874,0.9086346950697674,Gold,Basic Materials,HL
2009Q3,2009,Q3,2009-11-03,2009-09-30,25946000.0,95181000.0,29305000.0,0.09,38116000.0,0.40045807461573213,1038279000.0,826410000.0,154875000.0,76232000.0,211869000.0,17312000.0,-315943000.0,1037703809.9999999,996622809.9999999,3.4961227520211184,2.0316271382096756,0.041974267032271674,0.05273532508077105,0.03292539629474346,3.4961227520211184,0.03139603828608076,10.902426009392629,9.99868775533801,1.2556767343086361,0.0,3.2962684842883547,0.0,0.09167189165917831,1.699902927904292,0.02498942962344418,42.83607058823529,0.40045807461573213,7.010216086434574,2.149794766255804,0.41256759847200747,1.4084265439143762,1.2216005129101823,9.382553021208484,2.277964205816555,12.101878377905438,-0.045674928241577616,1.1174761997391438,Gold,Basic Materials,HL
2009Q2,2009,Q2,2009-07-29,2009-06-30,2499000.0,74610000.0,8940000.0,0.011235651951064891,17157000.0,0.2299557700040209,1001106000.0,795990000.0,108402000.0,63683000.0,205116000.0,21269000.0,-341889000.0,596077560.0,580925560.0,3.578818165877608,1.7022125213950348,0.04215837283963936,0.053022022889734795,0.009371931745135587,3.578818165877608,0.003139486676968304,7.9892448733413755,59.63160864345739,0.7488505634492897,0.0,2.7012553481592927,0.0,0.07452757250480968,1.2550445173751237,0.0024962391594896046,41.42591979984711,0.2299557700040209,-0.43821740244675544,-0.5164662769152707,0.2509808106650626,1.3196218016716963,0.7386501824077827,-0.6582797757418296,-0.44571889143778287,-0.8545815229955827,-0.2973798098217838,1.189563542295584,Gold,Basic Materials,HL
2009Q1,2009,Q1,2009-04-28,2009-03-31,7313000.0,54721000.0,16129000.0,0.02,9868000.0,0.18033296175143,1012466000.0,731099000.0,111126000.0,49784000.0,281367000.0,24954000.0,-344387000.0,397932000.0,451478000.0,3.6744921242825406,2.2321629439177246,0.11471891401785343,0.15886904509512392,0.01882074646374956,3.6744921242825406,0.010002749285664459,7.272016227773615,13.603582661014633,0.5442929069797661,0.0,1.7974272661697523,0.0,0.05404724701866532,1.5875582516471156,0.007222958598115887,-97.79601867780781,0.18033296175143,1.1578155859607375,-0.30226119035413085,-0.11962879766427903,1.3870607061031448,1.168791208791209,1.2900257783065636,1.7575145594589516,-0.8863134977506051,-0.17916327640086735,1.3709079913246731,Gold,Basic Materials,HL
2008Q4,2008,Q4,2009-03-02,2008-12-31,-25215000.0,27508000.0,-21292000.0,-0.12673019510871203,4550000.0,0.16540642722117202,988791000.0,649457000.0,73850000.0,84978000.0,339334000.0,21331000.0,-351700000.0,557104800.0,682301800.0,3.264160710875225,0.8690484596013086,0.16349966777610234,0.24892641083243386,-0.03401708225248175,3.264160710875225,-0.038824741283872526,20.2524647375309,-5.523545508625818,0.8578009013683738,0.0,1.0762739674651916,0.0,0.027819832502520757,0.5399515168631881,-0.025500838903266716,-24.367090932948432,0.16540642722117202,-1.5346039021742404,-7.848333961199391,-0.48720284693871746,1.2338391186932176,-0.23439340400471143,-5.713258785942492,-12.534127843987,-1.0833293259039598,-0.4535153667641042,1.4027686690677381,Gold,Basic Materials,HL
2008Q3,2008,Q3,2008-11-04,2008-09-30,-3756000.0,64525000.0,1846000.0,-0.05,5943000.0,0.09210383572258815,1052267000.0,681052000.0,134073000.0,177208000.0,371215000.0,17408000.0,-314389000.0,637172640.0,756824640.0,5.002291623821136,0.7565854814681052,0.1888940734623437,0.2918528981634295,0.0017500921679178007,5.002291623821136,-0.00551499738639634,9.87481813250678,-42.41031948881789,0.9355712045482577,-0.036741214057507986,3.365234375,0.00021658180426579524,0.06131998817790542,0.5580278542729448,-0.0035694362742535878,-163.83971200822833,0.09210383572258815,0.8571428571428572,0.8258456105024984,0.8603705558591989,2.454643105966763,-0.49429884275017016,0.9083432977866712,1.1426143386897405,0.619698407456294,0.8454532467179304,2.760255809902445,Gold,Basic Materials,HL
2008Q2,2008,Q2,2008-08-06,2008-06-30,-40979000.0,63995000.0,-12944000.0,-0.35,11752000.0,0.18363934682397062,1082965000.0,526869000.0,159842000.0,360177000.0,556096000.0,23644000.0,-307224000.0,1169917660.0,1484107660.0,4.170213944800183,0.44378736010350467,0.3324207153509116,0.683281802497395,-0.014971299810391716,4.170213944800183,-0.07777834717927985,18.281391671224313,-7.137299958515337,2.2205095763842624,-0.08316454769516093,2.2095669091524277,0.002913025520103697,0.059092399108004415,0.21234559674826545,-0.03783963470656947,-102.93134436037305,0.18363934682397062,-4.499999999999999,-14.973584403838457,0.8351693347970172,1.6276530889042742,-0.4604471787337588,-3.6468802480299702,-2.39663357790246,-5.150956640919229,1.3752669322330078,2.0824372886915707,Gold,Basic Materials,HL
2008Q1,2008,Q1,2008-05-12,2008-03-31,15482000.0,45960000.0,9268000.0,0.1,21781000.0,0.47391209747606616,678706000.0,520346000.0,442021000.0,53367000.0,158360000.0,25216000.0,-262837000.0,1365426000.0,1007754000.0,4.252930118512464,8.282665317518317,0.0,0.0,0.023739100796874944,4.252930118512464,0.02975327954860804,29.709007832898173,22.04860483141713,2.624073212823775,0.2506782069500065,0.9588753172588832,0.002842336384395785,0.06771709694624771,7.513332209043042,0.022811055154956638,-86.57827658360281,0.47391209747606616,0.4862730806608358,1.053927512712717,0.5530941833517057,1.7238606144297348,0.24065846434267488,0.880709426627794,0.7503305004721436,5.544832591721189,0.8199668646919842,2.0356349055762,Gold,Basic Materials,HL
2007Q4,2007,Q4,2008-02-29,2007-12-31,8232000.0,60149000.0,5295000.0,0.06728238659583163,17556000.0,0.2918751766446657,650737000.0,492529000.0,449584000.0,52137000.0,158208000.0,15511000.0,-274877000.0,1143972500.0,770849500.0,4.025574172456069,8.623127529393713,0.0,0.0,0.061543279261478845,4.025574172456069,0.016713736653070174,19.018977871618812,34.74163326044703,2.322650036850622,0.016763848396501458,2.7459867191025724,0.000120632270443564,0.0924321192739924,8.070449009340775,0.012650271922451006,212.12173187465234,0.2918751766446657,-0.3271761340416837,2.943866221263439,1.0779178276334254,5.1181116159168285,0.12777028329157833,-0.3406487785342411,-0.42793863439930857,3.1127204794698,1.0245523952857278,1.814385751294961,Gold,Basic Materials,HL
2007Q3,2007,Q3,2007-11-09,2007-09-30,12485000.0,49228000.0,9256000.0,0.1,15567000.0,0.3162224750142196,436721000.0,277028000.0,261960000.0,49461000.0,159693000.0,18273000.0,-282970000.0,1103230400.0,982305400.0,2.3001328462304884,5.2962940498574635,0.0,0.0,0.03690578933491927,2.3001328462304884,0.04506764659168026,22.410628097830504,22.09111734080897,3.9823786765236724,0.01105326391670004,1.8421167843266022,0.00012508719846733736,0.11272185216648616,4.51175673763167,0.028588045914897612,104.92965569716569,0.3162224750142196,-0.5,4.81742263039436,0.26534184181809545,1.9167314558996398,0.06353761016601762,-0.4869951103258413,-0.6527741306223506,2.0858669241532968,0.4338684634777962,0.5845270301760189,Gold,Basic Materials,HL
2007Q2,2007,Q2,2007-08-08,2007-06-30,24337000.0,60100000.0,26657000.0,0.2,14637000.0,0.2435440931780366,413743000.0,260182000.0,246176000.0,43326000.0,153561000.0,15600000.0,-295318000.0,1027421779.9999999,930494779.9999999,2.162650552336938,5.681946175506624,0.0,0.0,0.11134465974394314,2.162650552336938,0.09353836929533942,17.095204326123127,10.554112873402637,3.948858030148126,0.0056703784361260634,2.914294871794872,0.00013431679441329344,0.14525925514147672,4.857037344781425,0.05882153897467752,-2356.471972477064,0.2435440931780366,2.011277233238478,2.1911321471408796,0.3073175654684437,1.450607558323671,-0.10869565217391304,1.9887019525973229,2.5274579859732698,7.705718814296405,0.8629669968028398,0.40172848635575464,Gold,Basic Materials,HL
2007Q1,2007,Q1,2007-05-09,2007-03-31,8143000.0,53145000.0,7557000.0,0.066417,16422000.0,0.3090036692068868,345719000.0,229184000.0,172003000.0,47493000.0,116535000.0,21029000.0,-319517000.0,1086756060.0,1001222060.0,1.9106468474627138,3.6216495062430254,0.0,0.0,0.03006082169613023,1.9106468474627138,0.03553040351857023,20.448886254586508,33.3647322853985,4.741849605557108,0.01694707110401572,1.7463027248085976,0.0001269834188916324,0.15372311038733769,2.8302065567557326,0.023553811043072553,128.00424734982332,0.3090036692068868,-0.6116036677554602,9.314210264115736,0.3991039954908844,1.3644130656898352,-0.32704995287464655,-0.6030128705148206,-0.27287597421341286,0.28871456653861827,0.4182383022408094,0.2412137129586619,Gold,Basic Materials,HL
