Year,Date,FillingDate,NetIncome,Revenue,OperatingIncome,EPSDiluted,GrossProfit,GrossProfitRatio,TotalAssets,CommonStockEquity,CurrentAssets,CurrentLiability,TotalLiability,Inventory,RetainedEarnings,EnterpriseValue,bookValuePerShare,currentRatio,debtToAssets,debtToEquity,roic,shareholdersEquityPerShare,roe,priceToSalesRatio,peRatio,pbRatio,payoutRatio,inventoryTurnover,dividendYield,assetTurnover,quickRatio,returnOnAssets,priceToFreeCashFlowsRatio,grossProfitMargin,epsdilutedGrowth,fiveYNetIncomeGrowthPerShare,fiveYRevenueGrowthPerShare,fiveYShareholdersEquityGrowthPerShare,grossProfitGrowth,netIncomeGrowth,operatingIncomeGrowth,threeYNetIncomeGrowthPerShare,threeYRevenueGrowthPerShare,threeYShareholdersEquityGrowthPerShare,Industry,Sector,Price,MarketCap,AvgVolume,Symbol
2022,2022-12-31,2023-02-15,1725575000.0,10538287000.0,2169184000.0,491.76,2876016000.0,0.2729111477,5660973000.0,3506849000.0,4700191000.0,832646000.0,2154124000.0,1788275000.0,11773414000.0,13641772880.0,1067.209068776628,5.644885101231496,0.17800367533991066,0.28734456487861326,0.360565613289525,1067.209068776628,0.4920585403021345,1.4382734006010653,8.783702754154412,4.322095955657058,2.645285774307115,4.284727460821182,0.30115838938834527,1.8615681438508893,3.0549369119649885,0.3048195071765931,8.185537014364847,0.27291114770360686,0.5344483275087368,2.6469418189261527,0.8961696824979054,1.4814147026227182,0.30928260726065093,0.39528462003090437,0.4753051867983288,1.1763358422172459,0.5777715539222538,0.6596767442503656,Residential Construction,Consumer Cyclical,6201.3,20135311035,25067,NVR
2021,2021-12-31,2022-02-16,1236719000.0,8959750000.0,1470329000.0,320.48,2196635000.0,0.2451669968,5834475000.0,3002378000.0,4904826000.0,823814000.0,2832097000.0,1947366000.0,10047839000.0,20177016470.0,838.4188774085451,5.953802678760011,0.27265863680965297,0.5298533362554615,0.24494556059632813,838.4188774085451,0.41191315683768,2.361635477552387,17.109515961184393,7.047634731536136,0.0,3.4729552636741117,0.0,1.5356565929239563,3.146364349234172,0.21196748636338317,17.279993817975726,0.24516699684701024,0.39272521837382124,2.12415319003613,0.6509608881888886,1.4726280616683107,0.36568265636773745,0.37222939745774747,0.5042990818667141,0.5729948661714517,0.26613423984181567,0.6832704346715386,Residential Construction,Consumer Cyclical,6201.3,20135311035,25067,NVR
2020,2020-12-31,2021-02-12,901248000.0,7545853000.0,977418000.0,230.11,1608452000.0,0.2131570811,5777141000.0,3103074000.0,4986654000.0,843258000.0,2674067000.0,1709082000.0,8811120000.0,13874627120.0,840.4859154929577,5.9135567050653535,0.27523146829893885,0.512411563501225,0.17145829855860753,840.4859154929577,0.29043716005483594,1.9961750010237411,16.713316556597075,4.854168195795524,0.0,3.474029332706096,0.0,1.3061569728002138,3.3163824120257384,0.15600242403638756,16.568050508716933,0.21315708111462017,0.04060959616515181,1.5639449633465778,0.5913911445515694,1.7279937313535128,0.037079352961809066,0.025848596362825098,0.03079895466635169,0.6952945876288302,0.20842968097423312,0.9542507359334156,Residential Construction,Consumer Cyclical,6201.3,20135311035,25067,NVR
2019,2019-12-31,2020-02-19,878539000.0,7400806000.0,948214000.0,221.13,1550944000.0,0.2095642015,3809815000.0,2341244000.0,3018214000.0,653007000.0,1468571000.0,1347288000.0,7909872000.0,13409794810.0,643.0222466355397,4.622023959926922,0.17945175815623593,0.2920148433909494,0.26109868829399074,643.0222466355397,0.3752445281226562,1.8736365755297464,15.783500573110583,5.9226722246805545,0.0,4.341953613481305,0.0,1.9425630903337827,1.7742260037028699,0.23059886109955471,16.432601607421347,0.20956420152075328,0.13516427104722784,2.6652384303823653,0.9542815384851157,1.4468196015199746,0.046453837304626225,0.10203500514929183,0.0592889172891005,1.1827599441739243,0.341230914326744,0.8963729159133461,Residential Construction,Consumer Cyclical,6201.3,20135311035,25067,NVR
2018,2018-12-31,2019-02-13,797197000.0,7175267000.0,895142000.0,194.8,1482095000.0,0.20655607658920566,3165933000.0,1808562000.0,2003679000.0,621444000.0,1357371000.0,1253110000.0,7031333000.0,8734516690.0,498.08923161663455,3.2242309846100374,0.18878510694951536,0.33047304985950166,0.3090068674130195,498.08923161663455,0.4407905286078111,1.2332238911806348,11.099779213920774,4.892677547134132,0.0,4.543234033724095,0.0,2.266398878308543,1.1755138033354575,0.2518047602397145,12.578821981602392,0.20655607658920566,0.5366411611580029,2.9028607923466536,1.2201833834107803,0.8705711729699543,0.12096154486130313,0.48309926495895045,0.11975752026189412,1.3060328186259484,0.5386580251015017,0.6166651653025256,Residential Construction,Consumer Cyclical,6201.3,20135311035,25067,NVR
2017,2017-12-31,2018-02-14,537521000.0,6313690000.0,799407000.0,126.77,1322164000.0,0.2094122454539263,2989279000.0,1605492000.0,1954713000.0,636688000.0,1383787000.0,1246199000.0,6231940000.0,13026457260.0,430.0809000803643,3.0701269695675117,0.19973578913176054,0.37188973847269247,0.23035532479704063,430.0809000803643,0.33480141912884026,2.0742521821628874,24.364043935027656,8.157116485164671,0.0,4.005400421602007,0.0,2.1121113151365263,1.0787387228909606,0.17981627007716577,23.87048813874434,0.2094122454539263,0.22353054724447444,2.995516795623922,1.6575055239787455,0.45570339174651514,0.17927586102325616,0.2639760900339085,0.28579286917164076,1.1872544620582948,0.6261254719120527,0.6365380545728493,Residential Construction,Consumer Cyclical,6201.3,20135311035,25067,NVR
2016,2016-12-31,2017-02-15,425262000.0,5830113000.0,621723000.0,103.61,1121166000.0,0.19230604964260556,2643943000.0,1304441000.0,1525860000.0,620811000.0,1339502000.0,1092100000.0,5695376000.0,6621693000.0,339.080062386275,2.457849490424622,0.2255929874433753,0.4572495038104445,0.210201586146547,339.080062386275,0.3260109119538561,1.1012896319505299,15.098087767070652,4.922141361702063,0.0,4.311827671458658,0.0,2.2050827116923473,0.6674205192884791,0.1608438608547915,17.731880495780125,0.19230604964260556,0.15135015001666857,3.671333983853177,2.1113137868895335,0.3488727160774324,0.07178869482921793,0.11055632013412478,0.07518586348048498,0.9650700898159645,0.7026752242131993,0.2734131753259873,Residential Construction,Consumer Cyclical,6201.3,20135311035,25067,NVR
2015,2015-12-31,2016-02-17,382927000.0,5165493000.0,578247000.0,89.99,1046070000.0,0.20251116398763874,2515131000.0,1239165000.0,1442334000.0,565741000.0,1275966000.0,1006526000.0,5270114000.0,6783080000.0,308.09671805072105,2.5494599118677983,0.23826194341368304,0.4835998434429636,0.19967030799664232,308.09671805072105,0.3090201869807491,1.279286604395747,17.256934089265055,5.332740998979151,0.0,4.092713948770325,0.0,2.0537669807258547,0.7703313000118429,0.15224932617823883,35.697710599954625,0.20251116398763874,0.41716535433070856,1.7235327552300845,1.4798624893761863,0.04323206360983283,0.18821226911774896,0.35968114192380074,0.2836383817081969,1.6418577993032033,1.0179882007787755,0.04282110032926089,Residential Construction,Consumer Cyclical,6201.3,20135311035,25067,NVR
2014,2014-12-31,2015-02-19,281630000.0,4449508000.0,450475000.0,63.5,880373000.0,0.19785850480547512,2351335000.0,1124255000.0,1424445000.0,521095000.0,1227080000.0,869486000.0,4887187000.0,5510153740.0,262.7992052360916,2.7335610589239967,0.25484671473864845,0.5330018545614651,0.16230083720533323,262.7992052360916,0.25050366687272907,1.2261719138385638,19.37244519404893,4.852868557400234,0.0,4.104879204495529,0.0,1.8923326535776483,1.064986230917587,0.119774511075623,35.687917345316826,0.19785850480547512,0.15854771027184816,0.9892152129079158,1.2012176604104212,-0.13156092557286045,0.11228286508797841,0.05686419465845082,0.12279105705241644,1.7819201668551221,1.135306583503826,0.04542471549381761,Residential Construction,Consumer Cyclical,6201.3,20135311035,25067,NVR
2013,2013-12-31,2014-02-20,266477000.0,4216250000.0,401210000.0,54.81,791501000.0,0.18772629706492736,2486148000.0,1261352000.0,1613679000.0,521334000.0,1224796000.0,738565000.0,4605557000.0,4597064370.0,266.2765463373443,3.0952882413193845,0.24231863911561177,0.4776144961913883,0.13700462375414982,266.2765463373443,0.2112629939937464,1.1527327293210792,18.238757453738973,3.8531745064026537,0.0,4.637031270098095,0.0,1.6958966240143387,1.6786052703257412,0.10718468892439227,19.347505115323678,0.18772629706492736,0.5606492027334854,1.99917052118033,0.2964047683279343,0.04259208855841403,0.2912577960712532,0.47560746007486654,0.6183891539972651,0.609218532333829,0.7186239429307899,-0.09837328783010428,Residential Construction,Consumer Cyclical,6201.3,20135311035,25067,NVR
2012,2012-12-31,2013-02-19,180588000.0,3189154000.0,247907000.0,35.12,612969000.0,0.19220426483010855,2604842000.0,1480477000.0,1840153000.0,421116000.0,1124365000.0,678131000.0,4339080000.0,4061081000.0,295.44542007583317,4.36970573428699,0.23170771970046553,0.4076807677525554,0.07809398000133556,295.44542007583317,0.12197960522183053,1.4455620518795893,25.52838505327043,3.113942330748806,0.0,3.798948875659718,0.0,1.2243176361560508,2.7593869622621794,0.0693278133568178,18.292747769017414,0.19220426483010855,0.5262929161234244,-0.41510781056271584,-0.3275055286040934,0.4178764155493223,0.23016731522975992,0.39536393138618453,0.33566983648069826,0.08895045947308042,0.34692329875460637,-0.023679135848630798,Residential Construction,Consumer Cyclical,6201.3,20135311035,25067,NVR
2011,2011-12-31,2012-02-22,129420000.0,2663906000.0,185605000.0,23.01,498281000.0,0.18704901749536207,1779485000.0,1374799000.0,1272623000.0,335854000.0,404686000.0,533150000.0,4158492000.0,3531363000.0,251.38032547083563,3.789214956498955,0.004275956245767736,0.005534627243691624,0.08371006703845163,251.38032547083563,0.0941373975395676,1.4083582528812955,28.988827074640703,2.7289327385312325,0.0,4.061943167963988,0.0,1.4970095280376063,2.2017692211496662,0.07272890752099624,-375.88758641418696,0.18704901749536207,-0.3114901256732495,-0.7726276434841594,-0.5518272706479007,0.231509917728719,-0.18802573386826057,-0.3717628212907454,-0.43485820072954917,0.26164823705623186,-0.29053884282414943,-0.01573329622844204,Residential Construction,Consumer Cyclical,6201.3,20135311035,25067,NVR
2010,2010-12-31,2011-02-25,206005000.0,3051958000.0,328422000.0,33.42,613666000.0,0.2010728850134897,2260061000.0,1740374000.0,1808913000.0,456139000.0,519687000.0,431329000.0,4029072000.0,2978969860.0,295.32903444764975,3.9657056292051327,0.044326679678114884,0.05756291463788818,0.11401857256201972,295.32903444764975,0.11836823579299621,1.3342846985443444,19.767388461445112,2.3398308984160874,0.0,5.652974875327186,0.0,1.350387445294618,3.0200969441332575,0.09115019461864082,84.05781525441222,0.2010728850134897,0.0690978886756238,-0.6832284539882427,-0.3794204616866913,1.756762527642712,0.09953325031579513,0.07193776667707358,0.060130280121629215,-0.4326479131014245,-0.4527575967701029,0.41731786758717143,Residential Construction,Consumer Cyclical,6201.3,20135311035,25067,NVR
2009,2009-12-31,2010-02-26,192180000.0,2743848000.0,309794000.0,31.26,558115000.0,0.20340594668509335,2395770000.0,1757262000.0,1936495000.0,502972000.0,638508000.0,418718000.0,3823067000.0,3024822970.0,302.6109867401412,3.8501049760225223,0.061725457786014515,0.08415364356595659,0.10472120859167297,302.6109867401412,0.10936331634098956,1.5041259464810004,21.475142938911436,2.34859285069614,0.0,5.220059801584838,0.0,1.1452885711065754,3.017617282870617,0.08021638137216845,17.297265568026557,0.20340594668509335,0.8345070422535213,-0.5905593910723798,-0.2803708368226983,1.3458834090850051,0.09000662071874835,0.9048091028029973,0.7105200678037226,-0.6820194517554846,-0.5652469100425153,0.48248845921473515,Residential Construction,Consumer Cyclical,6201.3,20135311035,25067,NVR
2008,2008-12-31,2009-02-25,100892000.0,3693039000.0,181111000.0,17.04,512029000.0,0.13864706005000219,2103236000.0,1373789000.0,1559807000.0,563597000.0,729447000.0,400570000.0,3630887000.0,1516914750.0,255.3985870979736,2.7675928012391835,0.100031094941319,0.15314506084995586,0.06888100299459522,255.3985870979736,0.07344068121087008,0.6645390828529024,24.324711077191452,1.7864233517665375,0.0,7.941208777492074,0.0,1.7558842659596925,2.0568544545127105,0.04796989020728059,5.388306269238707,0.13864706005000219,-0.685260435906908,-0.6835697561235056,0.32214179056255077,2.654980305511468,-0.4325184005461701,-0.6978874399245407,-0.636852700681336,-0.8300347917004923,-0.17730721214965586,1.3840299205305246,Residential Construction,Consumer Cyclical,6201.3,20135311035,25067,NVR
TTM,,,,,,,,,,,,,,,,18348433035.0,1187.201605433776,5.748163526935883,0.16686962682925424,0.2636652202428598,0.3207492570948294,1187.201605433776,0.4896459076455651,1.9474918496282896,12.219053890707476,5.223459917521076,0.7357252314264214,4.083969162849188,0.0,1.7016558027158095,3.2039083550306597,0.2705485026510454,10.830030069206776,0.26310638867081165,,,,,,,,,,,Residential Construction,Consumer Cyclical,6201.3,20135311035,25067,NVR
