Quarters,Year,Quarter,FillingDate,Date,NetIncome,Revenue,OperatingIncome,EPSDiluted,GrossProfit,GrossProfitRatio,TotalAssets,CommonStockEquity,CurrentAssets,CurrentLiability,TotalLiability,Inventory,RetainedEarnings,MarketCap,EnterpriseValue,bookValuePerShare,currentRatio,debtToAssets,debtToEquity,roic,shareholdersEquityPerShare,roe,priceToSalesRatio,peRatio,pbRatio,payoutRatio,inventoryTurnover,dividendYield,assetTurnover,quickRatio,returnOnAssets,priceToFreeCashFlowsRatio,grossProfitMargin,epsdilutedGrowth,fiveYNetIncomeGrowthPerShare,fiveYRevenueGrowthPerShare,fiveYShareholdersEquityGrowthPerShare,grossProfitGrowth,netIncomeGrowth,operatingIncomeGrowth,threeYNetIncomeGrowthPerShare,threeYRevenueGrowthPerShare,threeYShareholdersEquityGrowthPerShare,Industry,Sector,Symbol
2023Q1,2023,Q1,2023-05-02,2023-03-31,344352000.0,2181295000.0,412751000.0,99.89,573385000.0,0.262864491,6075905000.0,3845346000.0,5066690000.0,881445000.0,2230559000.0,1865542000.0,12117766000.0,18048323410.0,16261445410.0,1187.201605433776,5.748163526935883,0.16686962682925424,0.2636652202428598,0.0660730704348761,1187.201605433776,0.08955032915113491,8.274132297557186,13.103106276426447,4.693549919825159,3.5121184137161974,0.8618996516829961,0.0670092713060487,0.3590074235854576,3.2039083550306597,0.05667501384567402,57.69776799186722,0.26286449104774917,-0.25142386091127095,1.3529502280496286,0.6160016992934265,1.974462847195493,-0.20587094719055996,-0.24279632691834077,-0.25618522609932043,1.2164064408859756,0.5563666996600426,0.7992822600608134,Residential Construction,Consumer Cyclical,NVR
2022Q4,2022,Q4,2023-02-15,2022-12-31,454768000.0,2715752000.0,554911000.0,133.44,722030000.0,0.2658674282,5660973000.0,3506849000.0,4700191000.0,832646000.0,2154124000.0,1788275000.0,11773414000.0,14792544060.0,13277379060.0,1093.498285001559,5.644885101231496,0.17800367533991066,0.28734456487861326,0.09530332864838273,1093.498285001559,0.12967994915093292,5.446942158194121,8.131917846022587,4.218186771087093,0.0,1.1148855740867596,0.0,0.4797323710959229,3.0549369119649885,0.08033389313109249,18.24575363958068,0.2658674282482347,0.125980929879335,3.246668012483716,0.7373838755653562,1.5418598159478953,0.049645286968657325,0.10543446291016133,0.05139991246402404,1.0323710675379756,0.5594634353892624,0.7145723402775291,Residential Construction,Consumer Cyclical,NVR
2022Q3,2022,Q3,2022-11-04,2022-09-30,411393000.0,2780337000.0,527783000.0,118.51,687880000.0,0.2474088573,5389534000.0,3084839000.0,4336021000.0,1299274000.0,2304695000.0,2170449000.0,11318646000.0,13021803280.0,12260287280.0,944.5312308634415,3.3372645030994232,0.18655063684541187,0.3259233301964867,0.09645026030004672,944.5312308634415,0.13335963400358983,4.683534147119576,7.913238241778542,4.221226222827188,0.0,0.9640664212796523,0.0,0.5158770684070274,1.3817832112395076,0.07633183128634127,21.613704842824397,0.24740885727161852,-0.04156894460169835,1.9116290063086772,0.9102117370485087,1.1440661414143753,-0.06663337801972352,-0.050589180132652074,-0.052112162557763214,1.0668479837375764,0.6326946491611122,0.4625264888760611,Residential Construction,Consumer Cyclical,NVR
2022Q2,2022,Q2,2022-08-03,2022-06-30,433314000.0,2661715000.0,556799000.0,123.65,736988000.0,0.2768846402,5287699000.0,2991666000.0,4307077000.0,853818000.0,2296033000.0,2378745000.0,10907253000.0,13159902416.359999,12663395416.359999,910.2688696496716,5.044490746271453,0.189703687747733,0.33529678780986916,0.1029677282717509,910.2688696496716,0.14484036653824323,4.944144063643177,7.592590140383186,4.3988541556310095,0.0,0.8091354895123268,0.0,0.5033786908067195,1.7903229962357317,0.08194755412514972,98.8091933503022,0.2768846401662086,0.06091806091806099,2.3416291943850878,0.9633390633559986,1.2214733802153368,0.010793863270417134,0.016930298052100445,0.051177006971989326,1.2654565710460532,0.6225077216255378,0.5513025650535891,Residential Construction,Consumer Cyclical,NVR
2022Q1,2022,Q1,2022-05-03,2022-03-31,426100000.0,2380483000.0,529691000.0,116.55,729118000.0,0.306289942,5726213000.0,2725599000.0,4756663000.0,957705000.0,3000614000.0,2193639000.0,10473939000.0,15121708950.000002,14553576950.000002,805.1991137370753,4.9667308826830805,0.27762344851649773,0.5832593129069977,0.0908625083454381,805.1991137370753,0.15633260798818902,6.352370065234661,8.872159674958931,5.548031441895892,0.0,0.7527970646036107,0.0,0.4157168096960417,2.277667966649438,0.0744121813142473,49.53552248828906,0.3062899419991657,0.3080808080808081,3.5313607334424235,1.0375485138580374,1.118373275482052,0.2432972568331915,0.27353316536204986,0.20381035062680108,1.4099291465392056,0.501087261961412,0.5295923285577817,Residential Construction,Consumer Cyclical,NVR
2021Q4,2021,Q4,2022-02-16,2021-12-31,334581000.0,2232489000.0,440012000.0,89.1,586439000.0,0.2626839371,5834475000.0,3002378000.0,4904826000.0,823814000.0,2832097000.0,1947366000.0,10047839000.0,20491961160.0,19509314160.0,865.737600922722,5.953802678760011,0.27265863680965297,0.5298533362554615,0.07389711778319305,865.737600922722,0.111438666283859,9.178975197638152,15.31165932913106,6.8252435769246915,0.0,0.8452699697950976,0.0,0.38263751237257854,3.146364349234172,0.057345519519751136,80.6224177328738,0.26268393707650967,0.03077279037482643,1.3970345272495448,0.3749697093048994,1.4881541333485262,0.011037226935523078,0.007528283762094187,0.07860354066469581,0.49644808104229,0.16034639074106216,0.7237568305221065,Residential Construction,Consumer Cyclical,NVR
2021Q3,2021,Q3,2021-11-02,2021-09-30,332081000.0,2397976000.0,407946000.0,86.44,580037000.0,0.24188607392234118,5788894000.0,3017051000.0,4921364000.0,796206000.0,2771843000.0,1863525000.0,9713258000.0,17071718880.0,15962652880.0,847.2482448750351,6.181018480142074,0.2753622712732346,0.5283447313287047,0.0665560248747953,847.2482448750351,0.11006807640971267,7.119220075597087,12.852074403534077,5.658412429886004,0.0,0.9755377577440603,0.0,0.41423733099966936,3.4232773930364755,0.05736518927449699,37.44241397007541,0.24188607392234118,0.04839296543359606,2.064755097560356,0.6874694692053727,1.516038490667962,0.0281901108601857,0.03357039480850931,0.04303871259712666,0.7201709983469169,0.3106800361195022,0.8190760002809382,Residential Construction,Consumer Cyclical,NVR
2021Q2,2021,Q2,2021-08-03,2021-06-30,321295000.0,2285807000.0,391113000.0,82.45,564134000.0,0.24679861423121024,5854436000.0,3042288000.0,5007090000.0,850016000.0,2812148000.0,1973373000.0,9381177000.0,18018265900.0,16996632900.0,839.7151531879658,5.890583236080262,0.27273148088048105,0.5248316398710444,0.06378980348246072,839.7151531879658,0.10560965957200633,7.882671590383615,14.020032913677461,5.922603612807203,0.0,0.8724518882137335,0.0,0.3904401722044617,3.1091250047057937,0.054880606774076954,95.21081502383142,0.24679861423121024,0.3043822180034805,2.772633216065069,0.7706787499254706,1.4122618482404379,0.21052304060940938,0.29157588377646104,0.46800412874167213,0.5866163208756418,0.2810593035913444,0.8987432479425518,Residential Construction,Consumer Cyclical,NVR
2021Q1,2021,Q1,2021-05-04,2021-03-31,248762000.0,2043478000.0,266425000.0,63.21,466025000.0,0.22805481634742336,5820808000.0,3046507000.0,5000877000.0,873065000.0,2774301000.0,1829792000.0,9059882000.0,17303245890.0,16115844890.0,829.4328886468827,5.727954963261613,0.2726052809163264,0.5208532263342904,0.0451673775530247,829.4328886468827,0.08165482633061405,8.467546942027269,17.389357990770296,5.679700026948896,0.0,0.862094161522184,0.0,0.3510643195927438,3.202789024872146,0.0427366784817503,53.215540605374684,0.22805481634742336,-0.17834394904458606,3.0281830678269164,0.8860679982855196,1.563957187362057,-0.11111259462995848,-0.18439758167106005,-0.2079171126174337,0.49893979727038834,0.33501884250159303,1.078094655726785,Residential Construction,Consumer Cyclical,NVR
2020Q4,2020,Q4,2021-02-12,2020-12-31,305004000.0,2346400000.0,336360000.0,76.93,524279000.0,0.22343973747016707,5777141000.0,3103074000.0,4986654000.0,742454000.0,2674067000.0,1709082000.0,8811120000.0,15160759760.0,13972543760.0,835.0575888051668,6.7164484264345,0.27523146829893885,0.512411563501225,0.055859609363360645,835.0575888051668,0.0982909205516852,6.461285271053529,12.426689289320796,4.885722918628431,0.0,1.0661401851988377,0.0,0.40615245499460717,3.7666522101032522,0.05279497246129184,44.31169717570929,0.22343973747016707,0.18153893411150374,1.3979704877790868,0.5872889345813296,1.6382688828140142,0.14925579254258095,0.18925705551613078,0.1972066601650092,1.4580301339753754,0.29548080686992373,0.9411089693507552,Residential Construction,Consumer Cyclical,NVR
2020Q3,2020,Q3,2020-11-04,2020-09-30,256466000.0,1992234000.0,280954000.0,65.11,456190000.0,0.22898414543673082,5499920000.0,2918993000.0,4717778000.0,776075000.0,2580927000.0,1763186000.0,8506116000.0,15132042720.0,14164766720.0,787.6397733405289,6.0790232902747805,0.2897733057935388,0.5459862356641486,0.04885107660773482,787.6397733405289,0.08786112196911743,7.595514743749981,14.750534885715846,5.183994178814406,0.0,0.8711752475348602,0.0,0.3622296324310172,3.327599780949006,0.046630860085237605,73.97397679886977,0.22898414543673082,0.532,1.4063862151838318,0.5503257021458532,1.571516966706013,0.3507575600555475,0.5631022398293464,0.37742130008677705,0.599630599757691,0.20624404691463408,0.7879258138526046,Residential Construction,Consumer Cyclical,NVR
2020Q2,2020,Q2,2020-08-03,2020-06-30,164075000.0,1622222000.0,203971000.0,42.5,337729000.0,0.2081891381081011,4730020000.0,2612412000.0,3976274000.0,685867000.0,2117608000.0,1602540000.0,8249650000.0,11998717500.0,11271566500.0,709.5089625203693,5.7974417780706755,0.26928533071741767,0.4875666625325561,0.04021605149942597,709.5089625203693,0.06280594331981326,7.396470704995987,18.282367057747983,4.592965236723764,0.0,0.801535687096734,0.0,0.342963031868787,2.9476224982394545,0.03468801400416911,40.328976778109784,0.2081891381081011,-0.05471530249110322,0.9400028887951417,0.4389538029545141,1.2628491926758822,0.1646550475546758,-0.0661798603324929,0.3063926267989471,0.12942547562641213,0.06807973076950001,0.7315271628148777,Residential Construction,Consumer Cyclical,NVR
2020Q1,2020,Q1,2020-05-07,2020-03-31,175703000.0,1584997000.0,156133000.0,44.96,289982000.0,0.18295428950338707,3887523000.0,2416919000.0,2660722000.0,641355000.0,1470604000.0,1515640000.0,8085575000.0,9410649930.0,9000741930.0,659.8195468195469,4.148594772006144,0.15394275480813877,0.2476111115018749,0.05485485467281201,659.8195468195469,0.07269709907531034,5.937329805671556,13.389996087147061,3.8936554886613908,0.0,0.8544344303396585,0.0,0.40771385789871856,1.7448760826687248,0.04519664578190277,144.9330817329165,0.18295428950338707,-0.3019717435180872,3.982384786343002,0.8308648148202102,1.2972905095245872,-0.31891536410930915,-0.3140272588497562,-0.4350090104434296,0.7267045520691449,0.2536984028781116,0.7358986998085759,Residential Construction,Consumer Cyclical,NVR
2019Q4,2019,Q4,2020-02-19,2019-12-31,256137000.0,1993427000.0,276346000.0,64.41,425765000.0,0.21358444527941078,3809815000.0,2341244000.0,2526089000.0,653007000.0,1468571000.0,1347288000.0,7909872000.0,13980673110.0,13524047110.0,637.7673658403704,3.8683949789205934,0.15704200860146753,0.2555483324249843,0.07924008494560245,637.7673658403704,0.10940209563804541,7.013386048247566,13.6456985031448,5.971472050755923,0.0,1.1635685911252829,0.0,0.5232345927558162,1.7742260037028699,0.06723082354392536,39.81509685595489,0.21358444527941078,0.1479237212618071,1.8806979574195761,0.6769310141786431,1.3292516414341597,0.07504740646848954,0.1445571011720967,0.09756058812782487,0.7335646309951847,0.15984203288219492,0.8329612872759663,Residential Construction,Consumer Cyclical,NVR
2019Q3,2019,Q3,2019-11-01,2019-09-30,223787000.0,1914604000.0,251782000.0,56.11,396043000.0,0.2068537410346996,3843359000.0,2371457000.0,2641492000.0,645145000.0,1471902000.0,1496449000.0,7653735000.0,13650109200.0,13238992200.0,645.8216230936819,4.0944159840035965,0.1556310508594175,0.25222721727613023,0.06902632470340618,645.8216230936819,0.09436688078257376,7.129468652525535,15.24899703736142,5.756001141914022,0.0,1.0147763137935206,0.0,0.49815903224236924,1.7425741499972873,0.058226931181812575,67.98675738136032,0.2068537410346996,0.056884535694104274,1.8365620972065384,0.8163138849596246,1.353553631946223,0.04974620634815453,0.06459285758459438,0.11564451022008747,1.0028844896847475,0.306590074990727,0.9178700831053681,Residential Construction,Consumer Cyclical,NVR
2019Q2,2019,Q2,2019-07-31,2019-06-30,210209000.0,1802931000.0,225683000.0,53.09,377275000.0,0.2092564829158742,3603240000.0,2119439000.0,2332786000.0,652272000.0,1483801000.0,1397728000.0,7429948000.0,12164313000.0,11967316000.0,586.7771317829457,3.5764006426766746,0.1659592477881018,0.2821458886054281,0.06911925142889945,586.7771317829457,0.09918143433238702,6.7469653580752675,14.466926963165232,5.739402266354446,0.0,1.0199809977334646,0.0,0.5003638392113764,1.3970582824343218,0.05833888389338484,175.40465753424658,0.2092564829158742,0.11439966414777504,2.7123482942361123,0.9683073073750597,1.3215601553145027,0.07542130347532609,0.11572349075931765,0.16090286672530774,1.4757826530208435,0.4008767113894901,0.6856431410653706,Residential Construction,Consumer Cyclical,NVR
2019Q1,2019,Q1,2019-05-01,2019-03-31,188406000.0,1689844000.0,194403000.0,47.64,350816000.0,0.2076025952691491,3362771000.0,1898776000.0,2152056000.0,637326000.0,1463995000.0,1281169000.0,7219739000.0,9980532930.0,9848114930.0,526.4141946215692,3.376695756959547,0.17778076473241858,0.3148533581633642,0.0648695671665815,526.4141946215692,0.09922497440456378,5.906185973379792,13.243385202700551,5.2562982310709625,0.0,1.0451610989650857,0.0,0.5025153363104417,1.3288976128386414,0.05602700867825969,44.84222011052702,0.2076025952691491,-0.18661430766604062,8.783502624398125,1.5757058340152814,0.7732630466099001,-0.13757169161481597,-0.18845786059493966,-0.25541196837847774,2.1066667915952437,0.5882131219108131,0.6272605973356754,Residential Construction,Consumer Cyclical,NVR
2018Q4,2018,Q4,2019-02-13,2018-12-31,232158000.0,1997771000.0,261088000.0,58.57,406777000.0,0.20361542939606192,3165933000.0,1808562000.0,2003679000.0,621444000.0,1357371000.0,1253110000.0,7031333000.0,8775600990.0,8661406990.0,502.23882254929185,3.2242309846100374,0.18878510694951536,0.33047304985950166,0.09079566978136888,502.23882254929185,0.1283660720506126,4.392696154864597,9.450030787222495,4.85225333165244,0.0,1.2696363447742018,0.0,0.6310212502917781,1.1755138033354575,0.07333004204447788,38.75053425710047,0.20361542939606192,0.21313173156586576,1.9660969826389416,1.0072734606646145,0.7917874641430888,0.062383289238974016,0.18559259713200146,0.1343563719782416,0.8835386511816127,0.3946082409848965,0.5867660806111192,Residential Construction,Consumer Cyclical,NVR
2018Q3,2018,Q3,2018-10-31,2018-09-30,195816000.0,1855769000.0,230164000.0,48.28,382891000.0,0.20632470959478255,3089823000.0,1682316000.0,2079648000.0,642304000.0,1407507000.0,1421070000.0,6799175000.0,8951077800.0,8938734800.0,465.7574750830565,3.237793941809486,0.19338551107943724,0.35518119069187953,0.07916709264836459,465.7574750830565,0.1163966817173468,4.823379310679292,11.42791932222086,5.320687552160236,0.0,1.0364570358954872,0.0,0.600606895605347,0.9905480893782384,0.06337450397644137,28.254843149262307,0.20632470959478255,-0.015698267074413783,1.9990657936297629,0.9802506478129897,0.6758727557976612,0.026129532803953467,-0.0362152637640643,0.003711084849092725,0.885130330283389,0.4817133318301282,0.5206231199658028,Residential Construction,Consumer Cyclical,NVR
2018Q2,2018,Q2,2018-07-30,2018-06-30,203174000.0,1790220000.0,229313000.0,49.05,373141000.0,0.20843304174905877,3009395000.0,1607571000.0,1921146000.0,632418000.0,1401824000.0,1433615000.0,6603359000.0,10797222250.0,10963045250.0,442.2478679504814,3.037778810849786,0.19850268907870186,0.37159976137912415,0.08746362635989369,442.2478679504814,0.12638570862500006,6.03122646937248,13.285684007304084,6.71648235132383,0.0,0.9884655224729094,0.0,0.5948770433924426,0.7301009775180339,0.06751323771056973,126.6031406828948,0.20843304174905877,0.24682257244534805,4.390902307442032,1.3817549455121159,0.6376461538886128,0.16867322713805177,0.22357858222572854,0.3135350017470801,1.4333661565080584,0.6085047143261885,0.4104687661724171,Residential Construction,Consumer Cyclical,NVR
2018Q1,2018,Q1,2018-05-01,2018-03-31,166049000.0,1531507000.0,174577000.0,39.34,319286000.0,0.20847831580267018,2846065000.0,1466808000.0,1816329000.0,614551000.0,1379257000.0,1344392000.0,6400185000.0,10290000000.0,10461654000.0,399.13142857142856,2.9555382710303943,0.20984060448373457,0.40715621949157627,0.07353242463056478,399.13142857142856,0.11320431849294522,6.718872326407911,15.492414889580786,7.015233077539801,0.0,0.9016871567221465,0.0,0.5381138519324049,0.7288898724434587,0.05834336179953726,137.35566975906028,0.20847831580267018,0.3621883656509697,5.420140845699314,1.6904848668209485,0.2803850434491918,-0.16064175734043476,0.33245331771238734,-0.2954838032744545,3.6932525812823975,0.7633007629950681,0.38965395513040313,Residential Construction,Consumer Cyclical,NVR
2017Q4,2017,Q4,2018-02-14,2017-12-31,124619000.0,1819018000.0,247797000.0,28.88,380393000.0,0.20911997572316493,2989279000.0,1605492000.0,1954713000.0,636688000.0,1383787000.0,1246199000.0,6231940000.0,13092677040.0,13022949040.0,430.19614147909965,3.0701269695675117,0.19973578913176054,0.37188973847269247,0.0536517172305289,430.19614147909965,0.07762044282998608,7.197662167169319,26.265411052889206,8.154931348147484,0.0,1.154410330934305,0.0,0.6085139593861931,1.0787387228909606,0.04168864799839694,58.5726104442824,0.20911997572316493,-0.24039978958442934,1.6971596397849686,1.5235687201851813,0.4229673982258089,0.051963064465726225,-0.23123095335035965,0.06871700652106408,0.37864489660239,0.5052013760809492,0.5711607748359432,Residential Construction,Consumer Cyclical,NVR
2017Q3,2017,Q3,2017-10-30,2017-09-30,162102000.0,1669873000.0,231864000.0,38.02,361603000.0,0.21654521032437796,3049511000.0,1650676000.0,2039763000.0,639637000.0,1398835000.0,1376559000.0,6107321000.0,10697685000.0,10667714000.0,440.5326928209234,3.1889384135064107,0.19574056299518186,0.3616173010330313,0.068405321045575,440.5326928209234,0.09820340272712513,6.406286585866111,16.498385275937373,6.480790294400597,0.0,0.9503915197241818,0.0,0.5475871377411001,1.012030260913612,0.05315671922481998,68.94659671691619,0.21654521032437796,0.0804205740267123,3.0804865175158995,1.5566237906576599,0.5966143395179294,0.10349110439744881,0.09619481055201282,0.17710607275939444,1.0135610129775663,0.552438352071179,0.6054236682461387,Residential Construction,Consumer Cyclical,NVR
2017Q2,2017,Q2,2017-07-28,2017-06-30,147877000.0,1546046000.0,196978000.0,35.19,327690000.0,0.21195358999667538,2918087000.0,1535777000.0,1934038000.0,619866000.0,1382310000.0,1364951000.0,5945219000.0,9034966280.0,9103612280.0,409.75907150480253,3.120090471166349,0.20450384104380712,0.38857203877906754,0.06536450757787396,409.75907150480253,0.09628806786401932,5.843918149912745,15.274461680991635,5.882993611702742,0.0,0.8926005402391735,0.0,0.5298149095623262,0.8876499114324709,0.05067600794630181,139.59005453843181,0.21195358999667538,0.4008757961783438,3.301139391284102,1.7337275807653163,0.37481720560559034,0.2978952621614557,0.4367731216540521,0.6044734784308614,1.5167854803639904,0.626613489413842,0.6211953093565737,Residential Construction,Consumer Cyclical,NVR
2017Q1,2017,Q1,2017-04-28,2017-03-31,102923000.0,1278753000.0,122768000.0,25.12,252478000.0,0.19744078801770162,2742299000.0,1408280000.0,1761840000.0,589059000.0,1334019000.0,1232434000.0,5797342000.0,7805990400.0,7910046400.0,380.1025641025641,2.990939787016241,0.21755723938199298,0.4236423154486324,0.047687483110749246,380.1025641025641,0.0730841878035618,6.104376998529036,18.96075318441942,5.542924986508365,0.0,0.8327220768008672,0.0,0.4663069198508259,0.8699077681522563,0.037531647716022215,74.18591549295775,0.19744078801770162,-0.3354497354497354,5.963163212907287,1.8943778655384944,0.351841706263839,-0.26065770593575216,-0.3178983504649051,-0.4267195890730796,4.203193812351429,0.8975544345097325,0.2804020821081605,Residential Construction,Consumer Cyclical,NVR
2016Q4,2016,Q4,2017-02-15,2016-12-31,150891000.0,1755224000.0,214150000.0,37.8,341490000.0,0.19455636431589357,2643943000.0,1304441000.0,1525860000.0,620811000.0,1339502000.0,1092100000.0,5695376000.0,6257081000.0,6458131000.0,347.9437183248866,2.457849490424622,0.2255929874433753,0.4572495038104445,0.07434111335336872,347.9437183248866,0.1156748369608131,3.564833320419502,10.366889012598497,4.796752785292704,0.0,1.2945096602875195,0.0,0.6638660515752419,0.6674205192884791,0.05707044365177313,21.792488184423988,0.19455636431589357,0.32817990161630345,5.186603156742021,2.1413273058989937,0.26012004194039307,0.14983282321686517,0.28536016082867655,0.23789704904766035,0.8517088875429814,0.6939518736670744,0.24132417632983477,Residential Construction,Consumer Cyclical,NVR
2016Q3,2016,Q3,2016-10-28,2016-09-30,117392000.0,1539569000.0,172995000.0,28.46,296991000.0,0.19290528712906013,2663216000.0,1299139000.0,1591869000.0,623077000.0,1364077000.0,1316730000.0,5544485000.0,6326618460.0,6661703460.0,336.7389839294971,2.554851166067757,0.2239033559425897,0.4589986136972256,0.05791389603773285,336.7389839294971,0.09036138550224418,4.109343887802366,13.473274286152376,4.8698549269939555,0.0,0.9436847341520281,0.0,0.5780864188259608,0.4415810565949313,0.04407903827552853,76.35863639655297,0.19290528712906013,0.29304861426624257,2.7158168639158506,1.98589056734252,0.32617247885079204,0.1292819906384629,0.28050962083860553,0.27125556649667115,0.6833012218310209,0.5380870812574777,0.21164279517316584,Residential Construction,Consumer Cyclical,NVR
2016Q2,2016,Q2,2016-07-28,2016-06-30,91676000.0,1389620000.0,136082000.0,22.01,262991000.0,0.18925389674875145,2698424000.0,1357601000.0,1628280000.0,602926000.0,1340823000.0,1247614000.0,5427093000.0,6943326000.0,7176275000.0,348.10282051282053,2.700629928050872,0.22092562177033706,0.4391209199168239,0.04412232100758526,348.10282051282053,0.0675279408309216,4.996564528432233,18.93441576857629,5.114408430753954,0.0,0.9030268977424107,0.0,0.5149746666943371,0.6313643797082893,0.0339739047681165,158.4185356727281,0.18925389674875145,0.3939202026599115,2.5371587115793126,1.9558016569061016,0.21988108564999342,0.19707866395987145,0.4038558718588732,0.38159925276153345,1.2671945814427568,0.7231636918619022,0.2890265538474669,Residential Construction,Consumer Cyclical,NVR
2016Q1,2016,Q1,2016-04-29,2016-03-31,65303000.0,1145700000.0,98496000.0,15.79,219694000.0,0.19175525879375055,2541651000.0,1256463000.0,1592951000.0,562637000.0,1285188000.0,1261135000.0,5335417000.0,6728641600.0,7006653600.0,323.49716786817714,2.831223328718161,0.23449285523464866,0.47434663814214983,0.03360869503212597,323.49716786817714,0.05197367530918141,5.872952430828315,25.759312742140484,5.355224626590676,0.0,0.7342639764973615,0.0,0.45076999163142384,0.5897514738632547,0.02569314197739973,-130.1276707666125,0.19175525879375055,-0.505325814536341,5.452093053229296,2.3288018081204633,0.03603727447977183,-0.31051300237890495,-0.5126787260081789,-0.502650952828188,1.3890186855115816,0.9044106553615406,0.03775575082898059,Residential Construction,Consumer Cyclical,NVR
2015Q4,2015,Q4,2016-02-17,2015-12-31,134004000.0,1557407000.0,198042000.0,31.92,318634000.0,0.204592633781664,2515131000.0,1239165000.0,1442334000.0,565741000.0,1275966000.0,1006526000.0,5270114000.0,6432345000.0,6607279000.0,316.51724137931035,2.5494599118677983,0.23826194341368304,0.4835998434429636,0.06967939622720398,316.51724137931035,0.10814056239483846,4.130163149388696,12.000285439240619,5.190870465192287,0.0,1.2307411830394843,0.0,0.6192150627541866,0.7703313000118429,0.053279133373172215,35.149426229508194,0.204592633781664,0.17742530431575074,2.3955449342690405,1.850174101239696,0.05901369277622175,0.08945874790576812,0.1505452047737615,0.13313193037866045,1.764712787134344,1.0596343681306561,0.046949686509471414,Residential Construction,Consumer Cyclical,NVR
2015Q3,2015,Q3,2015-11-06,2015-09-30,116470000.0,1404323000.0,174774000.0,27.11,292470000.0,0.20826405321282923,2570682000.0,1240490000.0,1557598000.0,598883000.0,1330192000.0,1161455000.0,5136110000.0,6177141000.0,6390085000.0,306.29382716049383,2.6008385611212876,0.23310428905636715,0.4830647566687357,0.05981018986875449,306.29382716049383,0.09389031753581246,4.398661134226243,13.259081737786556,4.9795975783762865,0.0,0.9572932227249441,0.0,0.5462842156283819,0.6614697695543202,0.04530704303371635,120.86446348908194,0.20826405321282923,0.23733455043359195,2.7616313017915055,1.9326098361038102,0.04381329365683223,0.13385515404566126,0.24706890090475936,0.22164051305350715,1.7124785930584674,0.9892028000391083,0.11009494759350977,Residential Construction,Consumer Cyclical,NVR
2015Q2,2015,Q2,2015-07-30,2015-06-30,93395000.0,1244936000.0,143065000.0,21.91,257943000.0,0.20719378345553507,2596235000.0,1274881000.0,1596809000.0,583758000.0,1321354000.0,1085091000.0,5019640000.0,5448440000.0,5551922000.0,313.54672897196264,2.7353954892267,0.2308007557097104,0.4700148484446784,0.04795141409484551,313.54672897196264,0.07325781778848378,4.376482003894176,14.58439959312597,4.273685151790637,0.0,0.9095946791559417,0.0,0.4795159143914168,0.8765926976589614,0.03597324587335122,-128.20462139394795,0.20719378345553507,1.3763557483731017,0.9732276499711107,0.9360496354367311,0.05749522243618292,0.4571157420222231,1.3911874647959446,1.293958246480454,1.5040253449073673,1.0291402076048948,0.05200706397772761,Residential Construction,Consumer Cyclical,NVR
2015Q1,2015,Q1,2015-05-01,2015-03-31,39058000.0,958827000.0,62366000.0,9.22,177023000.0,0.1846245464510282,2376134000.0,1165237000.0,1495573000.0,485743000.0,1210897000.0,954581000.0,4926245000.0,5390373620.0,5458594620.0,287.21641607098843,3.0789388627319383,0.25216970086703866,0.5142207121812987,0.02213744237647507,287.21641607098843,0.03351936129731548,5.621841708671115,34.50236584054483,4.625989064885513,0.0,0.8190022638204616,0.0,0.40352395950733416,1.1137412170633443,0.016437625150770116,-829.7988947044335,0.1846245464510282,-0.6032702237521514,0.8200289038861324,1.4155346476482962,-0.06767677843993233,-0.31609894801095645,-0.6072638786940302,-0.572176299091065,1.4131668131060529,0.9819469345734855,0.021490425577927616,Residential Construction,Consumer Cyclical,NVR
2014Q4,2014,Q4,2015-02-19,2014-12-31,99451000.0,1329596000.0,145775000.0,23.24,258843000.0,0.19467793224408014,2351335000.0,1124255000.0,1424445000.0,521095000.0,1227080000.0,869486000.0,4887187000.0,5236504980.0,5290796980.0,273.8078421821724,2.7335610589239967,0.25484671473864845,0.5330018545614651,0.055624225268785264,273.8078421821724,0.08845946871483783,3.938418120993144,13.163530230968014,4.657755562572548,0.0,1.2314781376583406,0.0,0.5654643000678338,1.064986230917587,0.04229554699776935,23.58127450892093,0.19467793224408014,0.1227053140096618,1.4229284231073502,1.6337807380994482,-0.05482599027517937,0.05941218121615704,0.10314801668293548,0.025652752077338192,2.72301316453811,1.1726853505698847,-0.008371953845590226,Residential Construction,Consumer Cyclical,NVR
2014Q3,2014,Q3,2014-10-30,2014-09-30,90152000.0,1204539000.0,142129000.0,20.7,244327000.0,0.20283859634266718,2413076000.0,1151394000.0,1488893000.0,542455000.0,1261682000.0,1013733000.0,4787736000.0,4741563920.0,4877672920.0,274.4027645376549,2.7447308993372723,0.24856407340672237,0.5209372291326861,0.050885155930511156,274.4027645376549,0.07829813252457456,3.936413781537999,13.14880401987754,4.118107198752122,0.0,0.947204046824953,0.0,0.4991715967503717,0.8759436266602759,0.03735978477263045,-151.48766517571886,0.20283859634266718,0.36453526697429134,0.7473667852289408,1.0686856590691238,-0.03705483664452789,0.11072368630410372,0.3223033823227434,0.31392887187878454,1.6237225585772812,1.1479409548118338,0.08067497918982464,Residential Construction,Consumer Cyclical,NVR
2014Q2,2014,Q2,2014-08-01,2014-06-30,68178000.0,1102879000.0,108171000.0,15.17,219971000.0,0.19945161708582718,2382063000.0,1099215000.0,1519560000.0,554150000.0,1282848000.0,952505000.0,4697584000.0,5003959400.0,5052478400.0,252.751207174063,2.7421456284399532,0.2520411928651761,0.5461879614088235,0.039873603219195086,252.751207174063,0.062024262769339936,4.537178965235533,18.34887867053888,4.552302688736962,0.0,0.9269326670201207,0.0,0.4629932121862436,1.0232879184336372,0.028621409257437776,-300.2495739829593,0.19945161708582718,1.939922480620155,1.1861714384381221,1.3330203603066877,-0.05712137537949579,0.3990218276177877,1.8587362153549416,0.9884375,1.3589478909364001,1.1036926953079769,-0.1142662488266543,Residential Construction,Consumer Cyclical,NVR
2014Q1,2014,Q1,2014-05-02,2014-03-31,23849000.0,812494000.0,54400000.0,5.16,157232000.0,0.19351773674636366,2524753000.0,1326082000.0,1730592000.0,478319000.0,1198671000.0,841998000.0,4629406000.0,5123649000.0,4846361000.0,296.86187597940454,3.6180707853963567,0.23814250344489143,0.453404088133313,0.013542372739224954,296.86187597940454,0.017984559024253402,6.30607610640817,53.709264539393686,3.8637497530318634,0.0,0.7782227511229243,0.0,0.32181128213334137,1.8577434724524846,0.009446072546502569,-241.4651491587728,0.19351773674636366,-0.7560283687943262,0.6745743088980196,0.8266151427511773,0.135544159360286,-0.3507772983463055,-0.7561726186216274,-0.6363684977473563,1.048806444305824,1.0525817203495118,-0.0492653431451898,Residential Construction,Consumer Cyclical,NVR
2013Q4,2013,Q4,2014-02-20,2013-12-31,97811000.0,1243737000.0,149602000.0,21.15,242185000.0,0.19472364334260378,2486148000.0,1261352000.0,1613679000.0,521334000.0,1224796000.0,738565000.0,4605557000.0,4617045000.0,4353900000.0,280.30044444444445,3.0952882413193845,0.24231863911561177,0.4776144961913883,0.051712873218644206,280.30044444444445,0.07754457122199038,3.7122357861830917,11.80093496641482,3.6603937679569225,0.0,1.3560783411074178,0.0,0.5002666776072865,1.6786052703257412,0.03934238830512102,26.06879905143696,0.19472364334260378,0.1969439728353139,5.026439183840242,0.7132656085539688,0.15116302980701962,0.0726117188538022,0.17936938566347138,0.1938361848825332,1.1562478108283074,0.9802365585576497,-0.0621616457152313,Residential Construction,Consumer Cyclical,NVR
2013Q3,2013,Q3,2013-11-01,2013-09-30,82935000.0,1190363000.0,125312000.0,17.67,225790000.0,0.18968163492984913,2518897000.0,1275094000.0,1741796000.0,521964000.0,1243803000.0,917070000.0,4507746000.0,4217243720.0000005,4005266720.0000005,277.9193548387097,3.3370040845728823,0.23804546196212073,0.47024925221199376,0.042128350417191304,277.9193548387097,0.06504226355076567,3.5428215762754727,12.712496895158859,3.3073982937728514,0.0,1.0517986631336758,0.0,0.47257311434330185,1.5800438344406893,0.03292512556091019,24.419760043544226,0.18968163492984913,0.7477744807121665,1.689393678279292,0.5022148225498113,0.10116792773121788,0.27916199281643383,0.6361215229828369,0.6295448634590377,1.3644580500410206,1.1943116625211891,-0.052883566624510873,Residential Construction,Consumer Cyclical,NVR
2013Q2,2013,Q2,2013-07-30,2013-06-30,50690000.0,1010939000.0,76900000.0,10.11,176514000.0,0.1746040067699436,2531167000.0,1320279000.0,1732367000.0,472488000.0,1210888000.0,940280000.0,4424811000.0,4575615100.0,4398985100.0,270.0509306606668,3.6664783020944447,0.23729568218928265,0.45493035941645665,0.025308665209327008,270.0509306606668,0.03839340018284014,4.526104047820887,22.566655652002368,3.465642564942713,0.0,0.8874218317947845,0.0,0.39939640489940015,1.6764171788489866,0.02002633567836496,-268.3015773425589,0.1746040067699436,0.4780701754385964,0.0820210623954335,0.15902958701912784,0.09932713064158975,0.20067749571463553,0.4465911360977141,0.5568062191270549,-0.10931693644361931,0.3075001572422006,-0.0892025251724556,Residential Construction,Consumer Cyclical,NVR
2013Q1,2013,Q1,2013-04-29,2013-03-31,35041000.0,771211000.0,49396000.0,6.84,147012000.0,0.19062487438586845,2665055000.0,1552092000.0,1943574000.0,386552000.0,1112963000.0,841850000.0,4374121000.0,5329272650.0,4843633650.0,311.72765615585456,5.027975537573211,0.22571729288888973,0.38757303046468894,0.014584916808695909,311.72765615585456,0.022576625612399266,6.910265348912295,38.02169351616677,3.4336061586555435,0.0,0.741461067886203,0.0,0.2893790184442723,2.850131418282663,0.013148321516816726,-65.35135932211703,0.19062487438586845,-0.4290484140233723,-0.15416070368598317,-0.08871328556015619,0.33003474070767697,-0.2216727904194153,-0.42202319098751384,-0.2608376853666931,0.33047787524694755,0.5831027855852721,0.011888305732368107,Residential Construction,Consumer Cyclical,NVR
2012Q4,2012,Q4,2013-02-19,2012-12-31,60627000.0,945824000.0,66827000.0,11.98,188882000.0,0.19970100145481612,2604842000.0,1480477000.0,1840153000.0,421116000.0,1124365000.0,678131000.0,4339080000.0,4505240000.0,3956201000.0,302.3232591382479,4.36970573428699,0.23170771970046553,0.4076807677525554,0.020244206121664825,302.3232591382479,0.040950990795534145,4.763296342659945,18.577696405891764,3.0431002980796054,0.0,1.116217957887193,0.0,0.3631022534188254,2.7593869622621794,0.023274732210245383,53.67470453678993,0.19970100145481612,0.15972894482091,-0.038627063951384946,-0.29313152316380847,0.39841656291152827,0.11790294801758985,0.1439056603773585,-0.21971183036756808,0.23847244934160997,0.5709381557843527,0.04360811872823278,Residential Construction,Consumer Cyclical,NVR
2012Q3,2012,Q3,2012-11-01,2012-09-30,53000000.0,871397000.0,85644000.0,10.33,168961000.0,0.19389669691311767,2480726000.0,1379308000.0,1916144000.0,405290000.0,1101418000.0,700176000.0,4278453000.0,4215606710.0,4336862710.0,275.9167833566713,4.727834390189741,0.48324522740520315,0.8691307525222793,0.020926928918346663,275.9167833566713,0.03842506532261105,4.8377567400392705,19.884937311320755,3.056320060494103,0.0,1.0032277598775166,0.0,0.35126692750428706,3.00024180216635,0.021364713394385355,41.45506200155373,0.19389669691311767,0.15161649944258632,-0.38525784245453354,-0.28727590485312915,0.38551358974647754,0.16141161267261941,0.13155984457064776,0.33374861788111443,-0.13774261500295956,0.2561515570863209,-0.03174178121136744,Residential Construction,Consumer Cyclical,NVR
2012Q2,2012,Q2,2012-07-27,2012-06-30,46838000.0,770457000.0,64213000.0,8.97,145479000.0,0.18882169932909948,1990960000.0,1521824000.0,1453805000.0,376088000.0,469136000.0,701163000.0,4225453000.0,4340100000.0,3900619000.0,298.04622013317663,3.865597945161771,0.0014028408405995097,0.0018352976428286057,0.030845089974691053,298.04622013317663,0.03077754063544799,5.633150195273714,23.16548528972202,2.8519066593771685,0.0,0.8913448085537885,0.0,0.38697763892795434,2.001239071706622,0.023525334511994213,-201.38740661686234,0.18882169932909948,1.3,-0.43331939539934916,-0.35754249384204756,0.30573694539518614,0.326794166735068,1.3275853500969041,1.0565928962623707,0.27922488282921454,0.38818601233470357,0.11184992251679995,Residential Construction,Consumer Cyclical,NVR
2012Q1,2012,Q1,2012-04-27,2012-03-31,20123000.0,601476000.0,31223000.0,3.9,109647000.0,0.18229655048580493,1850912000.0,1418241000.0,1329880000.0,349821000.0,432671000.0,635746000.0,4178615000.0,3663608520.0,3206424520.0,281.1738699444885,3.801601390425389,0.0018779931190677894,0.0024509233621084147,0.01427517049313988,281.1738699444885,0.014188702766314046,6.091030265546755,45.515188093226655,2.583205900830677,0.0,0.7736250011797164,0.0,0.32496196469632266,1.984254804600067,0.010871937725834616,41.658898604778095,0.18229655048580493,-0.38291139240506333,-0.7336450190797376,-0.3822759167182731,0.2686256903643599,-0.12527323494216194,-0.3787663620647073,0.15850988831583243,0.2513184620216456,0.19752908061479463,0.07553502694412574,Residential Construction,Consumer Cyclical,NVR
2011Q4,2011,Q4,2012-02-22,2011-12-31,32392000.0,742072000.0,26951000.0,6.32,125350000.0,0.16891891891891891,1779485000.0,1374799000.0,1272623000.0,335854000.0,404686000.0,533150000.0,4158492000.0,3415594000.0,3195223000.0,276.11950190801366,3.789214956498955,0.004275956245767736,0.005534627243691624,0.012518672643973093,276.11950190801366,0.023561262409995933,4.6027797841718865,26.36140096320079,2.4844315423563734,0.0,1.1567513832880052,0.0,0.4170150352489625,2.2017692211496662,0.01820301941292003,1043.2480146609653,0.16891891891891891,-0.2080200501253133,-0.7274340982338522,-0.481285691509806,0.35726067883233315,-0.07889805786004542,-0.25379529590637884,-0.6117577573540004,2.2051513622209833,-0.07612636153850275,0.13399235964548642,Residential Construction,Consumer Cyclical,NVR
2011Q3,2011,Q3,2011-10-28,2011-09-30,43409000.0,708469000.0,69418000.0,7.98,136087000.0,0.1920860334044256,1799616000.0,1346019000.0,1277145000.0,378554000.0,453597000.0,581213000.0,4126100000.0,3201697980.0,2904803980.0,253.91794001131862,3.3737458856596416,0.004084760304420499,0.005461289922356222,0.03229620216163484,253.91794001131862,0.03224991623446623,4.519178651430056,18.439136930129695,2.378642485730142,0.0,0.9848059145270323,0.0,0.39367787350190264,2.346124991414699,0.02412125697926669,164.64558161061402,0.1920860334044256,0.23148148148148145,-0.6375166052483408,-0.5074479142058136,0.33792802550979384,-0.019284679633619912,0.1291195213941995,0.08626868007198185,0.21832152402187843,-0.22618154961594383,0.006069879437913703,Residential Construction,Consumer Cyclical,NVR
2011Q2,2011,Q2,2011-08-08,2011-06-30,38445000.0,697364000.0,63905000.0,6.48,138763000.0,0.19898216713222935,2175675000.0,1650796000.0,1654020000.0,447813000.0,524879000.0,535179000.0,4082691000.0,4196901800.0,3366578800.0,285.3579948141746,3.6935506561890787,0.0455591942730417,0.060044972243693345,0.022160674038596086,285.3579948141746,0.02328876493521913,6.018236960898469,27.291597086747302,2.542350357039876,0.0,1.0437647964512808,0.0,0.32052765233778024,2.498455828660624,0.017670378158502534,-185.24460628531074,0.19898216713222935,1.5714285714285716,-0.8002315448306695,-0.6056043797676964,0.6324805228584756,0.41477962092556153,1.533610122578094,1.522798152461411,-0.3064624774570691,-0.3243126792764694,0.16163934290930865,Residential Construction,Consumer Cyclical,NVR
2011Q1,2011,Q1,2011-05-03,2011-03-31,15174000.0,516001000.0,25331000.0,2.52,98081000.0,0.19007908899401357,2275728000.0,1818201000.0,1825458000.0,384337000.0,457527000.0,492244000.0,4044246000.0,4402188000.0,3266611000.0,312.2447192168985,4.749628581167049,0.037196009364915315,0.04655590883516179,0.00813362085231903,312.2447192168985,0.008345611953793887,8.531355559388452,72.52846975088968,2.421177856573613,0.0,0.8490098406481339,0.0,0.2267410692314723,3.4688671660547903,0.006667756427833203,-438.2466898954704,0.19007908899401357,-0.7500091996320147,-0.8899934613027585,-0.5883588607643249,1.2578304635231234,-0.3783055703455795,-0.7414903403863845,-0.7092935181784796,-0.6868107965642601,-0.4786520108121004,0.3322408710292717,Residential Construction,Consumer Cyclical,NVR
2010Q4,2010,Q4,2011-02-25,2010-12-31,58698000.0,812729000.0,87136000.0,10.080370942812984,157764000.0,0.19411636597192913,2260061000.0,1740374000.0,1808913000.0,456139000.0,519687000.0,431329000.0,4029072000.0,4023809460.0,2930598460.0,298.87927185299674,3.9657056292051327,0.044326679678114884,0.05756291463788818,0.03212112530790083,298.87927185299674,0.033727233341798946,4.95098545763717,17.13776218951242,2.312037217287778,0.0,1.5184812521300446,0.0,0.35960489562007397,3.0200969441332575,0.02597186536115618,29.083854660575923,0.19411636597192913,0.3789837131071114,-0.7465151601936691,-0.5301975474844058,1.4699088331734058,0.136218941303565,0.3357454942654287,0.3269172199549248,-0.21723313902466,-0.48919239424470856,0.3824861681550017,Residential Construction,Consumer Cyclical,NVR
2010Q3,2010,Q3,2010-11-03,2010-09-30,43944000.0,679633000.0,65668000.0,7.31,138850000.0,0.20430143915907556,2249819000.0,1686678000.0,1824098000.0,482840000.0,563141000.0,562314000.0,3970374000.0,3722002440.0,2775613440.0,293.437369519833,3.7778518763979787,0.04848390026042095,0.06467150220729742,0.024764398932842956,293.437369519833,0.02605357987713126,5.476488693162339,21.174690742763516,2.2067059865605643,0.0,0.9617100054417994,0.0,0.3020834120433688,2.25992668378759,0.019532237926695437,-179.9807756286267,0.20430143915907556,-0.3432165318957773,-0.7458401647453528,-0.4588878045209397,1.0411647828591686,-0.29469075097529257,-0.3834670856950446,-0.45482017733204927,-0.5567149439131618,-0.5165559535853276,0.4734930520106663,Residential Construction,Consumer Cyclical,NVR
2010Q2,2010,Q2,2010-08-02,2010-06-30,71276000.0,968339000.0,120452000.0,11.13,196864000.0,0.20330070357591712,2359435000.0,1815466000.0,1945907000.0,472626000.0,543969000.0,420701000.0,3926430000.0,4010748690.0,3000890690.0,296.4994283847787,4.1172237667838845,0.034340424720324995,0.0446298636273001,0.038280056957978655,296.4994283847787,0.039260443324193345,4.141884908074548,14.067668955889781,2.2092116789848997,0.0,1.8337845643342896,0.0,0.41041139086264294,3.2270886493760393,0.03020892713721717,80.50963907902924,0.20330070357591712,1.2215568862275452,-0.5575605339015722,-0.2125992804847881,1.314205658653107,0.6078931033356202,1.221335743447502,1.1834463256353551,-0.28088246867601163,-0.3266513763069932,0.29896046914323726,Residential Construction,Consumer Cyclical,NVR
2010Q1,2010,Q1,2010-05-03,2010-03-31,32087000.0,593505000.0,55166000.0,5.01,122436000.0,0.20629312305709302,2476397000.0,1868724000.0,2058677000.0,474303000.0,607673000.0,499909000.0,3855154000.0,4406949000.0,3256376000.0,308.0652818991098,4.340425845925495,0.07741852376658508,0.10259353441171623,0.01629198483634546,308.0652818991098,0.017170539897812625,7.42529380544393,34.335938230436,2.358266389258125,0.0,0.9423095003290599,0.0,0.23966472257881108,3.286439259292056,0.01295713086391237,-37.019496992708575,0.20629312305709302,-0.4988264977984466,-0.7013163673544486,-0.3086843975009124,1.6100285025352996,-0.20279201203273842,-0.4708520918880588,-0.36552882182453883,-0.646841322635123,-0.49315719629011356,0.389956794362534,Residential Construction,Consumer Cyclical,NVR
2009Q4,2009,Q4,2010-02-26,2009-12-31,60639000.0,745802000.0,86948000.0,9.996538081107815,153581000.0,0.20592731046578047,2395770000.0,1757262000.0,1936495000.0,502972000.0,638508000.0,418718000.0,3823067000.0,4311166860.0,3208896860.0,289.69040553907024,3.8501049760225223,0.061725457786014515,0.08415364356595659,0.03274076484365227,289.69040553907024,0.034507660212307556,5.780578303624822,17.77390318112106,2.4533432464823117,0.0,1.4143671874626838,0.0,0.31129949869979173,3.017617282870617,0.025310860391439913,29.895476395206924,0.20592731046578047,-0.1374859291537692,-0.5811766406894705,-0.34938789141066046,1.3102514511879337,-0.1341402911362432,-0.1592746128356926,-0.25398541398541397,-0.5811818331892137,-0.5720968860904935,0.42396822302018344,Residential Construction,Consumer Cyclical,NVR
2009Q3,2009,Q3,2009-11-03,2009-09-30,72127000.0,814016000.0,116550000.0,11.59,177374000.0,0.21789989385958017,2374780000.0,1671587000.0,1973026000.0,569823000.0,703193000.0,478839000.0,3762428000.0,3738812420.0,2834412420.0,284.9619843163996,3.462524327729839,0.08896445144392323,0.12638947299781586,0.03935739639612266,284.9619843163996,0.04314881606521228,4.593045370115576,12.959129105605392,2.236684312572424,0.0,1.3295533571826856,0.0,0.3427753307674816,2.622194962295309,0.030372076571303447,31.844613825292996,0.21789989385958017,0.706921944035346,-0.469050172210413,-0.22799521084399377,1.8044115157654252,0.32659716093518615,0.7411046202867764,-0.13770780465068103,-0.4557205344869857,-0.4885773037497653,0.501503300652165,Residential Construction,Consumer Cyclical,NVR
2009Q2,2009,Q2,2009-07-29,2009-06-30,41426000.0,627946000.0,135163000.0,6.79,133706000.0,0.2129259522315613,2237085000.0,1548602000.0,1834604000.0,419875000.0,688483000.0,460570000.0,3690301000.0,2902307030.0,2553818030.0,268.0633546823611,4.369405180113129,0.10494862734317204,0.15160706236980193,0.04496254291267869,268.0633546823611,0.026750578909235555,4.621905434543734,17.515008871240283,1.874146507624296,0.0,1.073105065462362,0.0,0.2806983194648393,3.272483477225365,0.01851784800309331,-121.54732515286037,0.2129259522315613,1.2483443708609272,-0.599627030735283,-0.2978212624477128,2.393850593961003,0.34810094675391456,1.3029797642873027,3.0073230750985798,-0.784443540103155,-0.6443720768750217,0.5335410724904647,Residential Construction,Consumer Cyclical,NVR
2009Q1,2009,Q1,2009-05-11,2009-03-31,17988000.0,561811000.0,33729000.0,3.02,99181000.0,0.17653801723355364,2131150000.0,1474971000.0,1630911000.0,367980000.0,656179000.0,370529000.0,3648875000.0,2413365500.0,2111775500.0,261.4269762495569,4.432064242621881,0.11316847711329564,0.16351440130009337,0.011546604247578975,261.4269762495569,0.012195494013102631,4.295689297646361,33.5413261618857,1.6362121695951988,0.0,1.248566239079802,0.0,0.26361870351688055,3.4251372357193324,0.008440513337869226,2806.2389534883723,0.17653801723355364,1.5594392093771547,-0.7911522770863221,-0.2529725726563436,2.3303604122703176,1.8835877307748219,1.5906031454181304,2.0584303511469546,-0.865409313757475,-0.5374356327373929,0.8903691708328538,Residential Construction,Consumer Cyclical,NVR
2008Q4,2008,Q4,2009-02-25,2008-12-31,-30457000.0,910174000.0,-31867000.0,-5.398263027295285,34395000.0,0.03778947761636786,2103236000.0,1373789000.0,1559807000.0,563597000.0,729447000.0,400570000.0,3630887000.0,2574162500.0,1636908500.0,243.4932647997164,2.7675928012391835,0.100031094941319,0.15314506084995586,-0.011615857166707131,243.4932647997164,-0.022170071240925644,2.828209221533465,-21.129481728338313,1.8737684608043885,0.0,2.1863319769328706,0.0,0.4327493443436685,2.0568544545127105,-0.014481018772976499,10.507557698116596,0.03778947761636786,-1.8820691221070727,-1.2790803326763136,-0.0902739584333908,2.243014517598492,-0.7419342737094838,-1.8332740554294,-1.5426664169064932,-1.1357467742476282,-0.45699021381942473,1.0122043319312262,Residential Construction,Consumer Cyclical,NVR
2008Q3,2008,Q3,2008-11-03,2008-09-30,36551000.0,939211000.0,58723000.0,6.12,133280000.0,0.1419063447936619,2308152000.0,1372475000.0,1586505000.0,521607000.0,935677000.0,611020000.0,3661344000.0,3110536000.0,2438907000.0,252.38598749540273,3.0415715279894635,0.1271198777203581,0.21378312901874352,0.021258820811498626,252.38598749540273,0.02663145048179384,3.311860700098274,21.275313944898908,2.266369879232773,0.0,1.3189928316585382,0.0,0.4069103767862775,1.87015319963114,0.015835612212713894,27.45834289648841,0.1419063447936619,-0.2916666666666667,-0.5606631752132222,0.29076681602234067,2.193950853306525,-0.27310012325883265,-0.28794903763734125,-0.28815429000897036,-0.7765480474954318,-0.2095878808752894,0.7556093492990896,Residential Construction,Consumer Cyclical,NVR
2008Q2,2008,Q2,2008-08-01,2008-06-30,51332000.0,955723000.0,82494000.0,8.64,183354000.0,0.19184847492421966,2313855000.0,1315953000.0,1509965000.0,795199000.0,997902000.0,625637000.0,3624793000.0,2678928560.0,2129691560.0,245.65111069628523,1.8988517339684783,0.13782281085029097,0.2423354025561703,0.02997313173973199,245.65111069628523,0.03900747215136103,2.8030387047292993,13.047068884906102,2.035732704739455,0.0,1.234532164817618,0.0,0.4130436003984692,1.1120838934656607,0.0221846226319281,111.06208531984578,0.19184847492421966,0.16442048517520225,-0.2821289025930273,0.49789697458084564,2.147039858367326,0.13884472049689442,0.1809690332673814,0.2658084117168679,-0.635798827954072,-0.11173400911484169,0.9173298023698595,Residential Construction,Consumer Cyclical,NVR
2008Q1,2008,Q1,2008-04-25,2008-03-31,43466000.0,887931000.0,65171000.0,7.42,161000000.0,0.18132039539108333,2209576000.0,1224378000.0,1407357000.0,515106000.0,985198000.0,631077000.0,3573461000.0,3121340000.0,2624684000.0,234.37557427258807,2.732169689345494,0.12264887019047999,0.2213385082057992,0.025887479122978126,234.37557427258807,0.03550047452665762,3.5152956704969194,17.952767680485895,2.549327086896367,0.0,1.1518895475512496,0.0,0.40185583116398804,1.5070296210876986,0.019671647411087016,42.71302872312766,0.18132039539108333,-0.42381781966287124,-0.3292929484424088,0.6179400030549035,2.8769097902555028,-0.2072245967185992,-0.3538960073728335,-0.1570717195886956,-0.5301802994197118,0.20096522718164972,0.9857055146833202,Residential Construction,Consumer Cyclical,NVR
2007Q4,2007,Q4,2008-02-22,2007-12-31,67274000.0,1427397000.0,77315000.0,12.877871362940276,203084000.0,0.14227576490632948,2194416000.0,1129375000.0,1363918000.0,862221000.0,1065041000.0,688854000.0,3529995000.0,2737376000.0,2359450000.0,216.1897013782542,1.5818659021295005,0.13045976697216935,0.2534879911455451,0.0340252477807075,216.1897013782542,0.059567459878251246,1.917739773868097,10.172488628593513,2.4237972329828446,0.0,1.7773185609722815,0.0,0.6504678237854628,0.7829361613785792,0.03065690370467587,7.3125003339192505,0.14227576490632948,-0.156102794040611,0.15456665239833406,1.3183964917686228,2.7946923244064603,-0.007841163912081254,-0.26164213668741015,-0.4622762237275876,-0.4604578803947495,0.4459145081315589,0.7240908286610036,Residential Construction,Consumer Cyclical,NVR
2007Q3,2007,Q3,2007-11-01,2007-09-30,91113000.0,1292088000.0,143782000.0,15.26,204689000.0,0.15841722854790077,2246674000.0,1052078000.0,1314254000.0,991708000.0,1194596000.0,979397000.0,3462721000.0,2553273836.604,2550617836.604,199.1440469430248,1.325242914244919,0.140000284865539,0.29896547594379885,0.06574157362977388,199.1440469430248,0.08660289446219767,1.9760835458606536,7.00578906578644,2.4268864443548863,0.0,1.1102739747007597,0.0,0.5751114758972596,0.3376568506052185,0.04055461540036516,40.47034136319544,0.15841722854790077,0.07920792079207915,0.3709420932185466,1.1111461152803752,3.0816027686786986,-0.19645037313872282,0.004033191179873715,-0.0055125571486868774,-0.25527246756194993,0.36063172913577024,0.959846889341753,Residential Construction,Consumer Cyclical,NVR
2007Q2,2007,Q2,2007-07-31,2007-06-30,90747000.0,1316668000.0,144579000.0,14.14,254731000.0,0.19346638636315305,2503281000.0,1279620000.0,1474118000.0,1020707000.0,1223661000.0,886562000.0,3371608000.0,3810678500.0,3575674500.0,228.25900820549413,1.4442126878722297,0.1354534309172642,0.2649833544333474,0.05488564873450672,228.25900820549413,0.07091714727809818,2.8941832717131426,10.49808395869836,2.977976664947406,0.0,1.1978147044425544,0.0,0.5259769079060641,0.57563629915343,0.03625122389376183,95.6927954397067,0.19346638636315305,0.09104938271604936,0.41746730820733685,1.1866960633821337,3.321975117436827,0.06235742079164564,0.06986477405359522,0.08665163472378805,-0.09619799841821867,0.517228287141027,1.8899025437218424,Residential Construction,Consumer Cyclical,NVR
2007Q1,2007,Q1,2007-05-04,2007-03-31,84821000.0,1093189000.0,133050000.0,12.96,239779000.0,0.21933901640064069,2467947000.0,1255128000.0,1371781000.0,930739000.0,1212819000.0,802360000.0,3280861000.0,3765895000.0,3490733000.0,221.63658838071694,1.4738621675894101,0.11429743021223714,0.2247420183439458,0.053187043570372496,221.63658838071694,0.06757956160646564,3.4448709235091095,11.09953608186652,3.000407129790746,0.0,1.0636248068198813,0.0,0.4429548122386745,0.6117944987800017,0.03436905249585992,53.06543886595178,0.21933901640064069,-0.4570236818158278,0.44436866678466613,1.062874412595699,4.241780070343424,-0.2728637364370235,-0.3724725709677658,-0.2180796671329,-0.018846914256501597,0.4481984634762697,1.823464243985197,Residential Construction,Consumer Cyclical,NVR
