Quarters,Year,Quarter,FillingDate,Date,NetIncome,Revenue,OperatingIncome,EPSDiluted,GrossProfit,GrossProfitRatio,TotalAssets,CommonStockEquity,CurrentAssets,CurrentLiability,TotalLiability,Inventory,RetainedEarnings,MarketCap,EnterpriseValue,bookValuePerShare,currentRatio,debtToAssets,debtToEquity,roic,shareholdersEquityPerShare,roe,priceToSalesRatio,peRatio,pbRatio,payoutRatio,inventoryTurnover,dividendYield,assetTurnover,quickRatio,returnOnAssets,priceToFreeCashFlowsRatio,grossProfitMargin,epsdilutedGrowth,fiveYNetIncomeGrowthPerShare,fiveYRevenueGrowthPerShare,fiveYShareholdersEquityGrowthPerShare,grossProfitGrowth,netIncomeGrowth,operatingIncomeGrowth,threeYNetIncomeGrowthPerShare,threeYRevenueGrowthPerShare,threeYShareholdersEquityGrowthPerShare,Industry,Sector,Symbol
2023Q1,2023,Q1,2023-05-09,2023-03-31,-497000000.0,1284000000.0,-615000000.0,-7.37,1284000000.0,1.0,230002000000.0,5754000000.0,100337000000.0,30000000.0,224183000000.0,0.0,-894000000.0,2973085369.98,2445085369.98,85.36887052177293,3344.5666666666666,0.013725967600281736,0.5486618004866181,-0.0525281226654669,85.36887052177293,-0.08637469586374696,2.315487048271028,-1.495515779668008,0.5166988825130344,-0.052313883299798795,0.0,0.008745123924973236,0.005582560151650855,3391.766666666667,-0.00216085077521065,-5.94617073996,1.0,0.45285820341499633,-12.181674279068627,0.2571218771357798,-0.24861149484828157,1.828193832599119,0.47127659574468084,0.5217729393468118,-1.155833167120365,-0.7778893568221363,-0.5610490602219732,Insurance—Life,Financial Services,BHF
2022Q4,2022,Q4,2023-02-23,2022-12-31,-940000000.0,454000000.0,-1286000000.0,-13.47,454000000.0,1.0,225716000000.0,5462000000.0,98958000000.0,38000000.0,220189000000.0,0.0,-637000000.0,3500616546.36,2541616546.36,79.99640528785905,2604.157894736842,0.013982172287299083,0.5778103258879531,-0.10594350754655996,79.99640528785905,-0.17209813255217868,7.710609132951542,-0.931015038925532,0.640903798308312,-0.027659574468085105,0.0,0.007427263070853971,0.0020113771287813003,2633.6052631578946,-0.004164525332718992,-16.51234219981132,1.0,-0.4269067796610171,-3.4684792409922007,-0.5763803551526784,-0.3398954233440095,-0.6936572199730094,-0.3925925925925926,-0.5456730769230769,-0.3642078944468312,1.3039386419287362,-0.47552541785964486,Insurance—Life,Financial Services,BHF
2022Q3,2022,Q3,2022-11-08,2022-09-30,-675000000.0,1482000000.0,-832000000.0,-9.44,1482000000.0,1.0,221641000000.0,5814000000.0,97941000000.0,18000000.0,215762000000.0,0.0,304000000.0,3105289850.0,1468289850.0,81.29478798895376,5441.166666666667,0.014239242739384862,0.542827657378741,-0.07212983370066119,81.29478798895376,-0.11609907120743033,2.0953372807017545,-1.1501073518518519,0.5341055813553491,-0.037037037037037035,0.0,0.008050778255047592,0.006686488510699735,5510.5,-0.0030454654147923895,-3.2448169801462905,1.0,-1.7392325763508223,-0.19877883710284405,0.2586016025099462,-0.29268275032337027,-0.5968443960826986,-1.686673448626653,-1.6650679456434851,-2.5099030144512544,-0.28955228270141614,-0.4980153427671444,Insurance—Life,Financial Services,BHF
2022Q2,2022,Q2,2022-08-05,2022-06-30,983000000.0,3676000000.0,1251000000.0,12.77,3676000000.0,1.0,228211000000.0,10191000000.0,101257000000.0,489000000.0,217955000000.0,0.0,981000000.0,3058871121.7400002,1144871121.7400002,136.66310327000838,207.06952965235175,0.013833688998339257,0.30978314198802864,0.07595105812295674,136.66310327000838,0.09645765871847709,0.8321194564036998,0.7779428081739573,0.30015416757334906,0.026449643947100712,0.0,0.008499867750299407,0.016107900145041213,207.06952965235175,0.0043074172585896384,16.899840451602213,1.0,0.540410132689988,5.576311323506652,1.9875448172521872,0.021738759004982407,0.3416058394160584,0.5311526479750779,0.4804733727810651,2.9662177709301765,1.4031529872648112,-0.029884635225287205,Insurance—Life,Financial Services,BHF
2022Q1,2022,Q1,2022-05-10,2022-03-31,642000000.0,2740000000.0,845000000.0,8.29,2740000000.0,1.0,245052000000.0,12814000000.0,103949000000.0,0.0,232173000000.0,0.0,-2000000.0,3970271957.3999996,3026271957.3999996,166.7319637301378,0.0,0.012882979938951733,0.24637115654752614,0.04209069458840244,166.7319637301378,0.05010145153738099,1.4490043640145984,1.54605605817757,0.3098386106914312,0.04205607476635514,0.0,0.006800541698327741,0.011181300295447496,0.0,0.0026198521130209097,-24.35749667116564,1.0,9.362499999999999,3.9374685389555,3.534055921523714,0.3536658077331096,3.384,9.03125,8.38888888888889,2.323928548848449,5.026560524441036,0.2984326320803266,Insurance—Life,Financial Services,BHF
2021Q4,2021,Q4,2022-02-24,2021-12-31,64000000.0,625000000.0,90000000.0,0.8,625000000.0,1.0,259775000000.0,16142000000.0,109991000000.0,0.0,243633000000.0,0.0,-642000000.0,4033669729.6,2716669729.6,207.2940166281084,0.0,0.012152824559715138,0.1955767562879445,0.006091042044052193,207.2940166281084,0.003964812290918102,6.45387156736,15.756522381249999,0.24988661439722462,0.328125,0.0,0.005206177354059791,0.0024059282071023,0.0,0.0002463670484072755,39.5457816627451,1.0,-0.815668202764977,1.0571470958879825,2.7812045137723413,0.7117446807704118,0.0,-0.8328981723237598,0.0,-0.9330113068620722,-0.7633374635812948,0.6898148157250953,Insurance—Life,Financial Services,BHF
2021Q3,2021,Q3,2021-11-05,2021-09-30,383000000.0,2512000000.0,0.0,4.34,0.0,0.0,254691000000.0,16031000000.0,0.0,0.0,238595000000.0,0.0,-705000000.0,3740567677.3599997,3068567677.3599997,193.84280476693448,0.0,0.013490857548951475,0.2143347264674693,0.0,193.84280476693448,0.023891210779115463,1.4890794893949044,2.441623810287206,0.23333339637951467,0.057441253263707574,0.0,0.005881460221440788,0.009862931944984315,0.0,0.0015037830154972104,6.505335091060869,0.0,38.45454545454545,4.597163973782857,1.1108019369916247,0.0,0.0,11.35483870967742,0.0,3.044835009655813,1.5559292477649134,0.8002743218223836,Insurance—Life,Financial Services,BHF
2021Q2,2021,Q2,2021-08-06,2021-06-30,31000000.0,1325000000.0,0.0,0.11,0.0,0.0,253856000000.0,16115000000.0,0.0,0.0,237676000000.0,0.0,-1088000000.0,3895917399.0,2449917399.0,188.3708058565027,0.0,0.013535232572797177,0.21321749922432517,0.0,188.3708058565027,0.0019236735960285448,2.9403150181132074,31.418688701612904,0.24175720750853244,0.6774193548387096,0.0,0.005390258018660831,0.005219494516576327,0.0,0.0001221164754821631,22.519753751445087,0.0,1.0158045977011494,1.0312514056989577,4.254736199748233,0.0,0.0,1.052991452991453,0.0,1.1815960470862137,0.08993078751803833,0.679326869903708,Insurance—Life,Financial Services,BHF
2021Q1,2021,Q1,2021-05-10,2021-03-31,-585000000.0,600000000.0,0.0,-6.96,0.0,0.0,241937000000.0,15017000000.0,0.0,0.0,226855000000.0,0.0,-1119000000.0,3875124897.0,3285124897.0,171.478924592711,0.0,0.014197911026424235,0.22874076047146566,0.0,171.478924592711,-0.03895585003662516,6.458541495,-1.6560362807692308,0.2580492040354265,-0.042735042735042736,0.0,0.006451404964870736,0.0024799844587640586,0.0,-0.002417984847294957,-37.26081631730769,0.0,0.41248529524977484,-3.014273803317352,-0.6480409406574311,0.0,0.0,0.4331395348837209,0.0,-10.941749197700455,-0.5478718958841956,0.5093006622581409,Insurance—Life,Financial Services,BHF
2020Q4,2020,Q4,2021-02-24,2020-12-31,-1032000000.0,-62000000.0,0.0,-11.846512,0.0,0.0,247869000000.0,18023000000.0,0.0,0.0,229781000000.0,0.0,-534000000.0,3193701629.69,2521701629.69,204.31549050602382,0.0,0.013862161060882967,0.1906452865782611,0.0,204.31549050602382,-0.05726016756366865,-51.511316607903225,-0.7736680304481588,0.1772014442484603,-0.012596899224806201,0.0,0.004070511746979275,-0.00025013212624410477,0.0,-0.004163489585224453,8.562202760563002,0.0,0.6414623732143352,0.18653536543074015,0.8440195218454062,0.6871492952935563,0.0,0.6554257095158598,0.0,-3.0976680272046115,-1.0447782755106312,0.685945635674818,Insurance—Life,Financial Services,BHF
2020Q3,2020,Q3,2020-11-06,2020-09-30,-2995000000.0,155000000.0,0.0,-33.041196,0.0,0.0,239681000000.0,18266000000.0,0.0,0.0,221350000000.0,0.0,511000000.0,2453086725.57,243086725.57000017,200.3753291216339,0.0,0.01660123247149336,0.2178364173874959,0.0,200.3753291216339,-0.16396583816927626,15.826365971419357,-0.20476516907929884,0.13429797030384322,-0.005676126878130217,0.0,0.006930044430471521,0.0006466928959742325,0.0,-0.012495775635115006,51.10597344937501,0.0,-0.5376204026278955,-24.519373742405065,-0.8818397852684826,0.0,0.0,-0.5042692114515319,0.0,-3.172969796658621,-0.8967274513762614,0.743394997433557,Insurance—Life,Financial Services,BHF
2020Q2,2020,Q2,2020-08-07,2020-06-30,-1991000000.0,-922000000.0,0.0,-21.488526,0.0,0.0,235367000000.0,20909000000.0,0.0,0.0,214393000000.0,0.0,3523000000.0,2586699538.28,-759300461.7199993,224.87667059576154,0.0,0.01690551351718805,0.19030082739490173,0.0,224.87667059576154,-0.09522215313979626,-2.805530952581345,-0.3247990379558011,0.12371225492754316,-0.0035158211953792064,0.0,0.002706151176976117,-0.0039172866204693095,0.0,-0.008459129784549236,6.972235952237197,0.0,-1.4561351305455317,-0.8467451930820313,-1.0838127513836093,0.0,0.0,-1.4016542263465805,0.0,-11.68259516160866,-1.6009613070656927,0.6812526925408191,Insurance—Life,Financial Services,BHF
2020Q1,2020,Q1,2020-05-11,2020-03-31,4957000000.0,8985000000.0,0.0,47.11,0.0,0.0,223953000000.0,20374000000.0,0.0,0.0,203514000000.0,0.0,5521000000.0,2532033223.63,-2032966776.37,194.48385408388268,0.0,0.01949069670868441,0.21424364385982134,0.0,194.48385408388268,0.24330028467654854,0.2818067026855871,0.12769988015079686,0.12427766877540003,0.0014121444422029454,0.0,0.0027645766788022574,0.04012002518385554,0.0,0.022134108495979066,26.37534607947917,0.0,5.637833081522591,13.267938786062722,3.4059408195587824,0.0,0.0,5.632710280373832,0.0,17.6391148593912,9.907557117021689,0.5789782447210531,Insurance—Life,Financial Services,BHF
2019Q4,2019,Q4,2020-02-26,2019-12-31,-1070000000.0,306000000.0,0.0,-10.157761,0.0,0.0,227259000000.0,16172000000.0,0.0,0.0,211022000000.0,0.0,585000000.0,4159451018.2299995,5647451018.23,152.52675346324244,0.0,0.019207160112470794,0.2699109572099926,0.0,152.52675346324244,-0.06616373979718031,13.592977183758169,-0.9718343500537382,0.25720078025166954,-0.0065420560747663555,0.0,0.0016829143964721476,0.0013464813274721792,0.0,-0.004708284380376575,8.220258929308299,0.0,-2.6761981848184817,0.2983010302127767,1.6404836771262636,0.2595002169516681,0.0,-2.566617862371889,0.0,0.2983010302127767,1.6404836771262636,0.2595002169516681,Insurance—Life,Financial Services,BHF
2019Q3,2019,Q3,2019-11-05,2019-09-30,683000000.0,3187000000.0,0.0,6.06,0.0,0.0,225876000000.0,17695000000.0,0.0,0.0,208116000000.0,0.0,1662000000.0,4421926423.349999,4497926423.349999,161.94675836724537,0.0,0.019324762258938533,0.2466798530658378,0.0,161.94675836724537,0.038598474145238766,1.3874886800596171,1.61856750488653,0.2498969439587454,0.010248901903367497,0.0,0.0015830204598241326,0.014109511413341833,0.0,0.0030237829605624326,8.619739616666665,0.0,0.8532110091743118,5.855285655992421,1.0269476569232403,0.0,0.0,0.7786458333333334,0.0,5.855285655992421,1.0269476569232403,0.0,Insurance—Life,Financial Services,BHF
2019Q2,2019,Q2,2019-08-06,2019-06-30,384000000.0,2370000000.0,0.0,3.27,0.0,0.0,221212000000.0,16276000000.0,0.0,0.0,204871000000.0,0.0,986000000.0,4276011564.54,4660011564.54,140.8730427661511,0.0,0.019732202592987722,0.2681862865568936,0.0,140.8730427661511,0.02359302039813222,1.804224288835443,2.7838616956640623,0.2627188230855247,0.0,0.0,0.0,0.01071370450066,0.0,0.0017358913621322533,9.875315391547344,0.0,1.5182250396196515,1.2866394854216099,5.3106741000429585,0.0,0.0,1.5210312075983718,0.0,1.2866394854216099,5.3106741000429585,0.0,Insurance—Life,Financial Services,BHF
2019Q1,2019,Q1,2019-05-07,2019-03-31,-737000000.0,691000000.0,0.0,-6.31,0.0,0.0,216430000000.0,14999000000.0,0.0,0.0,201366000000.0,0.0,609000000.0,4466637884.16,4966637884.16,128.41017670897773,0.0,0.020163563276810053,0.2909527301820121,0.0,128.41017670897773,-0.04913660910727382,6.464020092850941,-1.5151417517503394,0.2977957119914661,0.0,0.0,0.0,0.003192718199879869,0.0,-0.003405258051101973,11.879356074893616,0.0,-1.5197693574958813,-2.9025658378065025,-0.6961015301774998,0.0,0.0,-1.5110957004160888,0.0,-2.9025658378065025,-0.6961015301774998,0.0,Insurance—Life,Financial Services,BHF
2018Q4,2018,Q4,2019-02-26,2018-12-31,1442000000.0,3986000000.0,0.0,12.14,0.0,0.0,206294000000.0,14418000000.0,0.0,0.0,191811000000.0,0.0,1346000000.0,3582385601.28,3400385601.28,122.67262347274371,0.0,0.01921044722580395,0.2748647523928423,0.0,122.67262347274371,0.10001387154945207,0.8987419973105871,0.6210793344798891,0.24846619512276322,0.0,0.0,0.0,0.019321938592494207,0.0,0.006990023946406585,2.2876025550957855,0.0,6.371681415929205,1.853085695675811,8.526347603327553,0.012977673554073109,0.0,6.321033210332104,0.0,1.853085695675811,8.526347603327553,0.012977673554073109,Insurance—Life,Financial Services,BHF
2018Q3,2018,Q3,2018-11-06,2018-09-30,-271000000.0,1422000000.0,0.0,-2.26,0.0,0.0,216946000000.0,12884000000.0,0.0,0.0,203997000000.0,0.0,-96000000.0,5299628150.47,7121628150.47,107.67403746041941,0.0,0.018281046896462715,0.30782365724930144,0.0,107.67403746041941,-0.02103384042222912,3.726883368825598,-4.888955858367158,0.411334069424868,0.0,0.0,0.0,0.006554626496916283,0.0,-0.001249158776838476,11.06394185901879,0.0,-0.12437810945273634,-0.7591463158625857,-0.17415478584258143,0.0,0.0,-0.13389121338912133,0.0,-0.7591463158625857,-0.17415478584258143,0.0,Insurance—Life,Financial Services,BHF
2018Q2,2018,Q2,2018-08-07,2018-06-30,-239000000.0,1702000000.0,0.0,-2.01,0.0,0.0,216212000000.0,13435000000.0,0.0,0.0,202712000000.0,0.0,175000000.0,4799308357.42,6271308357.42,112.1704233002023,0.0,0.016682700312656097,0.2684778563453666,0.0,112.1704233002023,-0.01778935615928545,2.819805145370153,-5.020197026589958,0.35722429158317826,0.0,0.0,0.0,0.007871903502118291,0.0,-0.001105396555232827,6.610617572203857,0.0,-2.5892857142857135,0.8279070155964311,3.9861861294512404,0.0,0.0,-2.5671641791044775,0.0,0.8279070155964311,3.9861861294512404,0.0,Insurance—Life,Financial Services,BHF
2018Q1,2018,Q1,2018-05-09,2018-03-31,-67000000.0,1815000000.0,0.0,-0.56,0.0,0.0,218997000000.0,13608000000.0,0.0,0.0,205324000000.0,0.0,374000000.0,6156337648.4,7877337648.4,113.61482100998533,0.0,0.01647967780380553,0.26521164021164023,0.0,113.61482100998533,-0.0049235743680188125,3.391921569366391,-22.971409135820895,0.45240576487360373,0.0,0.0,0.0,0.008287784764174851,0.0,-0.0003059402640218816,21.1557994790378,0.0,-1.1004085912459487,-1.1686749378144055,-0.22155014001867723,0.0,0.0,-1.1002994011976048,0.0,-1.1686749378144055,-0.22155014001867723,0.0,Insurance—Life,Financial Services,BHF
2017Q4,2017,Q4,2018-03-16,2017-12-31,668000000.0,1880000000.0,0.0,5.577212,0.0,0.0,224192000000.0,14515000000.0,0.0,0.0,209612000000.0,0.0,406000000.0,7023494935.84,8778494935.84,121.18747258670908,0.0,0.016111190408221523,0.24884602135721667,0.0,121.18747258670908,0.04602135721667241,3.7359015616170215,2.628553493952096,0.483878397233207,0.0,0.0,0.0,0.008385669426206109,0.0,0.0029795889237796175,5.14165075830161,0.0,1.7086673443456164,1.3877947435053852,4.483396275891894,0.0007139373852090334,0.0,1.7083775185577943,0.0,1.3877947435053852,4.483396275891894,0.0007139373852090334,Insurance—Life,Financial Services,BHF
2017Q3,2017,Q3,2017-11-09,2017-09-30,-943000000.0,1972000000.0,0.0,-7.87,0.0,0.0,223279000000.0,13766000000.0,0.0,0.0,209448000000.0,0.0,39000000.0,7282204844.799999,9199204844.8,114.93398192412243,0.0,0.016190506048486424,0.2626035159087607,0.0,114.93398192412243,-0.06850210663954671,3.6928016454361052,-1.9305951338282077,0.5289993349411594,0.0,0.0,0.0,0.008831999426726203,0.0,-0.004223415547364508,10.329368574184397,0.0,-4.926170043572006,-5.115398621585742,0.14415898809683034,0.0,0.0,-4.833333333333333,0.0,-5.115398621585742,0.14415898809683034,0.0,Insurance—Life,Financial Services,BHF
2017Q2,2017,Q2,2017-08-15,2017-06-30,246000000.0,2025000000.0,0.0,2.004498,0.0,0.0,224328000000.0,16415000000.0,0.0,0.0,207863000000.0,0.0,0.0,8590679510.0,7163679510.0,133.75542629223284,0.0,0.013444598980064905,0.1837343892780993,0.0,133.75542629223284,0.014986293024672555,4.242310869135802,8.730365355691056,0.5233432537313433,0.0,0.0,0.0,0.009026960522092651,0.0,0.0010966085374986628,8.902258559585492,0.0,1.7396671586715866,1.1728742094167253,4.467465753424658,0.0,0.0,1.7048710601719197,0.0,1.1728742094167253,4.467465753424658,0.0,Insurance—Life,Financial Services,BHF
2017Q1,2017,Q1,2017-03-31,2017-03-31,-349000000.0,965000000.0,0.0,-2.71,0.0,0.0,223188000000.0,15116000000.0,0.0,0.0,208072000000.0,0.0,0.0,8590679510.0,7482679510.0,123.17069898467206,0.0,0.021076401957094468,0.31119343741730615,0.0,123.17069898467206,-0.02308811854988092,8.902258559585492,-6.153781883954155,0.5683169826673723,0.0,0.0,0.0,0.004323709159990681,0.0,-0.0015637041417997384,23.86299863888889,0.0,0.8115683148297126,-1.8574938574938575,-0.5960652992884052,0.0,0.0,0.8022662889518414,0.0,-1.8574938574938575,-0.5960652992884052,0.0,Insurance—Life,Financial Services,BHF
2016Q4,2016,Q4,2016-12-31,2016-12-31,-1765000000.0,-553000000.0,0.0,-14.38187,0.0,0.0,221930000000.0,14862000000.0,0.0,0.0,207068000000.0,0.0,0.0,8590679510.0,8069679510.0,121.10101404539535,0.0,0.021209390348308026,0.31671376665320955,0.0,121.10101404539535,-0.11875925178307092,-15.534682658227847,-1.216810128895184,0.5780298418786166,0.0,0.0,0.0,-0.0024917766863425403,0.0,-0.00795295813995404,7.595649434129089,0.0,-10.17088769824194,0.0,0.0,0.0,0.0,-10.170886075949367,0.0,0.0,0.0,0.0,Insurance—Life,Financial Services,BHF
2016Q3,2016,Q3,2016-09-30,2016-09-30,-158000000.0,1766000000.0,0.0,-1.287442,0.0,0.0,,,,,,,,8590679510.0,,,0.0,0.0,0.0,0.0,,0.0,4.864484433748585,-13.592847325949366,0.0,0.0,0.0,0.0,0.0,0.0,0.0,18.239234628450106,0.0,0.8889669580966139,0.0,0.0,0.0,0.0,0.8889669711876318,0.0,0.0,0.0,0.0,Insurance—Life,Financial Services,BHF
2016Q2,2016,Q2,2016-06-30,2016-06-30,-1423000000.0,-584000000.0,0.0,-11.595125,0.0,0.0,,,,,,,,8590679510.0,,,0.0,0.0,0.0,0.0,,0.0,-14.710067654109588,-1.5092550087842587,0.0,0.0,0.0,0.0,0.0,0.0,0.0,5.251026595354523,0.0,-4.49631451113185,0.0,0.0,0.0,0.0,-4.496314496314496,0.0,0.0,0.0,0.0,Insurance—Life,Financial Services,BHF
2016Q1,2016,Q1,2016-03-31,2016-03-31,407000000.0,2389000000.0,0.0,3.316385,0.0,0.0,,,,,,,,8590679510.0,,,0.0,0.0,0.0,0.0,,0.0,3.595931146923399,5.276830165847666,0.0,0.0,0.0,0.0,0.0,0.0,0.0,17.25036046184739,0.0,0.0,0.0,0.0,0.0,0.0,0.0,0.0,0.0,0.0,0.0,Insurance—Life,Financial Services,BHF
