Quarters,Year,Quarter,FillingDate,Date,NetIncome,Revenue,OperatingIncome,EPSDiluted,GrossProfit,GrossProfitRatio,TotalAssets,CommonStockEquity,CurrentAssets,CurrentLiability,TotalLiability,Inventory,RetainedEarnings,MarketCap,EnterpriseValue,bookValuePerShare,currentRatio,debtToAssets,debtToEquity,roic,shareholdersEquityPerShare,roe,priceToSalesRatio,peRatio,pbRatio,payoutRatio,inventoryTurnover,dividendYield,assetTurnover,quickRatio,returnOnAssets,priceToFreeCashFlowsRatio,grossProfitMargin,epsdilutedGrowth,fiveYNetIncomeGrowthPerShare,fiveYRevenueGrowthPerShare,fiveYShareholdersEquityGrowthPerShare,grossProfitGrowth,netIncomeGrowth,operatingIncomeGrowth,threeYNetIncomeGrowthPerShare,threeYRevenueGrowthPerShare,threeYShareholdersEquityGrowthPerShare,Industry,Sector,Symbol
2023Q1,2023,Q1,2023-03-31,2023-03-31,90622000.0,534906000.0,94817000.0,1.38,319172000.0,0.5966880162,6808920000.0,2743907000.0,2244924000.0,1785865000.0,4065013000.0,219245000.0,-108561000.0,3671464321.776,4929858321.776,41.71466143695461,1.2570513448664933,0.2867271167821035,0.7115044350992945,0.029661240999535706,41.71466143695461,0.03302662954684689,6.863756102522686,10.128512728079276,1.3380425509231908,0.0,0.9839859517890944,0.0,0.07855959535432933,1.0662233707475088,0.013309306027975068,47.7843704841086,0.5966880162121942,2.4499999999999997,-0.6223952637724736,-0.20485561465027372,0.0,-0.350295262968263,3.0036227081952727,-0.602486112566817,18.80873265438555,0.7079481406685949,0.42563459444495194,Education & Training Services,Consumer Defensive,ARCE
2022Q4,2022,Q4,2022-12-31,2022-12-31,22635000.0,679331000.0,238525000.0,0.4,491257000.0,0.7231482149,5753408000.0,1897430000.0,1872729000.0,1533589000.0,3855978000.0,254060000.0,-199183000.0,4048828310.6999993,5846202310.699999,33.9244783751408,1.2211413879468358,0.3500071609731137,1.061295541864522,0.01713941996713112,33.9244783751408,0.011929293834291647,5.960022891197368,44.718669214711724,2.133848579763153,0.0,0.7402739510351886,0.0,0.11807453947295238,1.0016725472078896,0.003934189961845223,-28.484791829886024,0.7231482149349875,1.3076923076923077,-0.44176140883484827,0.9314486246902502,0.23334111471379562,1.5706533683582589,1.3123620004415986,5.489459815546772,-0.48777017181792304,1.6392478250965297,0.14467806843641356,Education & Training Services,Consumer Defensive,ARCE
2022Q3,2022,Q3,2022-09-30,2022-09-30,-72464000.0,253922000.0,-53130000.0,-1.3,191102000.0,0.7526011925,5704054000.0,1865976000.0,1797296000.0,1251743000.0,3838078000.0,231470000.0,-221818000.0,3249362463.386,4878913463.386,33.43623559768488,1.4358346721331774,0.34073415153503106,1.0415814565675015,-0.009294708531885064,33.43623559768488,-0.03883436871642508,12.796695297713471,-11.210264625834897,1.7413741995534777,0.0,0.27139586123471726,0.0,0.044516058228060255,1.1806560931437204,-0.012703947052394665,-51.4066424620861,0.7526011924921826,-4.416666666666667,-20.728164134956515,0.31603761329770846,0.0,-0.3152503018815191,-4.431676785848137,-1.2347032084498457,0.3853649925154199,2.3108277790865457,0.6728868162009334,Education & Training Services,Consumer Defensive,ARCE
2022Q2,2022,Q2,2022-06-30,2022-06-30,-13341000.0,412137000.0,226371000.0,-0.24,279083000.0,0.6771607499,5588068000.0,1922255000.0,1670167000.0,1259964000.0,3665813000.0,174021000.0,-149354000.0,4450536358.11,5759667358.11,34.376933669545934,1.3255672384290345,0.30151458428923916,0.8765143022127657,0.0684588128644529,34.376933669545934,-0.0069402862783553695,10.79868189002686,-83.39960194344502,2.315268451953565,0.0,0.7645858833129335,0.0,0.07375303951204602,1.1117523992748999,-0.0023874083135709875,-68.15209650567354,0.6771607499447999,-1.1318681318681318,-1.5482839449679988,0.5429393702350827,0.0,-0.10966665496923042,-1.1299545095900019,2.590170174297813,-1.470774946749311,1.7168876467060175,0.5608110622284861,Education & Training Services,Consumer Defensive,ARCE
2022Q1,2022,Q1,2022-03-31,2022-03-31,102659000.0,430037000.0,63053000.0,1.82,313459000.0,0.7289116983,5987480000.0,1946760000.0,2040630000.0,1392324000.0,4040720000.0,158220000.0,-136013000.0,5510377199.25,6889947199.25,34.70160427807487,1.4656286898739086,0.2653660638532404,0.8161632661447739,0.016637742996656386,34.70160427807487,0.05273325936427706,12.813728119324617,13.419128374643238,2.8305375080903654,0.0,0.7368095057514853,0.0,0.07182270337437453,1.2970659128191426,0.01714561050725848,-571.3195644634526,0.728911698295728,19.2,-0.49844493219069125,-0.2504645914506394,0.0,-0.14453865908340408,18.654170249355115,-0.38015610868624905,1.9843958915028557,2.2938491787191766,0.5992146883141746,Education & Training Services,Consumer Defensive,ARCE
2021Q4,2021,Q4,2021-12-31,2021-12-31,-5815000.0,460834000.0,101724000.0,-0.1,366421000.0,0.7951257937,5990119000.0,1875234000.0,2046927000.0,1393211000.0,4114885000.0,158582000.0,-238672000.0,6569652686.402,8232954686.402,33.21408455693512,1.4692153593389659,0.3129228317500871,0.9995792525092868,-0.005804246966048886,33.21408455693512,-0.0031009463352306968,14.256006905744803,-282.44422555468617,3.5033775445635054,0.0,0.5953576067901779,0.0,0.07693236144390454,1.307111413849015,-0.0009707653554128057,-25.567825204911465,0.7951257936697379,0.9604743083003953,-1.142071994971956,0.297972955146605,0.2075143976765304,1.6456198872210308,0.9596348743579064,2.1837318903822656,0.9322012703008216,2.3901958270902335,0.5599022815981232,Education & Training Services,Consumer Defensive,ARCE
2021Q3,2021,Q3,2021-09-30,2021-09-30,-144060000.0,183267000.0,-85935000.0,-2.53,138501000.0,0.755733438098512,5288533000.0,1939526000.0,2145035000.0,1383739000.0,3349007000.0,99692000.0,-232857000.0,6624065381.64,6551492381.64,34.08537485501388,1.550173117907351,0.23631525037283496,0.6443641384544471,-0.01952732229140024,34.08537485501388,-0.07427587977681145,36.14434339864788,-11.49532379154519,3.415301151745324,0.0,0.4490430526020142,0.0,0.03465365537096961,1.4523844453325374,-0.02724006827602286,792.3523183779905,0.755733438098512,-6.242455167590788,-41.364812241655805,-0.06843451764709536,0.0,-0.26406763089937196,-6.196163644537689,-11.160203357767793,-1.1090403334504833,1.4941914401196976,0.49234302776889,Education & Training Services,Consumer Defensive,ARCE
2021Q2,2021,Q2,2021-05-24,2021-06-30,-20019000.0,256301000.0,8458000.0,-0.34932905229727607,188198000.0,0.7342850788721074,4466587000.0,2095716000.0,1418607000.0,1229697000.0,2370871000.0,86410000.0,-88797000.0,8820014813.7864,8859655813.7864,36.75405121010172,1.1536232096199308,0.07932969849238355,0.1690749128221572,0.002528368929818101,36.75405121010172,-0.009552343924463047,34.412721034199635,-110.14554690277237,4.208592583053429,0.0,0.7881379469968753,0.0,0.05738184434782083,1.0545963761804737,-0.0044819456108209695,138.3987637305842,0.7342850788721074,-2.74664526148638,-1.8068191066651627,-0.059033404718717104,0.0,-0.23042196387606473,-2.69494538989078,-0.8376832732018116,-1.2803226775457073,-0.3867124615926046,0.44739565791989483,Education & Training Services,Consumer Defensive,ARCE
2021Q1,2021,Q1,2021-03-31,2021-03-31,11811000.0,331672000.0,52108000.0,0.2,244547000.0,0.7373157818567742,4632539000.0,2168039000.0,1665988000.0,1234610000.0,2464500000.0,69230000.0,-68778000.0,8303095499.076,8292530499.076,37.763477382383165,1.3494042653145528,0.07550740533431019,0.1613398098465941,0.010735723943430121,37.763477382383165,0.005447780229045695,25.034056233495743,175.74920622885446,3.8297722038561117,0.0,1.2584862054022823,0.0,0.0715961592552162,1.2685601121001775,0.0025495737866427027,-4072.1410000372734,0.7373157818567742,-0.5238095238095237,-0.9436133864491286,-0.4351112966508711,0.0,0.062176413356961675,-0.5120026443002933,-0.04853376182302889,-0.9436133864491286,-0.4351112966508711,0.0,Education & Training Services,Consumer Defensive,ARCE
2020Q4,2020,Q4,2021-04-01,2020-12-31,24203000.0,296537000.0,54766000.0,0.42,230232000.0,0.7764022702057416,4576280000.0,2200884000.0,1679760000.0,980274000.0,2375396000.0,74076000.0,-80589000.0,10611195459.228,10533124459.228,38.217753698687225,1.7135617184583085,0.07568133942853147,0.1573635866315535,0.01147751009731056,38.217753698687225,0.01099694486397284,35.78371487951925,109.60620025645582,4.8213333638792415,0.15270834194108168,0.8950942275500837,0.0003483113673856401,0.06479870112842745,1.6134376715081702,0.005288793517879151,-98.62164096127144,0.7764022702057416,1.857142857142857,-0.42026549962539184,-0.18115593566615124,0.3894252529800484,0.4017595665012634,1.8804933061699651,17.89787102746066,-0.42026549962539184,-0.18115593566615124,0.3894252529800484,Education & Training Services,Consumer Defensive,ARCE
2020Q3,2020,Q3,2020-08-18,2020-09-30,-27488000.0,208730000.0,-3241000.0,-0.49,164245000.0,0.7868777846979351,4035541000.0,2177215000.0,1794582000.0,594945000.0,1858326000.0,52714000.0,-104792000.0,12798865753.380001,12599248753.380001,39.19731749032316,3.016383027002496,0.08108627814709354,0.15029613520024435,-0.0009108434654684959,39.19731749032316,-0.012625303426625299,61.31780651262397,-116.40411955562428,5.878549317995698,0.0,0.8438934628371969,0.0,0.05172292884646693,2.894013732361815,-0.0068114783123254105,1203.1270683756345,0.7868777846979351,-2.6896551724137936,-7.28109139685938,0.08691742365684382,0.0,-0.14341517857142858,-2.692194040876631,-1.0738571623900461,-7.28109139685938,0.08691742365684382,0.0,Education & Training Services,Consumer Defensive,ARCE
2020Q2,2020,Q2,2020-08-28,2020-06-30,16244000.0,234864000.0,43882000.0,0.29,191744000.0,0.8164043872198379,3468783000.0,1630764000.0,1299940000.0,871430000.0,1838019000.0,47175000.0,-77304000.0,12700351293.731998,12839762293.731998,29.681555094463253,1.4917319807672447,0.09464558607442437,0.2013197495161777,0.015881417802320497,29.681555094463253,0.009960975346524696,54.07534272486204,195.46219055854468,7.787976245325503,0.0,0.9140434552199258,0.0,0.06770789640055316,1.4006380317409315,0.004682910404023544,215.15079271102826,0.8164043872198379,3.1428571428571423,-0.32056248285443967,-0.10512349269382544,0.0,-0.013454483713128797,3.2512431300706623,0.09464178806625424,-0.32056248285443967,-0.10512349269382544,0.0,Education & Training Services,Consumer Defensive,ARCE
2020Q1,2020,Q1,2020-06-02,2020-03-31,3821000.0,261579000.0,40088000.0,0.07,194359000.0,0.7430221845025786,3432862000.0,1607538000.0,1277964000.0,674819000.0,1825324000.0,41120000.0,-93548000.0,12185326479.576,12436103479.576,29.260416097853984,1.8937878156957644,0.09431430683785133,0.20140612539174813,0.007509032941295119,29.260416097853984,0.0023769267040654714,46.583733707889394,797.2603035577074,7.580117222470635,0.9672860507720492,1.634727626459144,0.00030331563181297755,0.07619851890346889,1.7806271014894364,0.0011130654247097612,462.8803980845584,0.7430221845025786,-0.9102564102564101,-0.9809374611280886,-0.5344446553052493,0.0,0.010864929526187133,-0.9101258379395507,-0.20893519614807798,-0.9809374611280886,-0.5344446553052493,0.0,Education & Training Services,Consumer Defensive,ARCE
2019Q4,2019,Q4,2020-03-17,2019-12-31,42515000.0,247644000.0,50676000.0,0.78,192270000.0,0.7763967630954112,3161423000.0,1594810000.0,1028572000.0,412176000.0,1566613000.0,40106000.0,-97369000.0,9556750642.296001,9632268642.296001,29.63669813424515,2.4954679554365127,0.03935506257783283,0.07801430891454154,0.031868990664390195,29.63669813424515,0.026658348016378126,38.59068114832583,56.196346244243216,5.992407021711678,0.0,1.3806911684037302,0.0,0.07833307975554046,2.3534655098792747,0.013448058042217065,-57.7272766070432,0.7763967630954112,1.3696682464454975,0.08982054626994602,-0.2681821667809433,0.07745675288292402,2.410009931895573,1.3918938849252438,1.8274848549174572,0.08982054626994602,-0.2681821667809433,0.07745675288292402,Education & Training Services,Consumer Defensive,ARCE
2019Q3,2019,Q3,2019-10-15,2019-09-30,-108486000.0,70572000.0,-61241000.0,-2.11,56384000.0,0.7989570934648302,1531650000.0,1026380000.0,1051127000.0,249946000.0,505270000.0,25175000.0,-140121000.0,10811436763.792002,10832962763.792002,19.98714753076803,4.205416369935906,0.015730747886266445,0.023474736452386055,-0.04101482075257351,19.98714753076803,-0.10569769481088875,153.19725618931022,-24.9143593730804,10.533561413698632,0.0,0.5635749751737835,0.0,0.04607580060718833,4.059756907492019,-0.07082949760062678,484.97002484151983,0.7989570934648302,-5.3061224489795915,-34.35132862652902,-0.6025049621696716,0.0,-0.4953955199169493,-5.2214093933616095,-3.263072318096153,-34.35132862652902,-0.6025049621696716,0.0,Education & Training Services,Consumer Defensive,ARCE
2019Q2,2019,Q2,2019-08-28,2019-06-30,25699000.0,137566000.0,27061000.0,0.49,111739000.0,0.8122573891804661,1500209000.0,1116868000.0,1068740000.0,205949000.0,383341000.0,14598000.0,-31635000.0,8551212622.524,8564707622.524,22.02504486383088,5.189342992682654,0.014681287740574813,0.0197203250518414,0.02141885373324312,22.02504486383088,0.023009881203508383,62.16080007068607,83.18623898326783,7.656421907086603,0.0,1.7692149609535552,0.0,0.09169789009398024,5.056125545644796,0.017130279847674557,173.42444679411048,0.8122573891804661,-0.16949152542372878,0.16464129783006864,-0.43209305246547164,0.0,0.17390162418843108,-0.16672611134528711,-0.3491509933137717,0.16464129783006864,-0.43209305246547164,0.0,Education & Training Services,Consumer Defensive,ARCE
2019Q1,2019,Q1,2019-04-17,2019-03-31,30841000.0,117055000.0,41578000.0,0.59,95186000.0,0.8131732946051001,1405077000.0,1091424000.0,1023675000.0,86071000.0,313653000.0,13768000.0,-57334000.0,6163648097.184,6180933097.184,21.699153047834905,11.893378722217705,0.015402714584325272,0.019829140645615268,0.027190797209453162,21.699153047834905,0.0282575790893365,52.65600014680278,49.96310185454428,5.64734520881344,0.0,1.5883933759442186,0.0,0.08330860159265292,11.679218319759268,0.02194968674314646,191.17422217623522,0.8131732946051001,1.3856209150326797,-0.8319408396059881,-0.7724439195965798,0.0,-0.01963086557079883,1.4039264992862102,0.03368719389404072,-0.8319408396059881,-0.7724439195965798,0.0,Education & Training Services,Consumer Defensive,ARCE
2018Q4,2018,Q4,2019-03-20,2018-12-31,-76353000.0,121009000.0,40223000.0,-1.53,97092000.0,0.8023535439512763,1334878000.0,1070178000.0,988150000.0,57888000.0,264994000.0,15131000.0,-86687000.0,4313680481.6,4326476481.6,21.292413601002764,17.07003178551686,0.0,0.0,0.02408771000844686,21.292413601002764,-0.07134607513890212,35.647600439636726,-14.124135533639805,4.0308065402204125,0.0,1.5806622166413324,0.0,0.09065172997082879,16.70342730790492,-0.05719848555448513,-133.3193374211893,0.8023535439512763,-0.2750000000000001,-3.0954964142001846,-0.6171392387499218,-0.22590381979605195,0.9121632267212857,-0.26550535353200516,1.7506952091226367,-3.0954964142001846,-0.6171392387499218,-0.22590381979605195,Education & Training Services,Consumer Defensive,ARCE
2018Q3,2018,Q3,2018-11-28,2018-09-30,-60334000.0,64902000.0,-53581000.0,-1.2,50776000.0,0.7823487719946997,1274008000.0,1147970000.0,1003172000.0,62896000.0,126280000.0,21482000.0,-9868000.0,4435960066.412,3598358066.4119997,22.84017429020513,15.949694734164336,0.0,0.0,-0.05066228631065925,22.84017429020513,-0.05255712257288953,68.34858812381745,-18.380846895664135,3.8641776931557437,-0.0008287201246395067,0.6575737827017969,1.1271517157827395e-05,0.05094316519205531,15.45425782243704,-0.04735763040734438,246.264368312441,0.7823487719946997,-1.9584664536741214,-19.08724611366019,-0.6265060222048561,0.0,-0.21367733143370396,-5.335584938200633,-3.4364967486699105,-19.08724611366019,-0.6265060222048561,0.0,Education & Training Services,Consumer Defensive,ARCE
2018Q2,2018,Q2,2018-06-30,2018-06-30,13916000.0,81436000.0,21991000.0,1.252,64574000.0,0.7929416965469817,398634000.0,282147000.0,178235000.0,57859000.0,116656000.0,16525000.0,49663000.0,1007758323.2557501,1015514323.2557501,25.393230253932302,3.0805060578302426,0.0,0.0,0.05043879590396732,25.393230253932302,0.049321807426625126,12.374850474676434,18.104310205083177,3.5717492061079863,6.111670020120724,1.020393343419062,0.08439523448958498,0.2042876422984492,2.525415233585095,0.03490921496911954,25.99526203357882,0.7929416965469817,-0.6568462194155971,1.8781799379524304,0.5342992256532961,0.0,-0.264482766476069,-0.6567256222403118,-0.5884532609712735,1.8781799379524304,0.5342992256532961,0.0,Education & Training Services,Consumer Defensive,ARCE
2018Q1,2018,Q1,2018-03-31,2018-03-31,40539000.0,113634000.0,53435000.0,3.64851,87794000.0,0.7726032701480191,,,,,,,,862580546.92975,,,0.0,0.0,0.0,0.0,,0.0,7.5908667030092225,5.319448845122906,0.0,0.0,0.0,0.0,0.0,0.0,0.0,27.43315036509716,0.7726032701480191,4.067375,0.0,0.0,0.0,0.6948648648648649,4.032774674115457,2.418308597748209,0.0,0.0,0.0,Education & Training Services,Consumer Defensive,ARCE
2017Q4,2017,Q4,2017-12-31,2017-12-31,8055000.0,69872000.0,15632000.0,0.72,51800000.0,0.7413556217082665,430409000.0,305624000.0,210040000.0,69674000.0,124674000.0,18820000.0,0.0,864512769.13265,863678769.13265,27.506160275061603,3.014610902201682,0.0,0.0,0.033411374161990796,27.506160275061603,0.02635591445697982,12.37280697751102,26.8315570804671,2.828680892641448,0.0,0.9602550478214665,0.0,0.16233861280781767,2.6393059103826393,0.018714757358698354,-25.85033547028227,0.7413556217082665,13.048192771084338,0.0,0.0,0.0,0.6022765937702991,13.131024096385541,2.0206763285024154,0.0,0.0,0.0,Education & Training Services,Consumer Defensive,ARCE
2017Q3,2017,Q3,2017-09-30,2017-09-30,-664000.0,38415000.0,5175000.0,-0.05976,32329000.0,0.8415723024860081,,,,,,,,830568325.02765,,,0.0,0.0,0.0,0.0,,0.0,21.62093778543928,-312.71397779655496,0.0,-113.0316265060241,0.0,0.09036342675059449,0.0,0.0,0.0,58.64353068048083,0.8415723024860081,-1.1373319544984488,0.0,0.0,0.0,-0.1657678115242691,-1.1373319544984488,-0.5110082207313617,0.0,0.0,0.0,Education & Training Services,Consumer Defensive,ARCE
2017Q2,2017,Q2,2017-06-30,2017-06-30,4835000.0,53077000.0,10583000.0,0.43515,38753000.0,0.7301279273508299,,,,,,,,862371658.04295,,,0.0,0.0,0.0,0.0,,0.0,16.247558415941935,44.59005470749483,0.0,,0.0,,0.0,0.0,0.0,0.0,0.7301279273508299,0.0,0.0,0.0,0.0,0.0,0.0,0.0,0.0,0.0,0.0,Education & Training Services,Consumer Defensive,ARCE
