Year,Date,FillingDate,NetIncome,Revenue,OperatingIncome,EPSDiluted,GrossProfit,GrossProfitRatio,TotalAssets,CommonStockEquity,CurrentAssets,CurrentLiability,TotalLiability,Inventory,RetainedEarnings,EnterpriseValue,bookValuePerShare,currentRatio,debtToAssets,debtToEquity,roic,shareholdersEquityPerShare,roe,priceToSalesRatio,peRatio,pbRatio,payoutRatio,inventoryTurnover,dividendYield,assetTurnover,quickRatio,returnOnAssets,priceToFreeCashFlowsRatio,grossProfitMargin,epsdilutedGrowth,fiveYNetIncomeGrowthPerShare,fiveYRevenueGrowthPerShare,fiveYShareholdersEquityGrowthPerShare,grossProfitGrowth,netIncomeGrowth,operatingIncomeGrowth,threeYNetIncomeGrowthPerShare,threeYRevenueGrowthPerShare,threeYShareholdersEquityGrowthPerShare,Industry,Sector,Price,MarketCap,AvgVolume,Symbol
2022,2022-12-31,2022-12-31,39489000.0,1775427000.0,706401000.0,-1.49,1274901000.0,0.7180813404,5753408000.0,1897430000.0,1872729000.0,1533589000.0,3855978000.0,254060000.0,-199183000.0,5846202310.699999,33.9244783751408,1.2211413879468358,0.3500071609731137,1.061295541864522,0.10298640281505557,33.9244783751408,0.02081183495570324,2.28048143387478,102.5305353566816,2.133848579763153,0.0,1.9701094229709517,0.0,0.30858701486145257,1.0016725472078896,0.006863584157424608,-14.444779325857926,0.7180813404324706,0.5299684542586751,-0.8202386602909034,0.44323983530612726,0.23334111471379562,0.3596522006213293,1.2497991561394963,4.459091646766977,4.859324759407827,1.856700383284821,0.0966038018292202,Education & Training Services,Consumer Defensive,12.66,838260340,88904,ARCE
2021,2021-12-31,2021-12-31,-158083000.0,1232074000.0,129399000.0,-3.17,937667000.0,0.7610476319,5990119000.0,1875234000.0,2046927000.0,1393211000.0,4114885000.0,158582000.0,-238672000.0,7446583818.078,37.73030723727893,1.4692153593389659,0.3129228317500871,0.9995792525092868,0.03105733569157564,37.73030723727893,-0.08430041264183563,4.693940313713299,-36.583831392863246,3.084032082437712,0.0,1.8564969542571035,0.0,0.20568439458381377,1.307111413849015,-0.02639062763193853,-30.943187897688603,0.7610476318792541,-11.566666666666666,-1.4704028237947835,0.7293988749291366,0.7391501907368928,0.20124394680878321,-10.420917759237188,-0.04499059005867375,-0.9405702969501732,2.2703894541272263,0.7720070605571002,Education & Training Services,Consumer Defensive,12.66,838260340,88904,ARCE
2020,2020-12-31,2020-12-31,16780000.0,1001710000.0,135495000.0,0.3,780580000.0,0.7792474868,4576280000.0,2200884000.0,1679760000.0,980274000.0,2375396000.0,74076000.0,-80589000.0,10195927687.498001,39.47207575594533,1.7135617184583085,0.07568133942853147,0.1573635866315535,0.022515702925784552,39.47207575594533,0.007624209181401655,10.256460140657477,612.2764414480334,4.668123666444029,29.70405244338498,2.98517738538798,0.048514119493369555,0.21889176361586266,1.6134376715081702,0.0036667336788832852,-671.5909718589359,0.7792474867975762,2.6666666666666665,-0.9238744427046034,0.7133565287797717,0.0,0.7133801162915762,2.779238680945817,0.05590667155025288,-0.9233772890879859,-0.18318614961213475,0.43502674896185345,Education & Training Services,Consumer Defensive,12.66,838260340,88904,ARCE
2019,2019-12-31,2019-12-31,-9431000.0,572837000.0,128321000.0,-0.18,455579000.0,0.7953030269,3161423000.0,1594810000.0,1028572000.0,412176000.0,1566613000.0,40106000.0,-97369000.0,9230903585.216002,30.93594816883923,2.4954679554365127,0.03935506257783283,0.07801430891454154,0.016304319154183792,30.93594816883923,-0.005913557100845869,15.98253182880296,-970.775695601315,5.740737508051744,-10.346092673099353,2.9237021891986235,0.010657552223421506,0.1811959361338233,2.3534655098792747,-0.0029831503092120227,-148.36626669501527,0.7953030268645357,0.8902439024390244,-1.0462762269362738,0.05973789602779847,0.0,0.5174029763252908,0.8855183296916728,1.0674260488496488,-1.027055907414924,-0.22480841604370788,0.42596930950259443,Education & Training Services,Consumer Defensive,12.66,838260340,88904,ARCE
2018,2018-12-31,2018-12-31,-82380000.0,380981000.0,62068000.0,-1.64,300236000.0,0.7880602969701901,1334878000.0,1070178000.0,988150000.0,57888000.0,264994000.0,15131000.0,-86687000.0,4326476481.6,21.292413601002764,17.07003178551686,0.0,0.0,0.047660062234285615,21.292413601002764,-0.07697784854482151,11.322560656830657,-52.36320079630979,4.0308065402204125,-1.0318038358824957,5.336395479479215,0.019704751050191923,0.28540510818217096,16.70342730790492,-0.061713504904568055,77.21339040220525,0.7880602969701901,-1.4175152749490834,-1.4146067597397702,-0.27708853200464634,0.0,0.6153444704489818,-2.887717690192484,-0.17153192114149948,-1.4146067597397702,-0.27708853200464634,0.0,Education & Training Services,Consumer Defensive,12.66,838260340,88904,ARCE
2017,2017-12-31,2017-12-31,43640000.0,244382000.0,74919000.0,3.928,185865000.0,0.7605511044184924,430409000.0,305624000.0,210040000.0,69674000.0,124674000.0,18820000.0,0.0,863678769.13265,27.506160275061603,3.014610902201682,0.0,0.0,0.16121634091783135,27.506160275061603,0.14278983325916814,3.537546828868943,19.81010011761343,2.828680892641448,1.719821264894592,3.1092986184909672,0.08681537471713612,0.5677901716739194,2.6393059103826393,0.10139193186016092,16.855715048697576,0.7605511044184924,-0.4190732680530229,-0.006488332384746809,1.097609544654736,0.0,0.5758482695470809,-0.41913242556136776,0.5420191417104044,-0.006488332384746809,1.097609544654736,0.0,Education & Training Services,Consumer Defensive,12.66,838260340,88904,ARCE
2016,2016-12-31,2016-12-31,75129000.0,159270000.0,48585000.0,6.76161,117946000.0,0.7405412193131161,322869000.0,241052000.0,162020000.0,50096000.0,81701000.0,12550000.0,0.0,844853658.17455,21.694680216946804,3.2341903545193227,0.0,0.0,0.16151372748646065,21.694680216946804,0.3116713406235999,5.33189965577039,11.303380294886797,3.522939690085749,0.17951789588574318,3.292749003984064,0.01588178856257274,0.4932960426674596,2.8119809964867453,0.23269189671352777,24.915989149269432,0.7405412193131161,0.7103927148548662,0.7103927148548661,0.3670657911677612,0.0,0.3332353672597382,0.7103927148548662,0.16914524978342477,0.7103927148548661,0.3670657911677612,0.0,Education & Training Services,Consumer Defensive,12.66,838260340,88904,ARCE
2015,2015-12-31,2015-12-31,43925000.0,116505000.0,41556000.0,3.95325,88466000.0,0.7593322175013948,,,,,,,,,,0.0,0.0,0.0,0.0,,0.0,8.861035918427964,23.50267477920205,0.0,0.11877063175867957,0.0,0.005053494245845664,0.0,0.0,0.0,54.451974770634,0.7593322175013948,0.0,0.0,0.0,0.0,0.0,0.0,0.0,0.0,0.0,0.0,Education & Training Services,Consumer Defensive,12.66,838260340,88904,ARCE
TTM,,,,,,,,,,,,,,,,5373916965.264,41.71466143695461,1.2570513448664933,0.2867271167821035,0.7115044350992945,0.14779251904276658,41.71466143695461,0.013026527575315841,2.188763346443326,148.9314748290835,1.490016551948736,0.0,2.735214029966476,0.0,0.276151871368734,1.0662233707475088,0.00403177008982335,-21.23611891276352,0.681070427209333,,,,,,,,,,,Education & Training Services,Consumer Defensive,12.66,838260340,88904,ARCE
